1918 3186
302 214 391 245 cir.
421 214 466 245 n.
494 214 546 246 aa
570 211 777 246 mismo.
806 212 898 259 iar.
927 213 973 244 11.
1002 212 1170 251 Quiasr.
1199 211 1470 244 rnoonnssus.
1574 197 1630 243 71

170 290 384 339 adversus
427 299 716 355 protestantes
757 289 1024 337 matrimonii
1058 299 1381 338 sacramentum
1412 307 1467 338 ex
1498 289 1636 338 tradi-

172 366 290 414 tione
328 365 543 414 vindicari
576 365 718 430 possit
752 366 869 426 (39).
902 365 975 412 Sic
1014 366 1146 413 etiam
1191 367 1255 414 lo.
1291 367 1357 414 De
1393 366 1637 415 Laussaulx

173 442 393 490 notionem
432 452 475 488 et
514 441 726 488 rationem
760 451 1008 488 contractus
1042 442 1089 488 in
1117 443 1403 490 matrimonio.
1417 460 1446 490 a
1467 442 1638 490 ratione

170 517 432 565 sacramenti
465 516 734 581 separanda,
763 517 1016 582 opinionem
1039 517 1095 564 de
1117 518 1475 566 contrahentibus
1490 557 1500 575 ,
1526 529 1639 566 tam-

169 610 302 657 quam
330 591 547 639 ministris
574 592 834 639 sacramenti
868 592 1130 657 profluxisse
1162 604 1312 641 censet
1343 611 1397 641 ex
1430 611 1631 649 erronea,

169 678 219 716 ut
242 669 304 716 ait
317 706 328 725 ‚
356 669 594 725 sententia,
614 668 733 733 quod
751 669 1078 716 matrimonium
1100 669 1441 717 christianorum
1465 670 1636 735 absque

168 754 443 792 sacramento
481 744 723 791 consistere
756 754 946 810 nequeat
982 745 1098 807 (40).
1133 746 1354 793 Marianus
1388 746 1640 811 Dohmayer

168 819 289 867 haud
322 819 540 867 dubitavit
571 819 793 866 affirmare
820 820 1108 877 sententiam,
1135 838 1249 885 quae
1271 821 1543 868 sacerdotem
1567 838 1640 869 sa·-

167 895 379 943 eramenti
413 895 683 943 matrimonii
716 895 969 942 ministrum
1003 896 1230 943 constituit
1262 913 1288 943 e
1321 906 1479 944 natura
1522 897 1637 944 sacri

168 971 404 1019 ministerii
428 971 645 1036 profluere
667 971 727 1033 (l.
744 970 920 1027 Conlv,
934 972 1010 1032 1.)
1030 970 1075 1018 vi
1097 971 1224 1018 cui-us
1245 970 1522 1036 dispensatio
1542 989 1641 1036 my-

166 1046 399 1094 steriorum
416 1046 497 1093 Dei
521 1046 659 1094 sacris
682 1045 898 1093 ministris
921 1045 1182 1109 generali-ter
1205 1045 1381 1094 adserta
1396 1056 1486 1103 est,
1508 1063 1536 1093 a
1551 1063 1643 1112 qua

167 1122 278 1169 utin
293 1138 384 1169 uno
402 1121 631 1169 recedatur
646 1132 923 1169 sacramento
938 1160 948 1179 ,
970 1121 1141 1169 nullum
1159 1139 1238 1169 seu
1253 1138 1346 1169 sae.
1370 1123 1635 1188 Scripturae‚

167 1214 248 1246 seu
280 1198 423 1262 prima
454 1197 643 1245 ecclesia
690 1197 1023 1245 fundamentum
1063 1196 1288 1263 praebent⁴
1330 1198 1604 1264 Quapropter
1625 1236 1635 1255 ‚

168 1273 326 1330 infert,
369 1274 421 1321 ob
463 1274 709 1321 traditionis
743 1274 974 1321 dumtaxat
1006 1274 1332 1330 obscuritatem,
1369 1284 1413 1322 et
1444 1274 1640 1322 nondum

168 1348 302 1396 latam
328 1348 385 1396 ab
413 1348 602 1396 ecclesia
635 1348 960 1404 definitionem,
1000 1349 1045 1395 in
1086 1349 1252 1396 scholis
1291 1349 1546 1414 opinionem
1585 1349 1643 1396 de

165 1423 528 1472 contrahentibus
563 1442 653 1489 qua
685 1424 902 1471 ministris
937 1425 1204 1472 matrimonii
1240 1425 1482 1473 invaluisse
1518 1426 1635 1487 (41).

263 1500 353 1549 Nec
385 1500 522 1556 satis'3
560 1517 662 1548 nam
695 1501 851 1548 Sauter
884 1501 995 1548 adeo
1029 1519 1290 1566 progressus
1324 1511 1410 1557 est,
1441 1510 1490 1547 ut
1522 1501 1643 1547 affir-

167 1575 352 1623 maverit
372 1595 395 1620 a
411 1575 500 1625 Eos
518 1575 660 1623 solum
679 1594 768 1624 non
792 1576 941 1624 videre
957 1615 967 1633 ,
989 1595 1122 1641 quam
1141 1578 1288 1642 inepte
1303 1577 1506 1624 minister
1525 1579 1642 1639 (ma-

167 1650 394 1713 aimonii)
435 1662 556 1699 extra
589 1652 863 1700 sacerdotem
903 1663 1139 1717 quaeratur
1174 1652 1294 1718 apud
1327 1669 1441 1717 quos
1474 1662 1642 1699 tantum

165 1726 318 1790 opinio
335 1727 636 1792 praeiudicata
652 1738 810 1794 potest,
823 1739 872 1776 ut
889 1729 1021 1776 etiam
1034 1730 1133 1777 sine
1145 1729 1314 1776 ratione
1328 1728 1474 1776 valeat
1486 1729 1582 1790 (42)
1595 1767 1603 1774 .
1614 1748 1638 1773 »

168 1800 358 1851 Thomas
390 1803 590 1851 Dolliner
617 1822 670 1852 ex
702 1804 1058 1853 dissensionibus
1092 1805 1150 1852 de
1180 1805 1364 1852 materia
1381 1844 1391 1862 ‚
1429 1814 1474 1852 et
1503 1804 1642 1851 forma

171 1874 299 1925 infert
329 1877 429 1927 illos
447 1916 457 1934 ,
492 1879 569 1944 qui
602 1897 682 1944 pro
712 1881 1073 1928 contrahentibus
1097 1891 1145 1928 ut
1165 1881 1382 1928 ministris
1419 1889 1637 1945 pugnant,

172 1950 378 2015 impetam
410 1954 742 2004 fundamentum
777 1956 978 2004 eiusdem
1013 1957 1256 2004 sententiae
1283 1957 1398 2018 (43).
1422 1956 1488 2002 lta
1508 1955 1642 2002 etiam

170 2025 370 2075 Andreas
388 2029 545 2079 null-or
565 2032 682 2094 (44),
701 2049 752 2079 ae
768 2034 936 2080 Bruner
960 2032 1295 2095 bambergensis
1323 2032 1440 2093 (45).
1463 2031 1642 2078 Maurus

169 2118 274 2153 vero
305 2102 445 2167 Hagel
483 2105 711 2170 theologus
747 2109 1037 2172 dillingianus
1073 2119 1251 2156 strenue
1284 2107 1394 2155 adeo
1427 2123 1507 2172 pro
1540 2124 1643 2154 sen-

265 2278 331 2318 (39)
351 2281 387 2311 [ιι
409 2289 464 2319 οι).
490 2280 663 2314 vindiciae
675 2284 944 2322 Dissertationum,
954 2283 998 2315 de
1007 2285 1180 2324 potestate
1201 2283 1363 2316 ecclesiae
1385 2285 1422 2316 in
1443 2282 1639 2316 statuendis

169 2331 383 2363 matrimonii
396 2332 657 2373 impedimentis.
674 2336 697 2366 F
701 2334 821 2375 riburgi
840 2339 928 2368 1787.
946 2345 1016 2376 pag.
1034 2341 1084 2369 39.
1099 2337 1167 2369 not.
1182 2339 1237 2369 37.
1285 2366 1287 2369 ,
1310 2349 1315 2369 ,-

264 2384 332 2424 (40)
354 2385 392 2416 In
404 2394 459 2425 op.
473 2394 574 2426 germ.
592 2387 644 2419 cui
663 2388 777 2420 titulus
791 2388 893 2421 latino
906 2388 1073 2422 idiomate:
1093 2390 1282 2422 consensus
1297 2389 1412 2429 legum
1423 2388 1637 2429 gallicarum

170 2436 213 2469 de
233 2437 485 2478 impedimentis
498 2442 762 2473 matrimonium
774 2450 853 2474 cum
872 2442 975 2475 Verbo
992 2445 1063 2475 Dei.
1073 2443 1316 2475 confluentibus
1329 2444 1362 2474 et
1375 2441 1537 2474 Hadamar
1553 2446 1642 2474 1816.

239 2514 245 2520 .
261 2494 300 2522 39
398 2515 405 2521 .
1311 2498 1314 2502 ’

174 2497 234 2530 pag
265 2498 504 2584 “Segisama
522 2544 714 2586 theoloqiae
727 2546 920 2580 catholicae
933 2548 1012 2580 tom.
1028 2549 1099 2580 vn.
1113 2547 1273 2581 Soiisbaci
1287 2551 1376 2579 1839.
1391 2555 1463 2588 pag.
1474 2549 1535 2580 428
1548 2555 1638 2588 seqq.

266 2595 332 2636 (42)
353 2596 600 2631 Fundamenta
610 2600 699 2632 iuris
709 2599 1021 2633 ecctes.catliol.ed.
1031 2605 1062 2634 ³.
1071 2601 1243 2633 Rotwiuae
1257 2604 1346 2632 1826.
1357 2599 1424 2632 τοι.
1432 2601 1475 2632 11.
1486 2605 1639 2641 pagmo.

174 2697 243 2730 tom
266 2647 463 2735 (fimnhwop.
483 2658 625 2691 german.
649 2652 818 2685 Manuale
837 2654 926 2686 iuris
946 2653 1218 2686 matrimonialis
1232 2650 1326 2694 quod
1340 2654 1434 2694 viqet
1446 2654 1484 2685 iu
1498 2654 1643 2685 austria

267 2752 333 2792 (44)
351 2755 390 2787 ln
404 2763 459 2795 op.
478 2764 578 2796 germ.
591 2758 741 2790 lexicon
759 2759 848 2790 iuris
866 2758 1088 2791 ecclesiastici
1111 2758 1191 2790 tom.
1205 2759 1233 2790 1.
1246 2766 1280 2799 p.
1299 2761 1369 2791 116.
1385 2758 1519 2800 Her-inp.
1537 2763 1625 2791 183⁰.

268 2803 334 2845 (45)
355 2806 392 2838 ln
406 2814 459 2846 op.
467 2815 567 2847 germ.
579 2809 781 2848 Doumatica
790 2810 964 2843 catholica
975 2811 1121 2843 tom-111.
1133 2818 1205 2851 pag.
1217 2813 1275 2844 13⁴
1286 2811 1532 2853 seqq.Franoef.
1548 2815 1636 2843 18²⁹.
