1918 3186
271 223 341 254 xlv
887 218 1133 251 PROOEHlUU.

360 301 429 347 -Ex
461 301 534 346 his
566 314 778 346 errorum
813 299 1058 350 monstris,
1095 313 1215 359 quos
1255 297 1343 343 levi
1383 295 1735 343 adumbratione

268 377 611 439 descripsimuS‚
628 375 759 421 facile
776 383 843 421 est
864 374 1121 436 intelligere
1138 374 1266 435 quod
1285 389 1453 420 munus
1470 388 1559 435 pro
1577 373 1737 419 catho-

266 453 352 499 lica
377 452 584 499 doctrina
616 451 811 504 tuenda,
838 465 1043 513 quasque
1079 459 1232 512 partes
1267 449 1487 496 adversus
1520 449 1736 496 ecclesiae

267 530 422 576 hostes
457 527 773 590 adimplendas
808 525 942 574 nobis
977 542 1075 573 esse
1110 526 1394 574 duxerimus.

358 605 582 651 Tractatio
618 603 731 649 haec
759 611 915 649 nostra
943 604 1155 649 universa
1196 604 1244 648 in
1281 610 1374 648 tres
1411 601 1553 647 veluti
1584 610 1736 664 partes

265 681 502 727 dividitur.
537 681 672 725 Initio
705 679 764 725 de
799 679 937 725 huius
970 679 1241 725 sacramenti
1276 678 1468 724 veritate
1505 677 1736 739 agendum

265 758 352 804 erit
367 792 378 811 ‚
403 764 544 819 prout
568 755 683 803 illud
711 771 735 802 a
760 756 942 802 Christo
965 756 1164 801 Domino
1189 756 1448 801 institutum
1474 754 1612 800 fuisse
1636 769 1736 800 cre-

265 833 434 879 dimus.
469 833 582 878 Tum
614 831 673 877 de
706 832 918 877 ministro
959 830 1276 893 quaerendum
1310 831 1391 892 qui
1427 845 1484 877 ex
1512 830 1733 876 catholica

264 910 486 955 sententia
512 908 571 954 ad
594 907 712 954 illud
735 906 1028 953 efficiendum
1061 908 1336 953 constitutus
1359 922 1457 952 esse
1480 906 1735 953 censendus

264 985 339 1030 sit.
367 983 671 1031 Ostendemus
699 982 868 1029 deinde
899 997 1039 1029 unam
1072 982 1376 1043 eamdemque
1405 983 1455 1027 in
1485 981 1736 1028 christiano

265 1061 480 1122 coniugio
512 1075 610 1106 rem
639 1075 736 1119 esse
765 1067 1104 1105 sacramentum
1143 1058 1274 1120 quod
1307 1057 1359 1104 fit
1393 1066 1439 1104 et
1474 1059 1734 1121 pactionem

264 1144 472 1183 mutuam
502 1150 619 1198 quae
654 1136 702 1180 in
735 1136 838 1198 ipso
866 1134 1132 1188 intercedit;
1160 1143 1297 1196 atque
1322 1149 1374 1180 ea
1398 1135 1545 1197 capita
1571 1149 1628 1180 ex
1650 1133 1736 1180 hac

263 1212 531 1274 quaestione
548 1211 897 1264 concludemus,
917 1210 1087 1273 quibus
1104 1212 1453 1257 matrimonium
1471 1211 1604 1258 civile
1622 1226 1734 1274 qua-

264 1290 333 1335 vis
363 1288 552 1335 demum
594 1287 680 1335 sub
723 1288 872 1350 specie
911 1288 1202 1350 propositum
1237 1288 1421 1349 penitus
1452 1288 1729 1334 reiiciamus.

263 1363 420 1411 Altera
453 1378 560 1426 pars
589 1378 643 1409 ea
672 1364 828 1409 omnia
861 1362 1216 1424 complectetur,
1249 1377 1369 1424 quae
1402 1362 1459 1408 ad
1495 1362 1734 1425 legiferam

264 1438 349 1486 hac
380 1440 429 1484 in
464 1454 514 1485 re
548 1438 762 1485 ecclesiae
792 1446 1065 1500 potestatem
1099 1439 1362 1499 pertinent;
1389 1454 1485 1500 quo
1513 1440 1615 1485 iure
1648 1440 1734 1485 im-

263 1515 524 1577 pedimenta
547 1515 774 1578 quaedam
800 1529 919 1577 quae
941 1515 1287 1561 matrimonium
1322 1517 1503 1561 irritum
1534 1515 1699 1562 faciant
1719 1551 1731 1568 ,

262 1593 530 1646 constituat,
557 1607 647 1653 qua
673 1592 942 1638 auctoritate
959 1590 1117 1644 tollat,
1139 1589 1502 1653 disputabimus;
1532 1607 1615 1638 nec
1637 1607 1732 1639 non

263 1684 378 1730 quas
408 1668 678 1731 sibisspartes
711 1669 823 1714 iuris
856 1667 1060 1714 tribuere
1085 1669 1229 1729 possit
1245 1667 1393 1714 bacin
1414 1683 1465 1714 re
1483 1667 1631 1714 civilis
1648 1684 1735 1731 po-

263 1751 397 1791 testas
417 1779 428 1798 ,
473 1744 652 1805 aliaque
682 1744 730 1789 id
767 1759 910 1805 genus
946 1744 1251 1805 attingemus,
1285 1758 1404 1805 quae
1441 1744 1501 1789 ad
1532 1743 1621 1790 hoc
1657 1760 1732 1791 ar-

262 1828 531 1881 gumentum
555 1821 752 1867 maxime
781 1820 1061 1867 referuntur.
1091 1821 1237 1867 Tertia
1269 1819 1459 1866 tandem
1483 1835 1590 1882 pars
1614 1822 1731 1868 circa

263 1897 589 1959 proprietates,
617 1911 734 1958 quae
764 1898 1109 1943 matrimonium
1141 1905 1303 1943 natura
1328 1912 1474 1943 unum
1499 1905 1635 1960 atque
1659 1899 1731 1943 in·-

263 1972 532 2019 dissolubile
567 1972 775 2019 efficiunt
808 1981 904 2020 tota
935 1973 1221 2020 versabitur:
1254 1989 1350 2035 quo
1382 1975 1431 2020 in
1467 1974 1573 2021 loco
1604 1983 1732 2036 post-

262 2063 401 2109 quam
435 2064 488 2094 ea
519 2049 675 2094 omnia
715 2063 928 2095 errorum
969 2058 1175 2096 monstra
1217 2051 1581 2096 recensuerimus
1613 2064 1731 2111 quae

262 2123 393 2186 lapsu
426 2133 688 2186 temporum
712 2125 799 2171 alia
815 2127 880 2171 'ex
901 2125 1000 2172 aliis
1028 2125 1086 2171 ad
1112 2126 1514 2172 conscelerandam
1548 2125 1730 2172 divinae

262 2199 398 2245 huius
429 2200 725 2246 institutionis
757 2202 1042 2247 sanctitatem
1077 2201 1377 2263 prodierunt,
1410 2202 1727 2263 quaestionem

262 2276 391 2322 illam
424 2275 540 2322 adeo
568 2277 836 2338 exagitatam
863 2277 923 2324 de
946 2279 1228 2324 matrimonii
1262 2278 1563 2324 dissolutione
1595 2277 1728 2324 adul-

262 2353 362 2398 terii
400 2367 557 2398 caussa
589 2353 909 2413 aggrediemur
937 2389 948 2407 ‚
993 2370 1186 2415 eamque
1230 2353 1359 2415 quod
1393 2353 1451 2399 ad
1495 2369 1726 2400 sacrarum

261 2429 517 2474 litterarum
549 2430 807 2475 testimonia
831 2438 1029 2492 spectat,
1058 2430 1117 2475 ad
1140 2430 1488 2476 ecclesiasticam
1515 2429 1726 2476 traditio-

262 2521 366 2551 nem
388 2540 399 2557 ,
436 2514 480 2551 et
517 2505 575 2551 ad
612 2506 844 2552 rationum
882 2514 1116 2552 momenta
1158 2521 1249 2567 qua
1285 2507 1483 2552 maxime
1511 2506 1610 2552 fieri
1639 2522 1726 2568 po-

262 2581 366 2626 terit
389 2580 709 2642 vdisquisitione
737 2580 1036 2627 versabimus.

356 2657 480 2702 Haec
503 2655 642 2703 habui
668 2671 786 2719 quae
814 2655 947 2703 brevi
968 2672 1181 2704 sermone
1205 2660 1585 2721 perstringerem,
1609 2668 1658 2705 ut
1677 2660 1723 2706 in

261 2740 506 2794 conspectu
535 2747 757 2794 ponerem
773 2734 1031 2779 universam
1056 2735 1209 2796 operis
1225 2735 1537 2796 partitionem.
1554 2736 1726 2790 Quem-

261 2808 512 2855 admodum
549 2824 658 2855 vero
693 2811 915 2871 partium,
942 2811 1003 2856 ita
1030 2825 1113 2872 par
1142 2811 1229 2856 erit
1261 2811 1549 2873 singulorum
1578 2811 1723 2858 libro-
