1918 3186
233 231 323 263 CAP.
346 233 387 261 V.
414 231 464 262 ΒΕ
490 231 644 262 mms'r.
667 229 873 261 comum.
897 231 989 261 aar.
1015 231 1059 261 ΙΙ.
1084 229 1239 261 ARGUM.
1264 228 1497 261 TnantrloN.
1546 213 1634 257 149

167 309 286 356 modi
320 309 491 356 adiecta
526 319 649 363 sunt,
694 324 807 372 quae
849 308 1043 370 profecto
1084 306 1138 354 ad
1180 306 1443 354 matrimonii
1485 323 1639 367 essen-

167 385 272 432 tiam
309 402 397 432 non
433 394 650 449 spectant.

265 460 540 524 Quapropter
572 476 672 505 cum
707 475 759 505 ex
795 458 867 504 his
902 457 1176 521 exploratum
1212 459 1272 506 sit
1297 469 1443 522 patres
1468 459 1511 504 in
1538 459 1638 523 ipsa

166 536 360 591 actione,
399 553 490 599 qua
523 535 677 598 sponsi
714 544 916 580 mutuum
942 533 1027 580 sibi
1053 551 1318 581 consensum
1345 534 1557 598 praebent
1583 534 1638 580 de

167 628 403 675 corporum
429 611 688 666 traditione,
718 622 851 658 totam
876 611 1138 657 sacramenti
1163 610 1299 657 huius
1323 611 1534 658 rationem
1560 629 1638 676 po—

168 703 296 742 nere,
337 703 481 751 neque
515 685 635 732 aliud
677 686 966 733 intrinsecum
1002 703 1054 732 ac
1095 685 1333 732 essentiale
1374 686 1635 733 elementum

168 762 417 826 requirere;
458 761 701 808 inferamus
736 779 918 809 necesse
951 773 1045 817 est,
1084 778 1159 808 eos
1195 772 1419 825 spectasse
1458 762 1637 809 eosdem

166 837 475 885 contrahentes
512 848 736 901 tamquam
773 837 906 884 buius
943 837 1207 884 sacramenti
1233 836 1481 894 ministros,
1511 850 1640 903 prout

163 914 478 961 constituimus
514 914 560 959 in
594 913 731 960 altero
765 931 947 961 canone.
987 913 1231 960 Inferamus
1256 924 1482 977 praeterea
1513 932 1640 979 opor-

167 1000 228 1037 tet
251 1007 303 1036 ex
327 990 581 1037 eorumdem
604 990 807 1037 doctrina
830 990 1098 1037 matrimonii
1124 989 1462 1037 celebrationem
1491 1008 1639 1038 coram

168 1066 398 1114 sacerdote
414 1103 424 1121 ,
453 1067 532 1130 qui
552 1066 849 1130 impertiretur
865 1065 1239 1122 benedictionem,
1262 1065 1385 1113 daret
1406 1066 1605 1115 velamen
1625 1106 1633 1123 ‚

165 1142 369 1189 dexteras
405 1142 605 1205 iungeret
637 1153 720 1190 etc.
749 1159 801 1190 eo
836 1152 1085 1206 spectasse,
1123 1152 1172 1189 ut
1205 1142 1311 1189 huic
1335 1143 1451 1190 actui
1484 1143 1641 1191 solem-

167 1218 284 1266 nitas
317 1218 608 1274 adficeretur,
647 1228 690 1265 et
723 1229 770 1265 ut
803 1217 992 1265 ecclesia
1025 1218 1185 1265 certior
1219 1217 1343 1266 fieret
1365 1219 1422 1265 de
1445 1219 1639 1282 legitima

166 1293 495 1341 coniunctione.

264 1370 497 1434 Superest,
526 1380 575 1416 ut
596 1369 900 1433 expendamus
923 1368 1187 1416 documenta
1207 1407 1217 1424 ‚
1248 1387 1362 1434 quae
1386 1370 1515 1418 nobis
1539 1388 1640 1436 sup-

170 1445 366 1509 peditant
397 1444 680 1508 euchologia,
719 1461 771 1491 ac
804 1443 985 1491 rituales
1020 1443 1121 1490 libri
1159 1444 1204 1490 in
1239 1445 1504 1492 matrimonii
1530 1445 1640 1493 cele-

171 1520 385 1568 bratione.

265 1598 398 1643 Porro
421 1595 700 1643 orientalium
726 1607 769 1642 et
791 1613 1046 1659 graecorum
1071 1596 1358 1660 euchologia,
1392 1615 1506 1662 quae
1534 1598 1640 1645 rese-

169 1682 324 1719 runtur
356 1690 383 1719 a
417 1671 573 1720 Goario
612 1673 708 1734 (19)
735 1710 745 1727 ,
784 1689 810 1718 a
843 1673 1055 1720 Martenio
1094 1674 1189 1735 (20)
1216 1711 1225 1729 ,
1263 1684 1307 1721 et
1338 1690 1365 1720 a
1407 1674 1640 1721 Renaudo-

169 1750 230 1796 tio
257 1750 382 1811 (21),
419 1749 658 1796 ostendunt
692 1749 857 1812 pariter
889 1759 1152 1813 apparatum
1188 1749 1311 1796 illum
1348 1749 1639 1797 solemnitatis

267 1920 333 1961 (19)
355 1921 598 1968 Εὖχολογίων,
623 1922 697 1952 sive
725 1919 866 1953 Rituale
895 1928 1112 1962 yraecorum.
1129 1920 1235 1952 Lutet.
1251 1920 1340 1952 Paris
1368 1923 1455 1952 1647.
1475 1918 1636 1959 Officium

167 1986 401 2017 coronationis
416 1993 487 2026 pag.
504 1989 564 2017 385
578 1992 669 2025 seqq.
682 1993 756 2016 cum
771 1984 857 2017 notis
871 1984 1016 2017 adnexis.

265 2037 331 2076 (20)
353 2038 403 2069 De
420 2039 530 2079 antiq.
548 2037 666 2070 eccles.
684 2037 780 2069 ritib.
797 2037 853 2069 lib.
871 2039 897 2070 Ι.
913 2047 984 2079 cap.
1000 2039 1055 2069 IX.
1074 2038 1133 2069 art.
1156 2040 1169 2068 1
1192 2045 1283 2077 seqq.

266 2089 331 2129 (21)
357 2089 554 2129 perpetuu&
572 2089 614 2121 de
637 2089 672 2121 la
686 2088 762 2128 soi,
779 2090 858 2121 tom.
876 2091 916 2122 V.
934 2090 1009 2122 livr.
1026 2091 1081 2121 VI.
1097 2089 1151 2121 cb.
1171 2094 1201 2121 2.

267 2141 359 2179 Quod
374 2141 401 2173 si
414 2141 533 2173 alicubi
556 2141 658 2173 nulla
672 2150 710 2173 ac
724 2144 828 2174 irrita
849 2142 1015 2174 declarata
1035 2143 1110 2174 sunt
1131 2142 1335 2174 matrimonia
1355 2142 1568 2183 clandestina,
1583 2152 1638 2175 seu

167 2194 276 2235 potius
290 2194 360 2226 sine
374 2193 551 2226 sacerdotis
566 2193 787 2225 benedictione
799 2194 898 2234 inita,
913 2195 946 2226 id
960 2204 1000 2226 ex
1010 2195 1165 2235 positiva
1182 2193 1402 2235 disposicione
1419 2203 1474 2226 seu
1501 2195 1568 2235 lege
1591 2199 1639 2227 est

167 2247 302 2286 factum,
314 2247 351 2278 ut
365 2247 453 2287 patet
465 2254 505 2277 ex
517 2246 571 2287 iis,
580 2254 664 2286 quae
677 2245 789 2277 scribit
799 2245 978 2278 Sobriensis
988 2246 1020 2277 in
1029 2247 1177 2287 Epitom.
1185 2254 1307 2278 canon.
1317 2254 1385 2286 par.
1399 2248 1440 2279 ll.
1449 2255 1519 2287 cap.
1529 2249 1571 2279 ll.
1584 2248 1638 2279 ubi

169 2299 266 2331 refert
279 2300 406 2339 patrum
418 2299 556 2337 statuta,
574 2298 607 2329 in
623 2297 742 2338 quibus
762 2298 941 2339 sponsalia
963 2306 1071 2339 aeq-ue
1091 2306 1132 2330 ac
1153 2299 1394 2337 matrimonia,
1413 2308 1495 2340 quae
1517 2302 1640 2340 praeter

168 2351 381 2384 christianum
399 2351 496 2383 ritum
511 2350 634 2391 absque
649 2350 841 2391 presbyteris
852 2352 887 2382 et
897 2350 1032 2382 testibus
1044 2350 1263 2390 celebrantur,
1277 2351 1481 2383 declarantur
1497 2352 1586 2384 irrita
1600 2362 1638 2385 ac

170 2404 269 2436 nulla:
287 2404 404 2437 deinde
412 2412 485 2445 cap.
495 2408 525 2436 3.
536 2403 658 2435 subdit:
672 2403 724 2435 «Si
737 2403 811 2444 quis
822 2403 854 2434 iu
864 2411 901 2435 ea
915 2402 1041 2443 regione
1050 2403 1158 2442 tuerit,
1169 2402 1224 2435 ubi
1234 2403 1343 2435 nullus
1352 2403 1502 2436 sacerdos
1510 2405 1638 2445 existat,

166 2457 312 2498 quinque
323 2459 379 2489 aut
391 2458 533 2498 quatuor
545 2456 587 2488 ad
603 2456 771 2487 minimum
780 2456 915 2488 testibus
928 2455 1092 2496 adhibitis,
1101 2455 1342 2488 matrimonium
1354 2457 1423 2487 tum
1433 2457 1578 2489 contrabi
1592 2457 1640 2490 fas

168 2511 228 2542 eet:
235 2509 418 2542 benedictio
427 2511 535 2541 tamen
545 2518 565 2541 a
576 2508 742 2541 sacerdote
755 2510 864 2550 postea
876 2508 1018 2550 suppleri
1028 2507 1438 2545 debet.»Quemadmodum
1448 2517 1562 2550 nempe
1573 2510 1641 2542 lieri

167 2562 348 2602 consuevit,
364 2560 495 2602 quando
510 2561 543 2592 ln
554 2560 752 2593 necessitatis
760 2569 835 2592 casu
852 2560 885 2592 in
897 2560 1033 2601 privatis
1047 2560 1180 2592 aedibus
1193 2559 1351 2601 baptisma
1364 2560 1639 2601 mntertur,cuius

168 2615 369 2646 ceremoniae
391 2615 503 2655 postea
528 2613 669 2655 suppleri
692 2613 820 2646 debent.
834 2612 886 2645 cs.
902 2618 1134 2645 Asoemanuum
1147 2612 1180 2644 in
1196 2613 1338 2645 Βίτωνι.
1353 2612 1396 2645 de
1409 2615 1497 2654 syris
1510 2615 1636 2646 nestor.

171 2673 243 2706 pag.
259 2667 444 2698 cccxvlll
459 2675 550 2708 seqq.
569 2668 602 2698 tn
616 2675 714 2708 quem
736 2674 867 2698 sensum
893 2665 1110 2697 armeniorum
1130 2665 1308 2698 haereticus
1332 2664 1447 2698 doctor
1466 2666 1639 2707 Gregorius

172 2717 345 2751 Dettiensis
357 2718 391 2750 in
406 2718 462 2751 lib.
474 2721 646 2760 Interroq.
660 2718 704 2751 de
716 2720 870 2750 macr-im.
879 2717 964 2759 apud
975 2717 1077 2750 elem.
1086 2717 1246 2750 Galanum
1258 2718 1339 2750 tom.
1349 2719 1394 2751 11.
1403 2718 1637 2760 pugnatam-i-

172 2770 237 2802 bit:
257 2771 397 2812 «Incipit
411 2771 655 2804 matrimonium
670 2780 726 2812 per
740 2771 919 2812 sponsans,
934 2770 990 2803 sed
1006 2769 1193 2810 conficitur
1213 2779 1278 2813 per
1300 2779 1503 2805 consensum
1526 2771 1640 2805 verbis

174 2830 386 2863 expressum,
400 2822 539 2855 duarum
553 2823 638 2855 enim
651 2823 853 2854 voluntatum
868 2831 1043 2855 consensus
1054 2822 1183 2855 conficit
1198 2823 1456 2863 “ammonium
1475 2824 1638 2865 perficitur
