1918 3186
331 169 420 215 116
599 183 678 214 un.
707 182 735 212 1.
765 180 875 211 sacr.
906 179 935 210 1.
957 180 1008 211 m:
1032 179 1204 213 numu.
1227 179 1504 213 sacmmsnro.

330 258 632 306 abstraherent
649 254 801 301 fideles
819 272 845 301 a
863 254 1238 302 coniunctionibus
1255 254 1540 303 clandestinis
1555 273 1565 311 ;
1586 266 1678 302 tum
1695 274 1789 305 ma-

329 333 395 380 ior
416 331 671 380 solemnitas
690 367 700 385 ‚
721 346 810 393 qua
827 341 1147 377 sacramentum
1170 330 1317 377 ornari
1344 330 1496 386 debet,
1516 330 1572 376 ad
1592 331 1786 378 fidelium

329 406 678 455 contrahentium
702 415 870 452 mentes
894 405 938 451 in
961 405 1100 452 Deum
1123 405 1380 468 erigendas;
1409 405 1647 453 sensilibus
1670 407 1787 453 enim

330 483 471 545 magis
489 482 577 545 ipsi
602 479 919 544 percelluntur,
941 497 992 527 ac
1010 497 1160 527 eorum
1184 480 1294 528 fides
1314 498 1365 527 ac
1383 481 1523 544 pietas
1545 481 1791 528 excitantur

330 557 401 609 his
426 556 564 604 sacris
590 555 767 610 ritibus;
796 564 887 601 tum
920 555 1113 618 denique
1135 555 1191 601 ad
1214 554 1439 603 uberiores
1464 557 1627 618 gratias
1650 574 1677 603 a
1698 557 1791 604 Deo

330 649 465 696 super
493 647 682 695 sponsos
714 629 1030 694 impetrandas.
1052 629 1179 684 Quod
1202 646 1305 677 vero
1327 631 1384 677 ad
1407 631 1528 677 aliud
1551 631 1791 685 incommoe

327 705 433 752 dum
457 705 612 753 attinet
632 722 685 752 ex
707 721 761 751 eo
782 705 1088 767 depromptum
1103 740 1113 759 ,
1141 704 1260 767 quod
1282 704 1354 752 vix
1377 704 1422 750 in
1445 705 1530 753 hac
1552 706 1788 770 hypothesi

327 799 378 829 ac
412 799 469 829 ne
507 782 580 829 vix
615 781 794 846 quidem
828 779 1075 842 dogmatica
1116 779 1172 826 de
1210 790 1481 829 sacramento
1524 781 1788 828 matrimonii

329 857 491 904 veritas
525 857 739 904 adversus
773 854 1015 901 haereticos
1039 853 1208 901 adstrui
1232 870 1284 900 ac
1306 853 1484 900 defendi
1507 866 1680 918 posset,
1708 872 1789 904 nos

328 933 373 978 in
398 932 534 996 priori
558 931 693 978 huius
715 928 1033 977 lucubrationis
1051 929 1194 993 capite
1211 945 1306 976 eam
1325 929 1598 977 adstruxisse
1619 947 1672 977 ac
1694 948 1791 994 pro-

327 1024 549 1070 pugnasse
585 1005 847 1053 confidimus
882 1003 1051 1068 absque
1083 1004 1299 1051 eiusmodi
1332 1004 1558 1061 subsidio,
1594 1006 1790 1053 ostendi-

326 1099 514 1146 musque
557 1082 688 1128 etiam
723 1080 770 1126 in
804 1079 1021 1127 sententia
1052 1079 1108 1126 de
1140 1079 1499 1128 contrahentibus
1537 1081 1754 1130 ministris
1773 1119 1786 1139 ‚

327 1175 416 1221 qua
434 1157 601 1204 ratione
621 1174 674 1203 ex
692 1155 780 1203 illis
798 1156 1070 1203 documentis
1084 1155 1330 1218 dogmatica
1347 1157 1611 1204 sacramenti
1627 1157 1791 1206 veritas

325 1233 466 1280 evinci
480 1232 621 1297 possit
633 1249 684 1279 ac
695 1231 867 1279 debeat.
883 1232 1008 1278 Nunc
1019 1247 1122 1279 vero
1134 1231 1339 1279 addimus
1351 1232 1628 1281 adversarios
1642 1233 1791 1297 potius

324 1309 414 1355 vim
431 1308 793 1356 documentorum
825 1306 1072 1364 infirmare,
1108 1307 1213 1354 dum
1238 1325 1325 1355 non
1348 1308 1630 1356 considerant
1656 1326 1791 1373 posse

325 1383 570 1431 haereticos
589 1393 652 1430 tot
669 1399 721 1429 ac
740 1391 886 1430 tantas
903 1381 1184 1430 difficultates
1202 1400 1424 1447 opponere
1440 1383 1653 1431 adversus
1669 1384 1792 1431 eius-

324 1459 442 1506 modi
476 1458 800 1523 probationem,
827 1468 877 1505 ut
899 1474 1028 1520 aegre
1056 1458 1232 1505 omnino
1255 1458 1344 1506 illis
1369 1459 1577 1506 satisfieri
1611 1471 1785 1524 posset,

327 1535 483 1598 petitas
526 1534 806 1598 potissimum
840 1550 892 1580 ex
926 1533 1134 1581 secundis
1168 1534 1334 1597 nuptiis
1352 1572 1362 1591 ‚
1400 1534 1563 1598 quibus
1596 1535 1789 1599 denega·

323 1610 454 1657 batur
485 1609 733 1657 benedictio
768 1609 1084 1666 sacerdotalis,
1123 1626 1175 1657 ac
1208 1609 1498 1658 nihilominus
1529 1621 1579 1658 ut
1608 1628 1713 1659 vera
1745 1623 1789 1659 et

324 1696 418 1733 rata
460 1685 738 1733 matrimonia
770 1702 823 1733 ac
854 1696 1127 1733 sacramenta
1160 1684 1336 1734 habitae
1371 1696 1499 1742 sunt,
1538 1686 1790 1751 debentque

325 1760 496 1808 haberi.
520 1761 585 1807 Ex
614 1777 703 1824 qua
735 1771 958 1824 postrema
990 1760 1371 1809 animadversione
1403 1761 1567 1825 pariter
1597 1761 1791 1810 concidit

323 1836 571 1883 coniectura
602 1836 824 1883 Benedicti
856 1834 1032 1884 Stattler
1063 1835 1297 1901 desumpta
1319 1853 1372 1883 ex
1394 1827 1566 1883 defectu
1598 1836 1789 1884 vocabu·

323 1910 465 1966 lorum
496 1912 700 1958 materiae
733 1921 776 1958 et
806 1911 967 1975 somnae
1001 1921 1174 1975 patrum
1207 1921 1381 1958 aetate:
1422 1928 1504 1958 nec
1535 1910 1654 1958 enim
1687 1911 1787 1959 heic

323 1987 466 2049 agitur
497 1986 548 2034 de
580 1987 798 2034 vocabulis
816 2023 828 2042 ,
867 1987 947 2035 sed
980 1988 1031 2034 de
1062 2004 1135 2042 re,
1172 1999 1318 2035 utrum
1357 1998 1504 2052 patres
1550 1986 1786 2035 habuerint

324 2072 545 2126 tamquam
577 2080 682 2110 vera
712 2062 992 2110 matrimonia
1014 2079 1066 2110 ac
1089 2063 1273 2127 proinde
1301 2074 1575 2112 sacramenta
1607 2064 1785 2111 coniun-

324 2136 490 2184 ctiones
506 2174 516 2193 ,
554 2137 717 2201 quibus
749 2154 836 2185 non
870 2137 1185 2186 interveniebat
1217 2138 1502 2186 sacerdotalis
1538 2137 1785 2185 benedictio

324 2228 375 2258 ex
399 2211 611 2259 ecclesiae
633 2230 736 2269 usu,
765 2223 842 2260 aut
868 2212 1141 2277 praescripto
1156 2251 1166 2269 ‚
1195 2224 1325 2278 prout
1347 2212 1627 2276 contingebat
1649 2212 1694 2258 in
1719 2229 1787 2259 se-

323 2286 480 2333 cundis
512 2286 881 2352 ulterioribusque
914 2288 1110 2336 fidelium
1143 2289 1326 2353 nuptiis.

418 2361 625 2424 Superest
656 2372 704 2410 ut
737 2363 993 2427 scrupulum
1023 2363 1253 2426 abigamus
1272 2402 1282 2421 ‚
1309 2364 1386 2429 qui
1409 2363 1513 2411 oriri
1534 2362 1708 2410 videtur
1729 2379 1782 2409 ex

324 2435 555 2484 ritualibus
598 2436 829 2485 latinorum
862 2437 986 2485 libris
1002 2476 1012 2495 ‚
1049 2449 1183 2502 atque
1215 2456 1267 2485 ex
1300 2437 1571 2500 euchologiis
1604 2454 1782 2500 graeco-

323 2528 433 2556 rum.
463 2512 557 2559 Etsi
591 2513 707 2560 enim
739 2530 890 2560 verum
924 2513 1059 2566 soret,
1096 2513 1207 2561 haec
1238 2513 1498 2560 documenta
1531 2523 1783 2561 constanter

324 2587 591 2635 sacerdotem
629 2588 836 2637 exhibere
867 2588 1087 2637 connubia
1118 2588 1362 2637 christiana
1394 2589 1668 2652 iungentem‚
1702 2589 1781 2637 be—

324 2661 614 2710 nedictionem
638 2665 742 2712 item
766 2665 1108 2729 impertientem,
1147 2664 1485 2730 fundentemque
1519 2682 1669 2730 preces
1703 2682 1780 2712 su-

326 2753 403 2798 per
437 2737 673 2796 nubentes,
703 2740 741 2787 si
766 2750 911 2788 tamen
945 2740 1026 2789 rite
1058 2758 1111 2788 ea
1145 2750 1489 2805 perscrutemur,
1527 2740 1778 2805 oppositum
