1912 3180
345 156 434 201 378
598 170 678 201 Lm.
708 169 739 199 1.
767 167 880 198 sacr.
911 167 1083 198 uram.
1112 168 1164 198 nn
1199 167 1372 199 mrum.
1408 168 1548 200 civim.

342 248 426 295 isto
461 246 675 311 profano;
698 262 748 292 se
771 244 918 309 prodit
940 262 991 292 ex
1017 245 1168 292 causis
1186 283 1197 301 ,
1220 263 1336 309 quae
1363 245 1644 295 adducuntur
1667 249 1723 295 ad
1752 250 1810 298 le-

338 341 436 386 gem
471 321 585 368 hanc
618 320 997 368 cohonestandam
1028 337 1080 367 ac
1115 321 1482 385 promovendam3
1512 339 1560 369 se
1586 323 1734 388 prodit
1755 342 1808 372 ex

338 398 486 446 animo
520 396 672 444 hostili
706 396 926 444 adversus
951 396 1206 461 religionem
1238 396 1528 455 catholicam,
1563 399 1641 464 qui
1675 399 1810 463 legis-

339 473 498 521 latores
534 474 644 521 istos
679 490 732 521 ac
766 473 954 538 proinde
988 474 1185 521 codicem
1222 474 1454 530 infor-man
1479 492 1529 522 se
1557 475 1704 540 prodit
1736 476 1810 524 de-

337 549 473 614 nique
493 567 546 596 ex
577 549 676 614 ipso
710 549 846 597 huius
882 549 993 613 legis
1031 549 1280 605 schemate,
1310 567 1424 614 quae
1449 551 1689 599 sancienda
1713 570 1809 617 pro-

336 625 529 690 ponitur.
571 625 698 682 Quod
740 625 778 673 si
820 643 971 673 revera
1013 624 1199 689 spiritus
1245 625 1411 673 codicis
1451 626 1562 674 foret
1611 628 1806 691 regulam

336 700 586 765 generalem
622 719 879 766 promovere
902 702 958 748 de
983 700 1222 764 iungendis
1250 702 1418 767 nuptiis
1453 701 1539 749 ritu
1574 703 1801 766 religioso,

335 795 474 842 quare
514 777 647 841 igitur
687 777 759 825 isti
801 777 1081 840 legislatores
1116 794 1272 824 novam
1310 777 1425 825 hanc
1455 779 1596 826 codici
1626 779 1714 826 iam
1739 798 1808 828 re-

334 865 460 920 cepto
494 854 690 902 inserere
724 853 865 917 legem
901 852 1178 918 discupiunt‚
1217 871 1307 918 qua
1343 865 1473 902 antea
1506 854 1581 902 ille
1613 866 1708 903 erat
1730 856 1809 904 de-

335 929 549 978 stitutus?
583 930 628 976 Si
669 929 768 977 talis
808 939 876 976 est
917 928 1100 993 spiritus
1142 929 1309 977 codicis
1343 941 1392 977 ut
1424 941 1622 978 servetur
1655 931 1807 995 regula

334 1006 581 1070 generalis,
625 1023 704 1053 cur
743 1005 863 1051 hunc
905 1005 1077 1052 codicis
1117 1006 1322 1069 spiritum
1362 1006 1596 1054 immutare
1627 1018 1808 1055 conten-

334 1080 492 1128 dunt?
531 1081 687 1128 Sinaut
731 1079 868 1143 igitur
908 1080 1106 1144 regulam
1148 1081 1395 1144 generalem
1435 1099 1692 1147 permanere
1737 1083 1806 1129 in-

333 1167 492 1205 tactam
509 1195 518 1213 ,
541 1167 589 1203 ut
613 1156 806 1222 perfecte
841 1174 895 1204 ac
930 1156 1089 1220 iugiter
1123 1157 1218 1204 sine
1251 1159 1506 1223 exceptione
1534 1159 1625 1206 ulla
1649 1159 1695 1206 in
1719 1178 1806 1207 usu

333 1233 424 1290 sit,
471 1250 523 1280 ac
566 1232 750 1297 spiritus
790 1233 866 1280 ille
901 1244 1099 1281 servetur
1121 1271 1130 1289 ,
1182 1235 1554 1298 quemadmodum
1589 1235 1805 1284 hactenus

334 1308 540 1357 obtin'uit.
568 1309 728 1356 Verum
754 1309 839 1357 hoc
862 1310 963 1374 ipso
998 1309 1117 1374 quod
1153 1310 1344 1356 maxime
1378 1322 1551 1375 optent,
1581 1322 1629 1358 ut
1654 1311 1806 1375 regula

335 1384 412 1432 illa
431 1385 624 1443 decidat,
656 1386 759 1434 ideo
783 1403 946 1433 novum
972 1386 1057 1434 hoc
1081 1387 1428 1450 protestantismi
1453 1387 1680 1435 inventum
1706 1405 1808 1452 pro-

397 1471 521 1508 nunt.

337 1477 394 1526 P⁰
428 1536 653 1584 Postrema
680 1554 786 1602 pars
810 1554 911 1584 cum
936 1536 1082 1600 priore
1105 1547 1310 1584 conserta
1343 1538 1505 1584 asserit
1528 1537 1613 1586 hac
1637 1539 1684 1585 in
1709 1539 1806 1603 lege

332 1629 421 1660 non
456 1612 527 1676 agi
564 1613 651 1660 nisi
680 1613 737 1660 de
760 1613 952 1678 quadam
987 1613 1268 1678 exceptione;
1297 1624 1342 1661 at
1365 1614 1449 1662 hoc
1477 1625 1545 1661 est
1570 1615 1800 1678 effugium,

330 1705 420 1753 quo
454 1706 503 1736 se
537 1700 770 1752 contegere
801 1689 987 1744 vellent,
1027 1689 1102 1754 qui
1137 1689 1279 1752 legem
1314 1701 1658 1755 proposuerunt,
1697 1691 1804 1756 quia

329 1764 376 1811 in
411 1781 458 1812 re
491 1765 602 1811 tanti
637 1765 847 1813 momenti
882 1775 1015 1829 atque
1048 1764 1174 1812 aleae
1207 1765 1338 1830 plena
1373 1765 1620 1814 debuerunt
1649 1767 1804 1814 timide

331 1851 551 1905 cauteque
585 1840 815 1897 incedere,
845 1851 894 1906 ut
916 1840 986 1888 lex
1010 1840 1311 1905 adoptaretur.
1336 1841 1562 1899 Ceterum,
1592 1843 1632 1890 si
1657 1843 1805 1908 reipsa

328 1934 416 1965 non
435 1927 639 1980 ageretur
663 1916 750 1964 nisi
774 1917 830 1964 de
854 1916 1048 1982 quadam
1067 1917 1342 1981 exceptione,
1366 1935 1505 1982 quare
1524 1917 1805 1971 adducuntur

329 1993 386 2041 ad
405 1993 684 2041 statuendam
704 1993 846 2058 legem
866 2011 1043 2050 causae,
1062 2011 1178 2058 quae
1195 1994 1424 2057 generales
1446 2005 1548 2042 sunt
1565 2012 1617 2042 ac
1634 1995 1805 2043 univer-

329 2069 465 2127 sales,
494 2070 745 2118 cuiusmodi
771 2081 892 2127 sunt,
922 2070 1275 2135 quasnhactenus
1299 2070 1609 2134 expendimus,
1631 2081 1674 2118 et
1691 2088 1804 2136 quas

326 2164 428 2194 mox
451 2146 583 2194 etiam
608 2146 911 2211 expendemus
927 2185 936 2203 ,
966 2146 1122 2211 quales
1147 2163 1216 2194 ex.
1240 2164 1307 2209 gr.
1327 2158 1432 2193 sunt
1461 2147 1804 2212 independentia

328 2239 381 2269 ac
398 2223 655 2270 autonomia
673 2223 904 2288 potestatis
923 2222 1086 2279 civilis,
1103 2222 1285 2270 libertas
1303 2222 1617 2278 conscientiae,
1632 2223 1805 2286 exigen-

328 2299 389 2346 tia
424 2299 580 2347 horum
618 2310 889 2364 temporum,
919 2299 1125 2364 aliaeque
1159 2299 1410 2347 eiusmodi?
1433 2299 1526 2346 Hae
1551 2298 1799 2363 siquidem,

329 2375 366 2422 si
404 2376 511 2441 quid
544 2375 768 2432 valerent,
801 2394 890 2423 non
925 2394 1004 2441 pro
1041 2376 1136 2423 sola
1169 2375 1426 2440 exceptione
1456 2375 1685 2431 valerent,
1725 2376 1804 2422 sed

328 2469 406 2516 pro
425 2452 644 2517 principio
669 2462 711 2499 et
734 2470 820 2499 usu
844 2452 1059 2516 generali.
1088 2452 1285 2508 Deinde,
1315 2451 1355 2498 si
1379 2451 1436 2497 de
1469 2450 1600 2497 unica
1634 2461 1803 2498 tantum

328 2528 586 2592 exceptione
622 2545 694 2575 res
735 2539 892 2585 esset,
932 2528 1089 2575 saltem
1135 2527 1299 2575 alicubi
1334 2527 1419 2575 hoc
1451 2526 1799 2590 exprimeretur;

329 2602 632 2652 insinuaretur
666 2603 823 2652 saltem
850 2605 895 2652 in
920 2604 1032 2668 legis
1068 2604 1260 2652 decursu
1294 2602 1543 2651 adhortatio
1571 2602 1724 2667 aliqua
1747 2602 1804 2650 ad

330 2677 462 2724 ritum
505 2680 760 2743 religiosum
779 2719 789 2737 ‚
838 2681 913 2746 qui
959 2681 1150 2728 maxime
1195 2681 1308 2745 ipsis
1352 2678 1473 2727 cordi
1516 2689 1609 2734 est,
1655 2680 1694 2726 si
1738 2679 1803 2727 eis

330 2753 633 2803 auscultemus
657 2795 666 2812 ‚
716 2757 1120 2822 frequentandum,
1160 2775 1239 2803 seu
1286 2754 1556 2818 iungendum
1599 2755 1803 2803 civilibus
