1912 3180
664 310 904 354 snc'rlo
938 311 981 352 A
991 310 1160 355 LTER
1169 312 1213 353 A

514 446 607 503 DE
646 447 1093 505 MATRIMONIO
1141 447 1372 505 CIVILI.

434 631 554 678 CAP.
585 633 766 680 l.—1›n
799 649 1046 681 mmmmm
1085 648 1232 680 civius
1269 648 1447 680 mrum.

209 760 311 808 ART.
342 761 376 807 l.
444 761 770 809 Matrimonium
794 762 927 810 civile
943 801 953 819 ,
984 762 1059 810 ubi
1088 763 1361 827 publicatum
1386 774 1454 811 est
1470 764 1548 810 tri-

502 837 731 884 dentinum
750 838 1006 894 concilium,
1031 848 1187 886 natura
1211 856 1293 886 sua
1317 839 1456 903 turpis
1481 849 1549 885 est

502 914 845 971 concubinatus,
868 925 913 962 et
929 915 1200 980 quicumque
1221 914 1316 964 solo
1344 914 1547 978 coniugio

504 989 623 1037 civili
644 989 758 1036 inter
775 1007 824 1037 se
845 990 1066 1038 coniuncti
1096 990 1230 1037 vitam
1259 1000 1422 1053 agunt,
1451 1006 1551 1054 poe-

491 1066 576 1122 nis
610 1065 666 1112 ab
701 1066 890 1114 ecclesia
912 1065 1015 1114 latis
1039 1076 1190 1114 contra
1218 1065 1417 1130 publicos
1451 1082 1550 1113 con-

503 1141 756 1189 cubinarios
796 1141 971 1189 obnoxii
1006 1152 1111 1189 sunt
1117 1179 1513 1188 ...................
1525 1162 1547 1187 »
1587 1142 1676 1188 205

210 1216 313 1265 Aur.
344 1217 399 1263 ll.
445 1218 771 1266 Matrimonium
817 1218 946 1266 civile
991 1228 1148 1264 natura
1188 1236 1269 1265 sua
1314 1218 1552 1282 opponitur

505 1294 773 1342 matrimonii
797 1293 1028 1342 christiani
1053 1293 1457 1350 indissolubilitati‚
1486 1294 1552 1340 fa-

506 1379 665 1434 vetque
699 1370 886 1417 divortio
900 1407 1512 1417 .............................
1524 1389 1546 1414 »
1586 1370 1677 1416 215

211 1445 314 1493 Aur.
345 1446 423 1492 111.
447 1446 771 1494 Matrimonium
816 1446 946 1494 civile
989 1456 1147 1493 natura
1188 1463 1270 1493 sua
1315 1446 1551 1511 opponitur

505 1522 774 1568 matrimonii
794 1522 1024 1568 christiani
1043 1522 1219 1578 unitati,
1241 1522 1442 1586 favetque
1459 1539 1554 1568 ma-

511 1597 651 1644 teriali
672 1614 723 1644 ac
739 1597 870 1660 legali
899 1597 1176 1662 polygamiae
1184 1633 1516 1644 ................
1527 1617 1549 1642 »
1589 1598 1679 1644 224

212 1672 315 1720 Aur.
345 1673 413 1719 lv,
442 1673 766 1720 Matrimonium
807 1672 937 1719 civile
981 1683 1138 1720 natura
1179 1690 1261 1720 sua
1295 1673 1552 1721 adversatur

507 1749 712 1814 publicae
746 1749 965 1796 honestati
1004 1749 1263 1814 inducitque
1288 1749 1334 1795 in
1358 1760 1552 1814 apertam

508 1843 675 1872 morum
712 1825 1003 1889 corruptelam
1014 1863 1516 1871 ........................
1528 1844 1550 1870 »
1590 1826 1679 1872 233

214 1900 317 1949 Anr.
346 1901 393 1947 V.
439 1901 762 1948 Matrimonium
807 1900 937 1947 civile
977 1911 1132 1947 natura
1179 1918 1262 1948 sua
1307 1900 1447 1948 tendit
1495 1900 1551 1947 ad

509 1977 681 2024 ruinam
719 1976 911 2024 familiae
940 1987 984 2024 et
1014 1977 1238 2025 societatis
1247 2015 1514 2023 .............
1526 1997 1548 2021 »
1589 1977 1671 2023 241

311 2122 430 2169 CAP.
457 2123 512 2169 11.
535 2140 586 2170 m:
611 2140 855 2172 mrmnonn
879 2140 1027 2171 olvms
1053 2139 1220 2172 omem:
1244 2140 1292 2171 m·
1318 2139 1563 2172 rnocnnssu.

215 2265 318 2314 Aur.
349 2266 383 2311 l.
450 2266 600 2329 Neque
625 2265 669 2311 in
693 2265 1017 2321 ecclesiastica,
1039 2282 1183 2329 neque
1208 2265 1253 2311 in
1272 2265 1448 2312 ethnica
1476 2282 1555 2312 an-

510 2341 714 2405 tiquitate
747 2341 1010 2389 matrimonii
1039 2341 1185 2389 civilis
1214 2341 1337 2403 origo
1363 2340 1551 2389 inveniri

512 2426 654 2481 potest
670 2452 1517 2463 ........................................
1530 2436 1551 2460 »
1592 2417 1680 2462 256

217 2494 319 2542 Aur.
350 2494 405 2539 11.
453 2493 597 2539 Prima
614 2492 736 2555 origo
756 2492 1022 2539 matrimonii
1044 2492 1189 2539 civilis
1212 2492 1325 2539 inter
1349 2491 1556 2539 christia-

510 2586 591 2616 nos
615 2586 641 2614 a
666 2568 1022 2632 protestantismo
1049 2568 1286 2633 repetenda
1308 2578 1375 2615 est
1383 2605 1518 2613 .......
1529 2587 1551 2611 »
1591 2569 1681 2613 26Ἶ

218 2645 321 2693 ΑΜ.
350 2646 426 2691 111.
450 2644 713 2692 Matrimonii
738 2643 882 2691 civilis
906 2643 1105 2691 dilatatio
1123 2654 1165 2691 et
1184 2660 1448 2707 progressus
1466 2659 1555 2689 ma-

511 2738 599 2784 gna
624 2737 677 2767 ex
707 2731 829 2784 parte
863 2720 1204 2777 incredulismo,
1235 2719 1558 2768 communismo

510 2808 553 2843 et
586 2796 837 2844 socialismo
868 2796 1053 2843 debetur
1091 2796 1244 2859 eisque
1277 2795 1392 2843 favet
1400 2833 1513 2841 ......
1526 2815 1547 2839 »
1588 2795 1675 2840 279
