<?xml version="1.0" encoding="UTF-8"?>
<!DOCTYPE html PUBLIC "-//W3C//DTD XHTML 1.0 Transitional//EN"
    "http://www.w3.org/TR/xhtml1/DTD/xhtml1-transitional.dtd">
<html xmlns="http://www.w3.org/1999/xhtml" xml:lang="en" lang="en">
 <head>
  <title>
</title>
<meta http-equiv="Content-Type" content="text/html;charset=utf-8" />
  <meta name='ocr-system' content='tesseract 3.04.00' />
  <meta name='ocr-capabilities' content='ocr_page ocr_carea ocr_par ocr_line ocrx_word'/>
</head>
<body>
  <div class='ocr_page' id='page_1' title='image "a603380701perruoft_0052.png"; bbox 0 0 1918 3186; ppageno 0'>
   <div class='ocr_carea' id='block_1_1' title="bbox 277 155 1475 216">
    <p class='ocr_par' dir='ltr' id='par_1_1' title="bbox 277 155 1475 216">
     <span class='ocr_line' id='line_1_1' title="bbox 277 155 1475 216; baseline -0.003 -14"><span class='ocrx_word' id='word_1_1' title='bbox 277 155 337 216; x_wconf 68' lang='lat'><strong>30</strong></span> <span class='ocrx_word' id='word_1_2' title='bbox 541 171 621 206; x_wconf 76' lang='lat' dir='ltr'><strong>un.</strong></span> <span class='ocrx_word' id='word_1_3' title='bbox 650 170 681 201; x_wconf 91' lang='lat'><strong>1.</strong></span> <span class='ocrx_word' id='word_1_4' title='bbox 715 168 827 202; x_wconf 69' lang='lat' dir='ltr'><strong>secr.</strong></span> <span class='ocrx_word' id='word_1_5' title='bbox 858 168 888 198; x_wconf 85' lang='grc' dir='ltr'><strong>ι.</strong></span> <span class='ocrx_word' id='word_1_6' title='bbox 916 167 1166 201; x_wconf 62' lang='grc' dir='ltr'><strong>υειᾼῃιιι.</strong></span> <span class='ocrx_word' id='word_1_7' title='bbox 1194 168 1475 202; x_wconf 67' lang='grc' dir='ltr'><strong>εΑαΜιΕΝτο.</strong></span> 
     </span>
    </p>
   </div>
   <div class='ocr_carea' id='block_1_2' title="bbox 278 246 1776 2140">
    <p class='ocr_par' dir='ltr' id='par_1_2' title="bbox 278 246 1757 1759">
     <span class='ocr_line' id='line_1_2' title="bbox 278 246 1745 312; baseline -0.001 -17"><span class='ocrx_word' id='word_1_8' title='bbox 278 247 551 306; x_wconf 72' lang='lat' dir='ltr'><strong>ostendendo</strong></span> <span class='ocrx_word' id='word_1_9' title='bbox 586 247 751 295; x_wconf 82' lang='lat' dir='ltr'><strong>hahere</strong></span> <span class='ocrx_word' id='word_1_10' title='bbox 782 254 1057 300; x_wconf 79' lang='lat' dir='ltr'><strong>sacramenta</strong></span> <span class='ocrx_word' id='word_1_11' title='bbox 1089 246 1334 299; x_wconf 87' lang='lat' dir='ltr'><strong>efficaciam</strong></span> <span class='ocrx_word' id='word_1_12' title='bbox 1356 263 1384 293; x_wconf 88' lang='lat' dir='ltr'><strong>a</strong></span> <span class='ocrx_word' id='word_1_13' title='bbox 1405 246 1498 294; x_wconf 88' lang='lat' dir='ltr'><strong>Deo</strong></span> <span class='ocrx_word' id='word_1_14' title='bbox 1519 256 1745 312; x_wconf 77' lang='lat' dir='ltr'><strong>tamquam</strong></span> 
     </span>
     <span class='ocr_line' id='line_1_3' title="bbox 278 320 1742 389; baseline 0.001 -18"><span class='ocrx_word' id='word_1_15' title='bbox 278 341 416 379; x_wconf 75' lang='lat' dir='ltr'><strong>causa</strong></span> <span class='ocrx_word' id='word_1_16' title='bbox 430 322 682 389; x_wconf 85' lang='lat' dir='ltr'><strong>principali,</strong></span> <span class='ocrx_word' id='word_1_17' title='bbox 699 320 912 373; x_wconf 84' lang='lat' dir='ltr'><strong>aChristo</strong></span> <span class='ocrx_word' id='word_1_18' title='bbox 928 331 1154 388; x_wconf 80' lang='lat' dir='ltr'><strong>tamquam</strong></span> <span class='ocrx_word' id='word_1_19' title='bbox 1171 340 1199 371; x_wconf 88' lang='lat' dir='ltr'><strong>a</strong></span> <span class='ocrx_word' id='word_1_20' title='bbox 1216 340 1354 373; x_wconf 84' lang='lat' dir='ltr'><strong>causa</strong></span> <span class='ocrx_word' id='word_1_21' title='bbox 1377 323 1604 376; x_wconf 81' lang='lat' dir='ltr'><strong>meritoria</strong></span> <span class='ocrx_word' id='word_1_22' title='bbox 1625 326 1742 387; x_wconf 78' lang='lat'><strong>(87).</strong></span> 
     </span>
     <span class='ocr_line' id='line_1_4' title="bbox 279 397 1740 462; baseline 0 -12"><span class='ocrx_word' id='word_1_23' title='bbox 279 399 544 457; x_wconf 74' lang='lat' dir='ltr'><strong>Nominatim</strong></span> <span class='ocrx_word' id='word_1_24' title='bbox 572 407 719 447; x_wconf 88' lang='lat' dir='ltr'><strong>autem</strong></span> <span class='ocrx_word' id='word_1_25' title='bbox 743 397 865 462; x_wconf 84' lang='lat' dir='ltr'><strong>quod</strong></span> <span class='ocrx_word' id='word_1_26' title='bbox 888 398 1044 449; x_wconf 78' lang='lat' dir='ltr'><strong>attinet</strong></span> <span class='ocrx_word' id='word_1_27' title='bbox 1064 398 1122 446; x_wconf 86' lang='lat' dir='ltr'><strong>ad</strong></span> <span class='ocrx_word' id='word_1_28' title='bbox 1145 399 1474 452; x_wconf 82' lang='lat' dir='ltr'><strong>matrimonium</strong></span> <span class='ocrx_word' id='word_1_29' title='bbox 1489 438 1500 457; x_wconf 89' lang='lat'>‚</span> <span class='ocrx_word' id='word_1_30' title='bbox 1526 399 1631 448; x_wconf 86' lang='lat' dir='ltr'><strong>dist.</strong></span> <span class='ocrx_word' id='word_1_31' title='bbox 1664 401 1740 451; x_wconf 70' lang='lat'><strong>26.</strong></span> 
     </span>
     <span class='ocr_line' id='line_1_5' title="bbox 280 474 1750 541; baseline 0 -16"><span class='ocrx_word' id='word_1_32' title='bbox 280 486 455 541; x_wconf 82' lang='lat' dir='ltr'><strong>quaest.</strong></span> <span class='ocrx_word' id='word_1_33' title='bbox 482 475 615 525; x_wconf 87' lang='lat' dir='ltr'><strong>unica</strong></span> <span class='ocrx_word' id='word_1_34' title='bbox 638 492 684 521; x_wconf 88' lang='lat' dir='ltr'><strong>n.</strong></span> <span class='ocrx_word' id='word_1_35' title='bbox 707 475 786 524; x_wconf 79' lang='lat'><strong>13.</strong></span> <span class='ocrx_word' id='word_1_36' title='bbox 810 475 1036 539; x_wconf 82' lang='lat' dir='ltr'><strong>proposito</strong></span> <span class='ocrx_word' id='word_1_37' title='bbox 1057 474 1194 523; x_wconf 92' lang='lat' dir='ltr'><strong>dubio</strong></span> <span class='ocrx_word' id='word_1_38' title='bbox 1210 513 1220 531; x_wconf 91' lang='lat'>,</span> <span class='ocrx_word' id='word_1_39' title='bbox 1247 486 1296 526; x_wconf 93' lang='lat' dir='ltr'><strong>ut</strong></span> <span class='ocrx_word' id='word_1_40' title='bbox 1319 476 1414 524; x_wconf 87' lang='lat' dir='ltr'><strong>fieri</strong></span> <span class='ocrx_word' id='word_1_41' title='bbox 1438 476 1551 526; x_wconf 84' lang='lat' dir='ltr'><strong>solet</strong></span> <span class='ocrx_word' id='word_1_42' title='bbox 1573 494 1600 524; x_wconf 85' lang='lat' dir='ltr'><strong>a</strong></span> <span class='ocrx_word' id='word_1_43' title='bbox 1623 476 1750 527; x_wconf 83' lang='lat' dir='ltr'><strong>scho—</strong></span> 
     </span>
     <span class='ocr_line' id='line_1_6' title="bbox 278 551 1749 619; baseline 0.001 -20"><span class='ocrx_word' id='word_1_44' title='bbox 278 552 450 608; x_wconf 70' lang='lat' dir='ltr'><strong>lasticis</strong></span> <span class='ocrx_word' id='word_1_45' title='bbox 467 589 478 610; x_wconf 92' lang='lat'>‚</span> <span class='ocrx_word' id='word_1_46' title='bbox 507 562 655 602; x_wconf 88' lang='lat' dir='ltr'><strong>utrum</strong></span> <span class='ocrx_word' id='word_1_47' title='bbox 689 551 1015 605; x_wconf 77' lang='lat' dir='ltr'><strong>matrimonium</strong></span> <span class='ocrx_word' id='word_1_48' title='bbox 1050 552 1109 599; x_wconf 89' lang='lat' dir='ltr'><strong>sit</strong></span> <span class='ocrx_word' id='word_1_49' title='bbox 1143 562 1466 604; x_wconf 78' lang='lat' dir='ltr'><strong>sacramentum</strong></span> <span class='ocrx_word' id='word_1_50' title='bbox 1484 592 1494 610; x_wconf 89' lang='lat'>,</span> <span class='ocrx_word' id='word_1_51' title='bbox 1522 564 1657 619; x_wconf 86' lang='lat' dir='ltr'><strong>atque</strong></span> <span class='ocrx_word' id='word_1_52' title='bbox 1679 570 1749 602; x_wconf 79' lang='lat' dir='ltr'><strong>ex-</strong></span> 
     </span>
     <span class='ocr_line' id='line_1_7' title="bbox 279 626 1750 692; baseline 0.002 -19"><span class='ocrx_word' id='word_1_53' title='bbox 279 627 426 691; x_wconf 72' lang='lat' dir='ltr'><strong>posita</strong></span> <span class='ocrx_word' id='word_1_54' title='bbox 447 636 574 692; x_wconf 84' lang='lat' dir='ltr'><strong>parte</strong></span> <span class='ocrx_word' id='word_1_55' title='bbox 589 637 794 691; x_wconf 77' lang='lat' dir='ltr'><strong>negante,</strong></span> <span class='ocrx_word' id='word_1_56' title='bbox 815 626 876 676; x_wconf 88' lang='lat' dir='ltr'><strong>ita</strong></span> <span class='ocrx_word' id='word_1_57' title='bbox 894 644 1035 691; x_wconf 82' lang='lat' dir='ltr'><strong>resp.:</strong></span> <span class='ocrx_word' id='word_1_58' title='bbox 1055 647 1078 671; x_wconf 86' lang='lat'>«</span> <span class='ocrx_word' id='word_1_59' title='bbox 1091 627 1177 676; x_wconf 89' lang='lat' dir='ltr'><strong>Sed</strong></span> <span class='ocrx_word' id='word_1_60' title='bbox 1194 627 1300 692; x_wconf 89' lang='lat' dir='ltr'><strong>quia</strong></span> <span class='ocrx_word' id='word_1_61' title='bbox 1317 629 1608 679; x_wconf 82' lang='lat' dir='ltr'><strong>communiter</strong></span> <span class='ocrx_word' id='word_1_62' title='bbox 1630 639 1750 679; x_wconf 86' lang='lat' dir='ltr'><strong>tenet</strong></span> 
     </span>
     <span class='ocr_line' id='line_1_8' title="bbox 278 703 1750 769; baseline 0.001 -17"><span class='ocrx_word' id='word_1_63' title='bbox 278 703 467 760; x_wconf 76' lang='lat' dir='ltr'><strong>ecelesia</strong></span> <span class='ocrx_word' id='word_1_64' title='bbox 500 713 823 754; x_wconf 75' lang='lat' dir='ltr'><strong>sacramentum</strong></span> <span class='ocrx_word' id='word_1_65' title='bbox 857 703 1124 756; x_wconf 81' lang='lat' dir='ltr'><strong>matrimonii</strong></span> <span class='ocrx_word' id='word_1_66' title='bbox 1147 720 1248 755; x_wconf 77' lang='lat' dir='ltr'><strong>esse</strong></span> <span class='ocrx_word' id='word_1_67' title='bbox 1273 705 1516 769; x_wconf 75' lang='lat' dir='ltr'><strong>septimum</strong></span> <span class='ocrx_word' id='word_1_68' title='bbox 1540 705 1654 756; x_wconf 87' lang='lat' dir='ltr'><strong>inter</strong></span> <span class='ocrx_word' id='word_1_69' title='bbox 1677 723 1750 754; x_wconf 85' lang='lat' dir='ltr'><strong>ec·</strong></span> 
     </span>
     <span class='ocr_line' id='line_1_9' title="bbox 279 779 1752 837; baseline 0.001 -7"><span class='ocrx_word' id='word_1_70' title='bbox 279 779 530 836; x_wconf 73' lang='lat' dir='ltr'><strong>clesiastica</strong></span> <span class='ocrx_word' id='word_1_71' title='bbox 554 790 830 833; x_wconf 84' lang='lat' dir='ltr'><strong>sacramenta</strong></span> <span class='ocrx_word' id='word_1_72' title='bbox 845 817 855 837; x_wconf 88' lang='lat'><strong><em>‚</em></strong></span> <span class='ocrx_word' id='word_1_73' title='bbox 879 790 923 828; x_wconf 90' lang='lat' dir='ltr'><strong>et</strong></span> <span class='ocrx_word' id='word_1_74' title='bbox 944 780 1001 827; x_wconf 86' lang='lat' dir='ltr'><strong>de</strong></span> <span class='ocrx_word' id='word_1_75' title='bbox 1024 782 1312 831; x_wconf 77' lang='lat' dir='ltr'><strong>sacramentis</strong></span> <span class='ocrx_word' id='word_1_76' title='bbox 1335 781 1550 831; x_wconf 83' lang='lat' dir='ltr'><strong>ecclesiae</strong></span> <span class='ocrx_word' id='word_1_77' title='bbox 1573 799 1662 831; x_wconf 87' lang='lat' dir='ltr'><strong>non</strong></span> <span class='ocrx_word' id='word_1_78' title='bbox 1683 793 1752 831; x_wconf 83' lang='lat' dir='ltr'><strong>est</strong></span> 
     </span>
     <span class='ocr_line' id='line_1_10' title="bbox 278 856 1750 921; baseline 0 -16"><span class='ocrx_word' id='word_1_79' title='bbox 278 856 410 913; x_wconf 83' lang='lat' dir='ltr'><strong>aliter</strong></span> <span class='ocrx_word' id='word_1_80' title='bbox 424 856 722 914; x_wconf 80' lang='lat' dir='ltr'><strong>sentiendum,</strong></span> <span class='ocrx_word' id='word_1_81' title='bbox 750 873 886 921; x_wconf 89' lang='lat' dir='ltr'><strong>quam</strong></span> <span class='ocrx_word' id='word_1_82' title='bbox 912 856 1046 905; x_wconf 88' lang='lat' dir='ltr'><strong>sentit</strong></span> <span class='ocrx_word' id='word_1_83' title='bbox 1067 856 1257 905; x_wconf 85' lang='lat' dir='ltr'><strong>ecclesia</strong></span> <span class='ocrx_word' id='word_1_84' title='bbox 1279 874 1482 915; x_wconf 85' lang='lat' dir='ltr'><strong>romana,</strong></span> <span class='ocrx_word' id='word_1_85' title='bbox 1510 859 1678 919; x_wconf 73' lang='lat' dir='ltr'><strong>(Extra</strong></span> <span class='ocrx_word' id='word_1_86' title='bbox 1699 859 1750 905; x_wconf 84' lang='lat' dir='ltr'><strong>de</strong></span> 
     </span>
     <span class='ocr_line' id='line_1_11' title="bbox 280 932 1749 999; baseline -0.001 -19"><span class='ocrx_word' id='word_1_87' title='bbox 280 934 516 989; x_wconf 58' lang='lat' dir='ltr'><strong>haereticis.</strong></span> <span class='ocrx_word' id='word_1_88' title='bbox 543 933 610 985; x_wconf 75' lang='lat' dir='ltr'><strong>Ad</strong></span> <span class='ocrx_word' id='word_1_89' title='bbox 641 932 929 991; x_wconf 82' lang='lat' dir='ltr'><strong>abolendam),</strong></span> <span class='ocrx_word' id='word_1_90' title='bbox 956 932 1018 980; x_wconf 87' lang='lat' dir='ltr'><strong>ita</strong></span> <span class='ocrx_word' id='word_1_91' title='bbox 1051 932 1139 980; x_wconf 90' lang='lat' dir='ltr'><strong>dici</strong></span> <span class='ocrx_word' id='word_1_92' title='bbox 1174 943 1322 997; x_wconf 82' lang='lat' dir='ltr'><strong>potest</strong></span> <span class='ocrx_word' id='word_1_93' title='bbox 1353 934 1472 999; x_wconf 86' lang='lat' dir='ltr'><strong>quod</strong></span> <span class='ocrx_word' id='word_1_94' title='bbox 1506 935 1749 983; x_wconf 86' lang='lat' dir='ltr'><strong>contractui</strong></span> 
     </span>
     <span class='ocr_line' id='line_1_12' title="bbox 278 1009 1750 1074; baseline 0.001 -17"><span class='ocrx_word' id='word_1_95' title='bbox 278 1009 591 1066; x_wconf 65' lang='lat' dir='ltr'><strong>matrimoniali</strong></span> <span class='ocrx_word' id='word_1_96' title='bbox 633 1009 814 1062; x_wconf 70' lang='lat' dir='ltr'><strong>adnexit.</strong></span> <span class='ocrx_word' id='word_1_97' title='bbox 850 1009 967 1057; x_wconf 74' lang='lat' dir='ltr'><strong>Deus</strong></span> <span class='ocrx_word' id='word_1_98' title='bbox 1011 1019 1335 1061; x_wconf 80' lang='lat' dir='ltr'><strong>sacramentum</strong></span> <span class='ocrx_word' id='word_1_99' title='bbox 1371 1010 1548 1074; x_wconf 90' lang='lat' dir='ltr'><strong>proprie</strong></span> <span class='ocrx_word' id='word_1_100' title='bbox 1581 1010 1750 1059; x_wconf 87' lang='lat' dir='ltr'><strong>dictum</strong></span> 
     </span>
     <span class='ocr_line' id='line_1_13' title="bbox 281 1085 1752 1150; baseline 0.001 -17"><span class='ocrx_word' id='word_1_101' title='bbox 281 1085 438 1141; x_wconf 73' lang='lat' dir='ltr'><strong>saltem</strong></span> <span class='ocrx_word' id='word_1_102' title='bbox 475 1102 557 1150; x_wconf 79' lang='lat' dir='ltr'><strong>pro</strong></span> <span class='ocrx_word' id='word_1_103' title='bbox 590 1085 688 1150; x_wconf 82' lang='lat' dir='ltr'><strong>lage</strong></span> <span class='ocrx_word' id='word_1_104' title='bbox 719 1085 998 1149; x_wconf 79' lang='lat' dir='ltr'><strong>evangelica,</strong></span> <span class='ocrx_word' id='word_1_105' title='bbox 1030 1087 1224 1150; x_wconf 74' lang='lat' dir='ltr'><strong>alioquin</strong></span> <span class='ocrx_word' id='word_1_106' title='bbox 1256 1104 1339 1133; x_wconf 77' lang='lat' dir='ltr'><strong>non</strong></span> <span class='ocrx_word' id='word_1_107' title='bbox 1372 1096 1479 1135; x_wconf 74' lang='lat' dir='ltr'><strong>esset</strong></span> <span class='ocrx_word' id='word_1_108' title='bbox 1510 1105 1752 1135; x_wconf 79' lang='lat' dir='ltr'><strong>sacramen-</strong></span> 
     </span>
     <span class='ocr_line' id='line_1_14' title="bbox 283 1162 1752 1228; baseline 0.001 -19"><span class='ocrx_word' id='word_1_109' title='bbox 283 1173 373 1215; x_wconf 74' lang='lat' dir='ltr'><strong>tum</strong></span> <span class='ocrx_word' id='word_1_110' title='bbox 403 1176 537 1216; x_wconf 74' lang='lat' dir='ltr'><strong>novae</strong></span> <span class='ocrx_word' id='word_1_111' title='bbox 573 1162 704 1226; x_wconf 75' lang='lat' dir='ltr'><strong>leqis,</strong></span> <span class='ocrx_word' id='word_1_112' title='bbox 743 1173 788 1211; x_wconf 82' lang='lat' dir='ltr'><strong>et</strong></span> <span class='ocrx_word' id='word_1_113' title='bbox 819 1173 925 1211; x_wconf 89' lang='lat' dir='ltr'><strong>tunc</strong></span> <span class='ocrx_word' id='word_1_114' title='bbox 957 1163 1327 1227; x_wconf 76' lang='lat' dir='ltr'><strong>oportet‘dicere‚</strong></span> <span class='ocrx_word' id='word_1_115' title='bbox 1355 1163 1476 1228; x_wconf 90' lang='lat' dir='ltr'><strong>quod</strong></span> <span class='ocrx_word' id='word_1_116' title='bbox 1503 1164 1752 1212; x_wconf 87' lang='lat' dir='ltr'><strong>institutum</strong></span> 
     </span>
     <span class='ocr_line' id='line_1_15' title="bbox 280 1237 1747 1304; baseline -0.005 -10"><span class='ocrx_word' id='word_1_117' title='bbox 280 1238 449 1294; x_wconf 69' lang='lat' dir='ltr'><strong>fuerita</strong></span> <span class='ocrx_word' id='word_1_118' title='bbox 459 1237 651 1295; x_wconf 73' lang='lat' dir='ltr'><strong>Christo,</strong></span> <span class='ocrx_word' id='word_1_119' title='bbox 673 1238 788 1290; x_wconf 77' lang='lat' dir='ltr'><strong>sicut</strong></span> <span class='ocrx_word' id='word_1_120' title='bbox 804 1238 1113 1289; x_wconf 82' lang='lat' dir='ltr'><strong>universaliter</strong></span> <span class='ocrx_word' id='word_1_121' title='bbox 1131 1238 1299 1288; x_wconf 85' lang='lat' dir='ltr'><strong>dictum</strong></span> <span class='ocrx_word' id='word_1_122' title='bbox 1315 1250 1385 1288; x_wconf 85' lang='lat' dir='ltr'><strong>est</strong></span> <span class='ocrx_word' id='word_1_123' title='bbox 1401 1247 1538 1304; x_wconf 80' lang='lat' dir='ltr'><strong>&#39;supra</strong></span> <span class='ocrx_word' id='word_1_124' title='bbox 1555 1239 1685 1302; x_wconf 79' lang='lat' dir='ltr'><strong>(dist.</strong></span> <span class='ocrx_word' id='word_1_125' title='bbox 1703 1242 1747 1287; x_wconf 89' lang='lat'><strong>1.</strong></span> 
     </span>
     <span class='ocr_line' id='line_1_16' title="bbox 280 1315 1754 1380; baseline 0.001 -18"><span class='ocrx_word' id='word_1_126' title='bbox 280 1316 385 1369; x_wconf 61' lang='lat' dir='ltr'><strong>etz.</strong></span> <span class='ocrx_word' id='word_1_127' title='bbox 404 1333 455 1380; x_wconf 82' lang='lat' dir='ltr'><strong>q.</strong></span> <span class='ocrx_word' id='word_1_128' title='bbox 476 1317 563 1377; x_wconf 81' lang='lat'><strong>1.)</strong></span> <span class='ocrx_word' id='word_1_129' title='bbox 601 1315 659 1368; x_wconf 75' lang='lat' dir='ltr'><strong>do</strong></span> <span class='ocrx_word' id='word_1_130' title='bbox 691 1317 978 1367; x_wconf 75' lang='lat' dir='ltr'><strong>sacramentis</strong></span> <span class='ocrx_word' id='word_1_131' title='bbox 1012 1315 1227 1365; x_wconf 87' lang='lat' dir='ltr'><strong>ecclesiae</strong></span> <span class='ocrx_word' id='word_1_132' title='bbox 1253 1317 1403 1377; x_wconf 83' lang='lat'><strong>(88).»</strong></span> <span class='ocrx_word' id='word_1_133' title='bbox 1425 1316 1564 1379; x_wconf 81' lang='lat' dir='ltr'><strong>Igitur</strong></span> <span class='ocrx_word' id='word_1_134' title='bbox 1596 1316 1754 1364; x_wconf 83' lang='lat' dir='ltr'><strong>Scotus</strong></span> 
     </span>
     <span class='ocr_line' id='line_1_17' title="bbox 281 1390 1754 1455; baseline -0.003 -11"><span class='ocrx_word' id='word_1_135' title='bbox 281 1407 370 1444; x_wconf 66' lang='lat' dir='ltr'><strong>non</strong></span> <span class='ocrx_word' id='word_1_136' title='bbox 394 1407 525 1443; x_wconf 68' lang='lat' dir='ltr'><strong>secus</strong></span> <span class='ocrx_word' id='word_1_137' title='bbox 549 1407 603 1443; x_wconf 77' lang='lat' dir='ltr'><strong>ao</strong></span> <span class='ocrx_word' id='word_1_138' title='bbox 625 1391 757 1443; x_wconf 73' lang='lat' dir='ltr'><strong>ueteri</strong></span> <span class='ocrx_word' id='word_1_139' title='bbox 781 1408 936 1441; x_wconf 84' lang='lat' dir='ltr'><strong>omnes</strong></span> <span class='ocrx_word' id='word_1_140' title='bbox 961 1390 1190 1455; x_wconf 80' lang='lat' dir='ltr'><strong>professus</strong></span> <span class='ocrx_word' id='word_1_141' title='bbox 1216 1401 1284 1440; x_wconf 90' lang='lat' dir='ltr'><strong>est</strong></span> <span class='ocrx_word' id='word_1_142' title='bbox 1306 1401 1398 1439; x_wconf 90' lang='lat' dir='ltr'><strong>tum</strong></span> <span class='ocrx_word' id='word_1_143' title='bbox 1424 1391 1754 1440; x_wconf 84' lang='lat' dir='ltr'><strong>matrimonium</strong></span> 
     </span>
     <span class='ocr_line' id='line_1_18' title="bbox 280 1466 1756 1530; baseline 0.001 -17"><span class='ocrx_word' id='word_1_144' title='bbox 280 1482 381 1520; x_wconf 71' lang='lat' dir='ltr'><strong>esse</strong></span> <span class='ocrx_word' id='word_1_145' title='bbox 413 1483 515 1519; x_wconf 75' lang='lat' dir='ltr'><strong>vere</strong></span> <span class='ocrx_word' id='word_1_146' title='bbox 550 1477 605 1518; x_wconf 25' lang='lat' dir='ltr'><strong>et.</strong></span> <span class='ocrx_word' id='word_1_147' title='bbox 625 1466 804 1530; x_wconf 82' lang='lat' dir='ltr'><strong>proprie</strong></span> <span class='ocrx_word' id='word_1_148' title='bbox 839 1476 1165 1516; x_wconf 83' lang='lat' dir='ltr'><strong>sacramentum</strong></span> <span class='ocrx_word' id='word_1_149' title='bbox 1199 1484 1225 1513; x_wconf 86' lang='lat' dir='ltr'><strong>a</strong></span> <span class='ocrx_word' id='word_1_150' title='bbox 1259 1466 1435 1515; x_wconf 85' lang='lat' dir='ltr'><strong>Christo</strong></span> <span class='ocrx_word' id='word_1_151' title='bbox 1469 1467 1659 1516; x_wconf 90' lang='lat' dir='ltr'><strong>Domino</strong></span> <span class='ocrx_word' id='word_1_152' title='bbox 1687 1467 1756 1515; x_wconf 67' lang='lat' dir='ltr'><strong>in—</strong></span> 
     </span>
     <span class='ocr_line' id='line_1_19' title="bbox 281 1542 1757 1608; baseline 0.002 -21"><span class='ocrx_word' id='word_1_153' title='bbox 281 1542 480 1597; x_wconf 65' lang='lat' dir='ltr'><strong>stitutum</strong></span> <span class='ocrx_word' id='word_1_154' title='bbox 496 1579 506 1599; x_wconf 92' lang='lat'>‚</span> <span class='ocrx_word' id='word_1_155' title='bbox 543 1543 692 1607; x_wconf 81' lang='lat' dir='ltr'><strong>ipsum</strong></span> <span class='ocrx_word' id='word_1_156' title='bbox 727 1543 914 1606; x_wconf 76' lang='lat' dir='ltr'><strong>gratiam</strong></span> <span class='ocrx_word' id='word_1_157' title='bbox 947 1543 1189 1608; x_wconf 82' lang='lat' dir='ltr'><strong>producere</strong></span> <span class='ocrx_word' id='word_1_158' title='bbox 1223 1560 1364 1607; x_wconf 86' lang='lat' dir='ltr'><strong>aeque</strong></span> <span class='ocrx_word' id='word_1_159' title='bbox 1392 1560 1445 1591; x_wconf 88' lang='lat' dir='ltr'><strong>ac</strong></span> <span class='ocrx_word' id='word_1_160' title='bbox 1478 1554 1757 1593; x_wconf 86' lang='lat' dir='ltr'><strong>sacramenta</strong></span> 
     </span>
     <span class='ocr_line' id='line_1_20' title="bbox 280 1618 1755 1684; baseline -0.003 -13"><span class='ocrx_word' id='word_1_161' title='bbox 280 1618 453 1684; x_wconf 79' lang='lat' dir='ltr'><strong>reliqua</strong></span> <span class='ocrx_word' id='word_1_162' title='bbox 470 1658 480 1676; x_wconf 88' lang='lat'>‚</span> <span class='ocrx_word' id='word_1_163' title='bbox 512 1630 643 1684; x_wconf 84' lang='lat' dir='ltr'><strong>atque</strong></span> <span class='ocrx_word' id='word_1_164' title='bbox 678 1637 756 1683; x_wconf 87' lang='lat' dir='ltr'><strong>per</strong></span> <span class='ocrx_word' id='word_1_165' title='bbox 789 1619 876 1668; x_wconf 89' lang='lat' dir='ltr'><strong>hoc</strong></span> <span class='ocrx_word' id='word_1_166' title='bbox 907 1619 1085 1667; x_wconf 82' lang='lat' dir='ltr'><strong>differre</strong></span> <span class='ocrx_word' id='word_1_167' title='bbox 1119 1638 1146 1668; x_wconf 88' lang='lat' dir='ltr'><strong>a</strong></span> <span class='ocrx_word' id='word_1_168' title='bbox 1180 1621 1470 1668; x_wconf 82' lang='lat' dir='ltr'><strong>sacramentis</strong></span> <span class='ocrx_word' id='word_1_169' title='bbox 1503 1621 1666 1668; x_wconf 83' lang='lat' dir='ltr'><strong>veteris</strong></span> <span class='ocrx_word' id='word_1_170' title='bbox 1693 1620 1755 1667; x_wconf 91' lang='lat' dir='ltr'><strong>le·</strong></span> 
     </span>
     <span class='ocr_line' id='line_1_21' title="bbox 281 1696 489 1759; baseline -0.019 -13"><span class='ocrx_word' id='word_1_171' title='bbox 281 1696 350 1759; x_wconf 74' lang='lat' dir='ltr'><strong>gis</strong></span> <span class='ocrx_word' id='word_1_172' title='bbox 372 1697 489 1758; x_wconf 82' lang='lat'><strong>(89).</strong></span> 
     </span>
    </p>

    <p class='ocr_par' dir='ltr' id='par_1_3' title="bbox 282 1771 1776 2140">
     <span class='ocr_line' id='line_1_22' title="bbox 318 1771 1756 1837; baseline -0.003 -14"><span class='ocrx_word' id='word_1_173' title='bbox 318 1789 333 1807; x_wconf 60' lang='lat'><em>²</em></span> <span class='ocrx_word' id='word_1_174' title='bbox 377 1771 574 1822; x_wconf 76' lang='lat' dir='ltr'><strong>Goacvus</strong></span> <span class='ocrx_word' id='word_1_175' title='bbox 598 1773 742 1829; x_wconf 68' lang='lat' dir='ltr'><strong>Semo,</strong></span> <span class='ocrx_word' id='word_1_176' title='bbox 767 1772 856 1820; x_wconf 89' lang='lat' dir='ltr'><strong>imo</strong></span> <span class='ocrx_word' id='word_1_177' title='bbox 881 1772 1109 1836; x_wconf 87' lang='lat' dir='ltr'><strong>aliquanto</strong></span> <span class='ocrx_word' id='word_1_178' title='bbox 1137 1783 1333 1837; x_wconf 85' lang='lat' dir='ltr'><strong>tempore</strong></span> <span class='ocrx_word' id='word_1_179' title='bbox 1358 1773 1550 1821; x_wconf 86' lang='lat' dir='ltr'><strong>anterior</strong></span> <span class='ocrx_word' id='word_1_180' title='bbox 1575 1772 1659 1820; x_wconf 79' lang='lat' dir='ltr'><strong>fuit</strong></span> <span class='ocrx_word' id='word_1_181' title='bbox 1689 1771 1756 1818; x_wconf 89' lang='lat' dir='ltr'><strong>Ri-</strong></span> 
     </span>
     <span class='ocr_line' id='line_1_23' title="bbox 282 1848 1776 1914; baseline -0.003 -16"><span class='ocrx_word' id='word_1_182' title='bbox 282 1848 476 1898; x_wconf 68' lang='lat' dir='ltr'><strong>ohardus</strong></span> <span class='ocrx_word' id='word_1_183' title='bbox 495 1848 559 1899; x_wconf 80' lang='lat' dir='ltr'><strong>&#39;de</strong></span> <span class='ocrx_word' id='word_1_184' title='bbox 582 1848 834 1897; x_wconf 83' lang='lat' dir='ltr'><strong>Mediavilla</strong></span> <span class='ocrx_word' id='word_1_185' title='bbox 858 1848 912 1897; x_wconf 87' lang='grc' dir='ltr'><strong>Ο.</strong></span> <span class='ocrx_word' id='word_1_186' title='bbox 945 1849 1002 1896; x_wconf 85' lang='grc' dir='ltr'><strong>Μ.</strong></span> <span class='ocrx_word' id='word_1_187' title='bbox 1028 1859 1178 1913; x_wconf 90' lang='lat' dir='ltr'><strong>utpote</strong></span> <span class='ocrx_word' id='word_1_188' title='bbox 1208 1849 1286 1914; x_wconf 85' lang='lat' dir='ltr'><strong>qui</strong></span> <span class='ocrx_word' id='word_1_189' title='bbox 1321 1849 1471 1896; x_wconf 89' lang='lat' dir='ltr'><strong>floruit</strong></span> <span class='ocrx_word' id='word_1_190' title='bbox 1504 1867 1577 1896; x_wconf 90' lang='lat' dir='ltr'><strong>an.</strong></span> <span class='ocrx_word' id='word_1_191' title='bbox 1609 1849 1776 1896; x_wconf 77' lang='lat'><strong>1290.-</strong></span> 
     </span>
     <span class='ocr_line' id='line_1_24' title="bbox 283 1924 1756 1975; baseline -0.002 -1"><span class='ocrx_word' id='word_1_192' title='bbox 283 1924 383 1975; x_wconf 73' lang='lat' dir='ltr'><strong>hmI</strong></span> <span class='ocrx_word' id='word_1_193' title='bbox 408 1940 513 1974; x_wconf 74' lang='lat' dir='ltr'><strong>vem</strong></span> <span class='ocrx_word' id='word_1_194' title='bbox 546 1924 794 1975; x_wconf 81' lang='lat' dir='ltr'><strong>Richardus</strong></span> <span class='ocrx_word' id='word_1_195' title='bbox 818 1925 874 1973; x_wconf 90' lang='lat' dir='ltr'><strong>de</strong></span> <span class='ocrx_word' id='word_1_196' title='bbox 897 1926 1181 1974; x_wconf 87' lang='lat' dir='ltr'><strong>matrimonio</strong></span> <span class='ocrx_word' id='word_1_197' title='bbox 1214 1925 1394 1974; x_wconf 77' lang='lat' dir='ltr'><strong>scribit:</strong></span> <span class='ocrx_word' id='word_1_198' title='bbox 1427 1945 1449 1971; x_wconf 76' lang='lat' dir='ltr'><strong>a</strong></span> <span class='ocrx_word' id='word_1_199' title='bbox 1466 1924 1576 1972; x_wconf 86' lang='lat' dir='ltr'><strong>Ante</strong></span> <span class='ocrx_word' id='word_1_200' title='bbox 1600 1941 1756 1972; x_wconf 86' lang='lat' dir='ltr'><strong>novam</strong></span> 
     </span>
     <span class='ocr_line' id='line_1_25' title="bbox 282 1999 1755 2066; baseline 0.001 -21"><span class='ocrx_word' id='word_1_201' title='bbox 282 1999 422 2065; x_wconf 83' lang='lat' dir='ltr'><strong>legem</strong></span> <span class='ocrx_word' id='word_1_202' title='bbox 458 2001 541 2048; x_wconf 90' lang='lat' dir='ltr'><strong>fuit</strong></span> <span class='ocrx_word' id='word_1_203' title='bbox 574 2000 824 2048; x_wconf 89' lang='lat' dir='ltr'><strong>institutum</strong></span> <span class='ocrx_word' id='word_1_204' title='bbox 844 2040 854 2059; x_wconf 91' lang='lat'>,</span> <span class='ocrx_word' id='word_1_205' title='bbox 881 2013 925 2049; x_wconf 91' lang='lat' dir='ltr'><strong>et</strong></span> <span class='ocrx_word' id='word_1_206' title='bbox 959 2012 1063 2050; x_wconf 89' lang='lat' dir='ltr'><strong>tunc</strong></span> <span class='ocrx_word' id='word_1_207' title='bbox 1097 2002 1282 2066; x_wconf 79' lang='lat' dir='ltr'><strong>gratiam</strong></span> <span class='ocrx_word' id='word_1_208' title='bbox 1317 2013 1489 2066; x_wconf 81' lang='lat' dir='ltr'><strong>gratum</strong></span> <span class='ocrx_word' id='word_1_209' title='bbox 1524 2001 1755 2048; x_wconf 88' lang='lat' dir='ltr'><strong>facientem</strong></span> 
     </span>
     <span class='ocr_line' id='line_1_26' title="bbox 283 2067 1753 2140; baseline -0.002 -15"><span class='ocrx_word' id='word_1_210' title='bbox 283 2067 372 2125; x_wconf 72' lang='lat' dir='ltr'><strong>non</strong></span> <span class='ocrx_word' id='word_1_211' title='bbox 396 2075 674 2134; x_wconf 84' lang='lat' dir='ltr'><strong>conferebat,</strong></span> <span class='ocrx_word' id='word_1_212' title='bbox 706 2087 750 2124; x_wconf 92' lang='lat' dir='ltr'><strong>et</strong></span> <span class='ocrx_word' id='word_1_213' title='bbox 782 2077 828 2124; x_wconf 91' lang='lat' dir='ltr'><strong>in</strong></span> <span class='ocrx_word' id='word_1_214' title='bbox 862 2094 977 2127; x_wconf 81' lang='lat' dir='ltr'><strong>nova</strong></span> <span class='ocrx_word' id='word_1_215' title='bbox 1009 2077 1106 2140; x_wconf 83' lang='lat' dir='ltr'><strong>lege</strong></span> <span class='ocrx_word' id='word_1_216' title='bbox 1139 2095 1227 2126; x_wconf 91' lang='lat' dir='ltr'><strong>non</strong></span> <span class='ocrx_word' id='word_1_217' title='bbox 1263 2089 1330 2125; x_wconf 91' lang='lat' dir='ltr'><strong>est</strong></span> <span class='ocrx_word' id='word_1_218' title='bbox 1362 2087 1647 2132; x_wconf 87' lang='lat' dir='ltr'><strong>evacuatum,</strong></span> <span class='ocrx_word' id='word_1_219' title='bbox 1676 2075 1753 2122; x_wconf 86' lang='lat' dir='ltr'><strong>sed</strong></span> 
     </span>
    </p>
   </div>
   <div class='ocr_carea' id='block_1_3' title="bbox 282 2198 1759 2813">
    <p class='ocr_par' dir='ltr' id='par_1_4' title="bbox 377 2198 1103 2241">
     <span class='ocr_line' id='line_1_27' title="bbox 377 2198 1103 2241; baseline -0.001 -7"><span class='ocrx_word' id='word_1_220' title='bbox 377 2198 444 2240; x_wconf 81' lang='lat'><strong>(87)</strong></span> <span class='ocrx_word' id='word_1_221' title='bbox 466 2202 548 2241; x_wconf 85' lang='lat' dir='ltr'><strong>opp.</strong></span> <span class='ocrx_word' id='word_1_222' title='bbox 569 2200 620 2233; x_wconf 81' lang='lat' dir='ltr'><strong>ed.</strong></span> <span class='ocrx_word' id='word_1_223' title='bbox 638 2201 786 2241; x_wconf 89' lang='lat' dir='ltr'><strong>Lugdun.</strong></span> <span class='ocrx_word' id='word_1_224' title='bbox 809 2205 899 2236; x_wconf 75' lang='lat'><strong>1559.</strong></span> <span class='ocrx_word' id='word_1_225' title='bbox 919 2202 1000 2234; x_wconf 83' lang='lat' dir='ltr'><strong>tom.</strong></span> <span class='ocrx_word' id='word_1_226' title='bbox 1014 2203 1103 2233; x_wconf 82' lang='lat' dir='ltr'><strong>vlu.</strong></span> 
     </span>
    </p>

    <p class='ocr_par' dir='ltr' id='par_1_5' title="bbox 282 2249 1757 2400">
     <span class='ocr_line' id='line_1_28' title="bbox 282 2249 1753 2295; baseline -0.004 -8"><span class='ocrx_word' id='word_1_227' title='bbox 282 2273 287 2276; x_wconf 88' lang='lat'><em>-</em></span> <span class='ocrx_word' id='word_1_228' title='bbox 307 2290 309 2293; x_wconf 61' lang='grc'>,</span> <span class='ocrx_word' id='word_1_229' title='bbox 378 2251 446 2293; x_wconf 78' lang='grc'>(88)</span> <span class='ocrx_word' id='word_1_230' title='bbox 465 2252 549 2285; x_wconf 83' lang='lat' dir='ltr'><strong>Ibid.</strong></span> <span class='ocrx_word' id='word_1_231' title='bbox 567 2253 646 2285; x_wconf 84' lang='lat' dir='ltr'><strong>tom.</strong></span> <span class='ocrx_word' id='word_1_232' title='bbox 662 2254 718 2286; x_wconf 79' lang='lat' dir='ltr'><strong>lx.</strong></span> <span class='ocrx_word' id='word_1_233' title='bbox 730 2255 805 2287; x_wconf 81' lang='lat' dir='ltr'><strong>Ant.</strong></span> <span class='ocrx_word' id='word_1_234' title='bbox 816 2254 982 2295; x_wconf 80' lang='lat' dir='ltr'><strong>Hiquaeus</strong></span> <span class='ocrx_word' id='word_1_235' title='bbox 997 2253 1032 2286; x_wconf 87' lang='lat' dir='ltr'><strong>in</strong></span> <span class='ocrx_word' id='word_1_236' title='bbox 1044 2254 1112 2287; x_wconf 85' lang='lat' dir='ltr'><strong>suis</strong></span> <span class='ocrx_word' id='word_1_237' title='bbox 1126 2253 1397 2291; x_wconf 80' lang='lat' dir='ltr'><strong>illustrationibus</strong></span> <span class='ocrx_word' id='word_1_238' title='bbox 1408 2253 1443 2285; x_wconf 82' lang='lat' dir='ltr'><strong>in</strong></span> <span class='ocrx_word' id='word_1_239' title='bbox 1457 2252 1602 2291; x_wconf 64' lang='lat' dir='ltr'><strong>Scotum,</strong></span> <span class='ocrx_word' id='word_1_240' title='bbox 1618 2249 1753 2282; x_wconf 83' lang='lat' dir='ltr'><strong>adiecit:</strong></span> 
     </span>
     <span class='ocr_line' id='line_1_29' title="bbox 285 2303 1757 2348; baseline -0.003 -9"><span class='ocrx_word' id='word_1_241' title='bbox 285 2317 302 2335; x_wconf 75' lang='grc' dir='ltr'><strong>σι</strong></span> <span class='ocrx_word' id='word_1_242' title='bbox 312 2305 433 2342; x_wconf 76' lang='lat' dir='ltr'><strong>Statuit</strong></span> <span class='ocrx_word' id='word_1_243' title='bbox 445 2304 699 2340; x_wconf 78' lang='lat' dir='ltr'><strong>conclusionem</strong></span> <span class='ocrx_word' id='word_1_244' title='bbox 710 2305 816 2346; x_wconf 82' lang='lat' dir='ltr'><strong>fidei,</strong></span> <span class='ocrx_word' id='word_1_245' title='bbox 837 2315 951 2348; x_wconf 83' lang='lat' dir='ltr'><strong>nempe</strong></span> <span class='ocrx_word' id='word_1_246' title='bbox 966 2307 1210 2340; x_wconf 83' lang='lat' dir='ltr'><strong>matrimonium</strong></span> <span class='ocrx_word' id='word_1_247' title='bbox 1231 2314 1302 2339; x_wconf 81' lang='lat' dir='ltr'><strong>esse</strong></span> <span class='ocrx_word' id='word_1_248' title='bbox 1320 2313 1432 2339; x_wconf 87' lang='lat' dir='ltr'><strong>verum</strong></span> <span class='ocrx_word' id='word_1_249' title='bbox 1450 2303 1687 2337; x_wconf 81' lang='lat' dir='ltr'><strong>sacramentum</strong></span> <span class='ocrx_word' id='word_1_250' title='bbox 1702 2311 1757 2336; x_wconf 85' lang='lat' dir='ltr'><strong>no·</strong></span> 
     </span>
     <span class='ocr_line' id='line_1_30' title="bbox 282 2357 1421 2400; baseline -0.001 -10"><span class='ocrx_word' id='word_1_251' title='bbox 282 2365 343 2391; x_wconf 73' lang='lat' dir='ltr'><strong>vae</strong></span> <span class='ocrx_word' id='word_1_252' title='bbox 356 2357 453 2399; x_wconf 77' lang='lat' dir='ltr'><strong>legis,</strong></span> <span class='ocrx_word' id='word_1_253' title='bbox 469 2366 567 2399; x_wconf 76' lang='lat' dir='ltr'><strong>quam</strong></span> <span class='ocrx_word' id='word_1_254' title='bbox 587 2357 704 2400; x_wconf 79' lang='lat' dir='ltr'><strong>probat</strong></span> <span class='ocrx_word' id='word_1_255' title='bbox 717 2367 761 2391; x_wconf 80' lang='lat' dir='ltr'><strong>ex</strong></span> <span class='ocrx_word' id='word_1_256' title='bbox 776 2367 851 2399; x_wconf 83' lang='lat' dir='ltr'><strong>cap.</strong></span> <span class='ocrx_word' id='word_1_257' title='bbox 863 2358 917 2392; x_wconf 80' lang='lat' dir='ltr'><strong>Ad</strong></span> <span class='ocrx_word' id='word_1_258' title='bbox 931 2358 1150 2396; x_wconf 80' lang='lat' dir='ltr'><strong>abolendam.</strong></span> <span class='ocrx_word' id='word_1_259' title='bbox 1165 2361 1215 2392; x_wconf 78' lang='lat' dir='ltr'><strong>De</strong></span> <span class='ocrx_word' id='word_1_260' title='bbox 1228 2358 1421 2392; x_wconf 72' lang='lat' dir='ltr'><strong>haereticis.</strong></span> 
     </span>
    </p>

    <p class='ocr_par' dir='ltr' id='par_1_6' title="bbox 283 2408 1758 2716">
     <span class='ocr_line' id='line_1_31' title="bbox 380 2408 1757 2451; baseline -0.001 -9"><span class='ocrx_word' id='word_1_261' title='bbox 380 2411 450 2444; x_wconf 85' lang='lat' dir='ltr'><strong>Hoc</strong></span> <span class='ocrx_word' id='word_1_262' title='bbox 468 2411 577 2443; x_wconf 87' lang='lat' dir='ltr'><strong>autem</strong></span> <span class='ocrx_word' id='word_1_263' title='bbox 594 2411 693 2451; x_wconf 85' lang='lat' dir='ltr'><strong>caput</strong></span> <span class='ocrx_word' id='word_1_264' title='bbox 711 2410 751 2443; x_wconf 87' lang='lat' dir='ltr'><strong>de</strong></span> <span class='ocrx_word' id='word_1_265' title='bbox 764 2411 934 2444; x_wconf 81' lang='lat' dir='ltr'><strong>haereticis</strong></span> <span class='ocrx_word' id='word_1_266' title='bbox 947 2411 1061 2444; x_wconf 87' lang='lat' dir='ltr'><strong>datum</strong></span> <span class='ocrx_word' id='word_1_267' title='bbox 1078 2411 1161 2444; x_wconf 81' lang='lat' dir='ltr'><strong>esta</strong></span> <span class='ocrx_word' id='word_1_268' title='bbox 1179 2411 1281 2445; x_wconf 87' lang='lat' dir='ltr'><strong>Lucio</strong></span> <span class='ocrx_word' id='word_1_269' title='bbox 1299 2412 1357 2445; x_wconf 83' lang='lat'><strong>111.</strong></span> <span class='ocrx_word' id='word_1_270' title='bbox 1374 2418 1427 2443; x_wconf 86' lang='lat' dir='ltr'><strong>an.</strong></span> <span class='ocrx_word' id='word_1_271' title='bbox 1445 2413 1534 2443; x_wconf 82' lang='lat'><strong>1181.</strong></span> <span class='ocrx_word' id='word_1_272' title='bbox 1549 2417 1588 2441; x_wconf 86' lang='lat' dir='ltr'><strong>ac</strong></span> <span class='ocrx_word' id='word_1_273' title='bbox 1600 2408 1757 2449; x_wconf 82' lang='lat' dir='ltr'><strong>reperitur</strong></span> 
     </span>
     <span class='ocr_line' id='line_1_32' title="bbox 283 2460 1754 2504; baseline -0.001 -10"><span class='ocrx_word' id='word_1_274' title='bbox 283 2463 318 2495; x_wconf 86' lang='lat' dir='ltr'><strong>in</strong></span> <span class='ocrx_word' id='word_1_275' title='bbox 328 2462 386 2495; x_wconf 86' lang='lat' dir='ltr'><strong>lib.</strong></span> <span class='ocrx_word' id='word_1_276' title='bbox 395 2463 568 2497; x_wconf 79' lang='lat' dir='ltr'><strong>Decret.v.</strong></span> <span class='ocrx_word' id='word_1_277' title='bbox 577 2463 628 2496; x_wconf 87' lang='lat' dir='ltr'><strong>tit.</strong></span> <span class='ocrx_word' id='word_1_278' title='bbox 639 2465 726 2496; x_wconf 81' lang='lat' dir='ltr'><strong>vlu.</strong></span> <span class='ocrx_word' id='word_1_279' title='bbox 736 2465 786 2497; x_wconf 88' lang='lat' dir='ltr'><strong>De</strong></span> <span class='ocrx_word' id='word_1_280' title='bbox 796 2463 977 2496; x_wconf 76' lang='lat' dir='ltr'><strong>haereticis</strong></span> <span class='ocrx_word' id='word_1_281' title='bbox 985 2472 1057 2504; x_wconf 85' lang='lat' dir='ltr'><strong>cap.</strong></span> <span class='ocrx_word' id='word_1_282' title='bbox 1070 2468 1101 2496; x_wconf 82' lang='lat'><strong>9.</strong></span> <span class='ocrx_word' id='word_1_283' title='bbox 1111 2464 1209 2504; x_wconf 77' lang='lat' dir='ltr'><strong>atque</strong></span> <span class='ocrx_word' id='word_1_284' title='bbox 1218 2464 1264 2495; x_wconf 85' lang='lat' dir='ltr'><strong>ita</strong></span> <span class='ocrx_word' id='word_1_285' title='bbox 1273 2471 1307 2495; x_wconf 87' lang='lat' dir='ltr'><strong>se</strong></span> <span class='ocrx_word' id='word_1_286' title='bbox 1316 2462 1428 2495; x_wconf 85' lang='lat' dir='ltr'><strong>habet:</strong></span> <span class='ocrx_word' id='word_1_287' title='bbox 1442 2475 1458 2491; x_wconf 77' lang='grc' dir='ltr'><strong>ιι</strong></span> <span class='ocrx_word' id='word_1_288' title='bbox 1466 2461 1516 2495; x_wconf 84' lang='lat' dir='ltr'><strong>Ad</strong></span> <span class='ocrx_word' id='word_1_289' title='bbox 1525 2460 1754 2494; x_wconf 83' lang='lat' dir='ltr'><strong>abolendam...</strong></span> 
     </span>
     <span class='ocr_line' id='line_1_33' title="bbox 283 2513 1757 2558; baseline -0.002 -9"><span class='ocrx_word' id='word_1_290' title='bbox 283 2515 459 2549; x_wconf 81' lang='lat' dir='ltr'><strong>Universos</strong></span> <span class='ocrx_word' id='word_1_291' title='bbox 479 2516 537 2557; x_wconf 89' lang='lat' dir='ltr'><strong>qui</strong></span> <span class='ocrx_word' id='word_1_292' title='bbox 557 2515 599 2549; x_wconf 86' lang='lat' dir='ltr'><strong>de</strong></span> <span class='ocrx_word' id='word_1_293' title='bbox 617 2517 819 2554; x_wconf 77' lang='lat' dir='ltr'><strong>sacramento</strong></span> <span class='ocrx_word' id='word_1_294' title='bbox 837 2516 983 2558; x_wconf 84' lang='lat' dir='ltr'><strong>corporis</strong></span> <span class='ocrx_word' id='word_1_295' title='bbox 995 2517 1028 2549; x_wconf 87' lang='lat' dir='ltr'><strong>et</strong></span> <span class='ocrx_word' id='word_1_296' title='bbox 1041 2516 1206 2557; x_wconf 76' lang='lat' dir='ltr'><strong>sanguinis</strong></span> <span class='ocrx_word' id='word_1_297' title='bbox 1223 2517 1262 2548; x_wconf 90' lang='lat' dir='ltr'><strong>D.</strong></span> <span class='ocrx_word' id='word_1_298' title='bbox 1275 2517 1313 2548; x_wconf 88' lang='lat' dir='ltr'><strong>N.</strong></span> <span class='ocrx_word' id='word_1_299' title='bbox 1332 2517 1359 2548; x_wconf 91' lang='lat'><strong>1.</strong></span> <span class='ocrx_word' id='word_1_300' title='bbox 1375 2516 1412 2548; x_wconf 82' lang='lat' dir='ltr'><strong>G.</strong></span> <span class='ocrx_word' id='word_1_301' title='bbox 1429 2515 1481 2548; x_wconf 86' lang='lat' dir='ltr'><strong>vel</strong></span> <span class='ocrx_word' id='word_1_302' title='bbox 1497 2513 1538 2547; x_wconf 86' lang='lat' dir='ltr'><strong>de</strong></span> <span class='ocrx_word' id='word_1_303' title='bbox 1552 2514 1757 2555; x_wconf 84' lang='lat' dir='ltr'><strong>baptismate,</strong></span> 
     </span>
     <span class='ocr_line' id='line_1_34' title="bbox 285 2567 1755 2610; baseline -0.001 -9"><span class='ocrx_word' id='word_1_304' title='bbox 285 2576 343 2601; x_wconf 81' lang='lat' dir='ltr'><strong>seu</strong></span> <span class='ocrx_word' id='word_1_305' title='bbox 363 2567 405 2600; x_wconf 81' lang='lat' dir='ltr'><strong>de</strong></span> <span class='ocrx_word' id='word_1_306' title='bbox 425 2569 631 2609; x_wconf 59' lang='lat' dir='ltr'><strong>peccatorum</strong></span> <span class='ocrx_word' id='word_1_307' title='bbox 658 2569 873 2610; x_wconf 78' lang='lat' dir='ltr'><strong>confessione,</strong></span> <span class='ocrx_word' id='word_1_308' title='bbox 904 2569 1132 2609; x_wconf 74' lang='lat' dir='ltr'><strong>matrimonio,</strong></span> <span class='ocrx_word' id='word_1_309' title='bbox 1160 2568 1211 2601; x_wconf 86' lang='lat' dir='ltr'><strong>vel</strong></span> <span class='ocrx_word' id='word_1_310' title='bbox 1241 2567 1377 2609; x_wconf 82' lang='lat' dir='ltr'><strong>reliquis</strong></span> <span class='ocrx_word' id='word_1_311' title='bbox 1403 2567 1628 2600; x_wconf 83' lang='lat' dir='ltr'><strong>ecclesiasticis</strong></span> <span class='ocrx_word' id='word_1_312' title='bbox 1653 2575 1755 2600; x_wconf 78' lang='lat' dir='ltr'><strong>sacra-</strong></span> 
     </span>
     <span class='ocr_line' id='line_1_35' title="bbox 284 2620 1758 2663; baseline -0.001 -9"><span class='ocrx_word' id='word_1_313' title='bbox 284 2621 403 2659; x_wconf 70' lang='lat' dir='ltr'><strong>mentis</strong></span> <span class='ocrx_word' id='word_1_314' title='bbox 426 2621 519 2654; x_wconf 80' lang='lat' dir='ltr'><strong>aliter</strong></span> <span class='ocrx_word' id='word_1_315' title='bbox 543 2622 682 2663; x_wconf 80' lang='lat' dir='ltr'><strong>sentire,</strong></span> <span class='ocrx_word' id='word_1_316' title='bbox 706 2623 764 2661; x_wconf 63' lang='lat' dir='ltr'><strong>aut</strong></span> <span class='ocrx_word' id='word_1_317' title='bbox 783 2621 891 2656; x_wconf 85' lang='lat' dir='ltr'><strong>dicere</strong></span> <span class='ocrx_word' id='word_1_318' title='bbox 915 2631 980 2655; x_wconf 90' lang='lat' dir='ltr'><strong>non</strong></span> <span class='ocrx_word' id='word_1_319' title='bbox 1004 2623 1152 2662; x_wconf 81' lang='lat' dir='ltr'><strong>metunt,</strong></span> <span class='ocrx_word' id='word_1_320' title='bbox 1173 2630 1272 2662; x_wconf 85' lang='lat' dir='ltr'><strong>quam</strong></span> <span class='ocrx_word' id='word_1_321' title='bbox 1292 2621 1497 2654; x_wconf 84' lang='lat' dir='ltr'><strong>sacrosancta</strong></span> <span class='ocrx_word' id='word_1_322' title='bbox 1517 2629 1598 2653; x_wconf 85' lang='lat' dir='ltr'><strong>rom.</strong></span> <span class='ocrx_word' id='word_1_323' title='bbox 1621 2620 1758 2653; x_wconf 86' lang='lat' dir='ltr'><strong>ecclesia</strong></span> 
     </span>
     <span class='ocr_line' id='line_1_36' title="bbox 283 2673 1522 2716; baseline -0.001 -10"><span class='ocrx_word' id='word_1_324' title='bbox 283 2673 450 2715; x_wconf 80' lang='lat' dir='ltr'><strong>praedicat</strong></span> <span class='ocrx_word' id='word_1_325' title='bbox 463 2675 496 2707; x_wconf 86' lang='lat' dir='ltr'><strong>et</strong></span> <span class='ocrx_word' id='word_1_326' title='bbox 509 2674 662 2708; x_wconf 81' lang='lat' dir='ltr'><strong>observat</strong></span> <span class='ocrx_word' id='word_1_327' title='bbox 676 2699 684 2707; x_wconf 93' lang='lat'><strong>.</strong></span> <span class='ocrx_word' id='word_1_328' title='bbox 703 2700 712 2709; x_wconf 89' lang='lat'><strong>.</strong></span> <span class='ocrx_word' id='word_1_329' title='bbox 728 2701 736 2708; x_wconf 91' lang='lat'><strong>.</strong></span> <span class='ocrx_word' id='word_1_330' title='bbox 749 2675 882 2710; x_wconf 84' lang='lat' dir='ltr'><strong>vinculo</strong></span> <span class='ocrx_word' id='word_1_331' title='bbox 896 2675 1043 2716; x_wconf 79' lang='lat' dir='ltr'><strong>perpetui</strong></span> <span class='ocrx_word' id='word_1_332' title='bbox 1063 2674 1277 2709; x_wconf 72' lang='lat' dir='ltr'><strong>anathematis</strong></span> <span class='ocrx_word' id='word_1_333' title='bbox 1294 2673 1522 2707; x_wconf 80' lang='lat' dir='ltr'><strong>innodamus.»</strong></span> 
     </span>
    </p>

    <p class='ocr_par' dir='ltr' id='par_1_7' title="bbox 284 2724 1759 2813">
     <span class='ocr_line' id='line_1_37' title="bbox 382 2724 1759 2767; baseline -0.002 -8"><span class='ocrx_word' id='word_1_334' title='bbox 382 2725 449 2767; x_wconf 81' lang='lat'><strong>(89)</strong></span> <span class='ocrx_word' id='word_1_335' title='bbox 470 2726 594 2760; x_wconf 87' lang='lat' dir='ltr'><strong>Floruit</strong></span> <span class='ocrx_word' id='word_1_336' title='bbox 614 2729 720 2761; x_wconf 86' lang='lat' dir='ltr'><strong>autem</strong></span> <span class='ocrx_word' id='word_1_337' title='bbox 743 2729 858 2763; x_wconf 74' lang='lat' dir='ltr'><strong>scotus</strong></span> <span class='ocrx_word' id='word_1_338' title='bbox 878 2727 939 2761; x_wconf 82' lang='lat' dir='ltr'><strong>sub</strong></span> <span class='ocrx_word' id='word_1_339' title='bbox 961 2727 1058 2762; x_wconf 82' lang='lat' dir='ltr'><strong>finem</strong></span> <span class='ocrx_word' id='word_1_340' title='bbox 1079 2735 1163 2759; x_wconf 83' lang='lat' dir='ltr'><strong>saec.</strong></span> <span class='ocrx_word' id='word_1_341' title='bbox 1186 2727 1273 2760; x_wconf 80' lang='lat' dir='ltr'><strong>x111.</strong></span> <span class='ocrx_word' id='word_1_342' title='bbox 1290 2726 1324 2760; x_wconf 86' lang='lat' dir='ltr'><strong>et</strong></span> <span class='ocrx_word' id='word_1_343' title='bbox 1341 2725 1434 2759; x_wconf 85' lang='lat' dir='ltr'><strong>initio</strong></span> <span class='ocrx_word' id='word_1_344' title='bbox 1456 2734 1539 2759; x_wconf 85' lang='lat' dir='ltr'><strong>saec.</strong></span> <span class='ocrx_word' id='word_1_345' title='bbox 1563 2726 1648 2758; x_wconf 77' lang='lat' dir='ltr'><strong>le.</strong></span> <span class='ocrx_word' id='word_1_346' title='bbox 1671 2724 1759 2757; x_wconf 85' lang='lat' dir='ltr'><strong>obiit</strong></span> 
     </span>
     <span class='ocr_line' id='line_1_38' title="bbox 284 2777 1023 2813; baseline 0.001 -3"><span class='ocrx_word' id='word_1_347' title='bbox 284 2777 372 2811; x_wconf 79' lang='lat' dir='ltr'><strong>enim</strong></span> <span class='ocrx_word' id='word_1_348' title='bbox 388 2778 560 2811; x_wconf 85' lang='lat' dir='ltr'><strong>immatura</strong></span> <span class='ocrx_word' id='word_1_349' title='bbox 579 2780 682 2812; x_wconf 80' lang='lat' dir='ltr'><strong>aetate</strong></span> <span class='ocrx_word' id='word_1_350' title='bbox 697 2779 851 2813; x_wconf 82' lang='lat' dir='ltr'><strong>Coloniae</strong></span> <span class='ocrx_word' id='word_1_351' title='bbox 864 2788 918 2812; x_wconf 86' lang='lat' dir='ltr'><strong>an.</strong></span> <span class='ocrx_word' id='word_1_352' title='bbox 933 2784 1023 2813; x_wconf 81' lang='grc'><strong>1308.</strong></span> 
     </span>
    </p>
   </div>
  </div>
 </body>
</html>
