1912 3180
224 184 314 214 car.
336 182 392 213 iv.
409 182 462 213 ni:
480 180 636 213 Ancum.
654 179 729 211 vno
755 179 858 212 inci:
876 179 928 210 m:
952 178 1078 211 nnn.
1100 177 1184 210 civ.
1207 178 1300 211 Am.
1317 179 1344 210 1.
1452 164 1534 209 351

66 263 268 317 mittant;
303 260 666 326 punitionemque
684 296 695 314 ,
724 268 801 305 aut
822 258 1070 305 molestiam
1101 257 1185 304 hac
1213 256 1271 304 de
1296 273 1434 305 causa
1455 257 1547 304 cui-

63 355 199 402 quam
224 337 438 391 asserant,
468 335 547 382 sed
573 334 720 399 potius
745 343 940 380 tutentur
963 334 1180 382 adversus
1206 333 1541 398 impedimenta,

62 431 181 478 quae
204 413 282 460 alii
307 412 512 460 homines
547 410 692 458 modis
727 409 907 456 iniustis
943 421 1128 473 possent
1154 411 1330 458 afferre.
1359 410 1480 458 Haec
1502 420 1551 468 et,

65 507 154 540 non
189 489 278 537 alia
311 499 380 535 est
413 488 608 552 genuina
644 487 857 534 libertatis
893 488 1173 534 conscientiae
1206 488 1369 544 virtus,
1408 503 1543 552 quam

65 581 195 611 nemo
218 564 264 610 in
288 563 474 610 dubium
501 579 706 610 revocare
733 572 892 626 potest.
925 562 1036 608 Nam
1063 579 1169 625 prae
1193 562 1365 610 iuribus
1399 562 1546 610 omni-

65 640 167 695 bus,
184 639 349 705 quibus
367 640 501 687 homo
518 639 678 686 fruitur
693 648 1026 687 sacrosanctum
1044 648 1113 685 est
1130 638 1256 695 illud,
1274 638 1393 703 quod
1410 638 1547 686 habet

65 716 203 764 libere
221 716 509 764 satisfacendi
529 715 894 779 obligationibus,
916 732 1031 780 quas
1055 714 1095 761 ei
1120 714 1393 762 conscientia
1416 732 1545 780 prae-

66 793 139 840 bet
171 810 223 841 ac
257 793 461 857 imponit.
486 794 561 841 Ius
585 792 705 840 istud
732 791 889 840 violari
921 791 1074 883 nequit
1110 791 1168 839 ab
1202 790 1295 839 ulla
1329 791 1425 855 lege
1458 791 1543 839 sub

69 869 230 934 quovis
264 879 510 934 praetextu.

162 945 335 993 Exinde
371 946 572 1010 sequitur
602 956 862 1010 potestatem
886 945 1062 993 civilem
1088 945 1217 993 toties
1240 944 1438 1008 legibus,
1467 953 1546 990 aut

67 1022 180 1069 actis
215 1022 312 1069 suis
343 1021 520 1069 laedere
552 1021 802 1069 libertatem
829 1021 1128 1069 conscientiae
1145 1059 1155 1077 ,
1182 1020 1358 1086 quoties
1383 1019 1456 1067 his
1480 1017 1545 1066 le-

67 1097 226 1161 gibus,
267 1108 345 1144 aut
378 1098 491 1145 actis
524 1114 578 1144 ex
612 1115 661 1145 se
695 1108 771 1145 aut
804 1116 856 1145 ex
890 1097 1204 1153 consectariis,
1247 1113 1364 1161 quae
1398 1113 1451 1143 ex
1485 1095 1543 1142 iis

71 1185 368 1239 promanant,
419 1175 538 1222 cives
575 1175 621 1221 in
668 1193 722 1223 ea
765 1175 1019 1223 conditione
1064 1174 1317 1230 constituit,
1364 1183 1413 1219 ut
1454 1189 1543 1219 non

72 1252 249 1316 possint
278 1251 408 1316 plene
433 1269 484 1299 ac
509 1251 647 1299 libere
673 1252 930 1300 satisfacere
952 1250 1317 1315 obligationibus,
1339 1266 1453 1314 quas
1477 1249 1544 1296 eis

68 1327 344 1375 conscientia
388 1327 684 1392 praescribit,
724 1344 804 1374 seu
848 1344 937 1375 non
979 1326 1153 1391 possint
1185 1343 1262 1374 eas
1298 1325 1543 1390 adimplere

67 1404 176 1469 quin
219 1404 401 1469 poenis,
441 1403 835 1458 insectationibus,
875 1403 1054 1451 damnis
1089 1413 1166 1450 aut
1197 1402 1414 1450 molestiis
1448 1401 1544 1466 qui—

66 1479 345 1545 buscumque
377 1480 688 1527 subiiciantur.

159 1556 367 1621 Sequitur
401 1566 630 1621 praeterea
662 1573 715 1603 ex
743 1556 848 1604 data
874 1556 1091 1604 libertatis
1125 1555 1426 1604 conscientiae
1460 1571 1541 1603 no-

64 1634 205 1690 tione,
241 1633 461 1681 eiusmodi
496 1633 742 1680 libertatem
778 1651 1028 1699 supponere
1051 1633 1345 1697 obligationes
1370 1631 1545 1695 religio-

66 1726 139 1756 sas
172 1727 224 1757 ac
254 1708 468 1766 morales,
504 1709 668 1774 quibus
703 1710 1004 1775 adimplendis
1038 1711 1194 1767 homo,
1224 1720 1299 1757 aut
1331 1709 1443 1756 civis
1481 1719 1544 1755 te-

66 1797 245 1843 neatur;
283 1786 431 1851 quoad
466 1803 542 1834 eos
576 1803 680 1833 vero
707 1824 717 1842 ‚
763 1787 840 1851 qui
875 1787 1137 1852 profitentur
1170 1785 1539 1841 incredulitatem,

67 1862 316 1910 reiicientes
351 1863 550 1910 cuiusvis
585 1863 813 1926 religionis
852 1864 1081 1911 veritatem
1105 1902 1115 1920 ‚
1152 1863 1277 1910 nulla
1311 1862 1442 1909 datur
1475 1878 1545 1909 re-

66 1938 225 2000 ligiosa
257 1939 556 1986 conscientiae
588 1938 799 1995 libertas;
840 1939 1063 2004 siquidem
1094 1938 1261 1986 nullam
1296 1946 1544 2001 agnoscunt

66 2014 380 2078 obligationem
398 2054 408 2072 ‚
446 2016 518 2064 cui
548 2026 782 2063 teneantur
815 2034 868 2064 ex
904 2016 1177 2064 conscientia
1206 2015 1477 2063 satisfacere.

162 2090 260 2146 Quo
295 2091 516 2157 principio
551 2092 816 2140 inconcusso
853 2092 1114 2157 praestituto
1142 2104 1161 2147 ,⁴
1198 2091 1366 2156 inquiri
1402 2099 1547 2156 potest

64 2183 116 2213 ac
151 2165 305 2224 debet,
343 2178 491 2215 utrum
532 2168 653 2231 leges
688 2168 841 2216 civiles
875 2168 1066 2216 debeant
1099 2168 1266 2215 inflecti
1300 2178 1432 2232 atque
1472 2183 1547 2214 ac-

64 2243 335 2290 commodari
363 2244 483 2292 iuxta
507 2245 670 2292 civium
697 2244 979 2308 religionem,
1007 2244 1410 2309 obligationesque,
1432 2259 1547 2308 quas

66 2317 143 2365 illa
177 2319 392 2384 imponit,
421 2337 478 2367 an
502 2337 606 2367 vero
636 2319 791 2383 religio
824 2330 957 2385 atque
980 2320 1273 2383 obligationes
1309 2319 1548 2383 religiosae

64 2393 256 2442 debeant
288 2412 338 2442 se
369 2395 616 2452 inflectere,
652 2406 697 2443 et
727 2396 1003 2444 conformare
1030 2395 1204 2459 legibus
1240 2395 1465 2443 civilibus.
1495 2396 1546 2442 ln

64 2470 201 2533 priori
238 2471 477 2536 hypothesi
515 2472 671 2535 religio
706 2472 756 2519 fit
789 2472 964 2536 legibus
1000 2472 1207 2524 civilibus
1238 2473 1465 2538 superior,
1494 2472 1548 2518 il-

65 2545 222 2610 laeque
250 2548 412 2596 debent
436 2549 540 2596 huic
564 2548 753 2605 subiici;
783 2550 829 2596 in
854 2550 1086 2614 posteriori
1119 2560 1266 2597 autem
1302 2549 1541 2615 hypothesi

67 2622 186 2684 leges
220 2624 375 2672 civiles
410 2626 746 2674 dominarentur
780 2627 1016 2690 religioni,
1045 2645 1162 2692 quae
1185 2627 1275 2675 illis
1300 2644 1454 2692 parere
1484 2637 1548 2674 te-

68 2708 263 2745 neretur.
299 2700 465 2766 Ecquis
502 2719 632 2767 porro
667 2719 803 2750 sanae
836 2703 1015 2759 mentis,
1044 2712 1088 2750 et
1112 2703 1158 2749 in
1186 2719 1275 2768 quo
1310 2702 1547 2767 religiosus

70 2789 231 2822 sensus
255 2777 472 2826 extinctus
504 2797 686 2843 prorsus
706 2796 794 2827 non
812 2780 897 2836 sit,
922 2779 1104 2827 haerere
1132 2790 1285 2845 posset
1312 2790 1355 2828 et
1380 2797 1546 2845 anceps
