1918 3186
211 210 301 241 eir.
324 210 364 240 v.
388 210 439 240 nn
463 208 620 241 mmsr.
648 206 855 240 comam.
880 207 971 238 Anr.
995 207 1042 239 n.
1064 206 1158 238 Ana.
1179 205 1413 238 mammon.
1486 190 1577 236 143

113 287 319 351 quamvis
352 287 410 334 sit
441 287 497 333 de
529 285 722 334 essentia
755 285 1047 341 sacramenti,
1086 301 1173 333 non
1207 294 1276 331 est
1308 294 1452 330 tamen
1488 283 1582 329 suf-

116 362 271 410 ficiens
288 362 344 409 ad
362 362 660 408 inducendum
683 360 929 425 proximum
955 361 1158 409 effectum
1187 358 1475 415 sacramenti,
1500 357 1582 405 sci-

114 438 218 485 licet
242 438 565 486 absolutionem
580 455 607 484 a
624 436 842 501 peccatis:
869 446 912 483 et
933 435 1033 483 ideo
1066 446 1239 500 oportet
1261 435 1380 500 quod
1404 435 1458 482 ad
1485 440 1582 498 per'-

115 513 347 561 sectionem
382 515 646 561 sacramenti
681 511 943 559 interveniat
976 523 1101 559 actus
1131 512 1389 560 sacerdotis.
1421 510 1507 558 Sed
1536 510 1582 556 in

116 589 393 636 matrimonio
415 599 541 635 actus
566 588 704 635 nostri
734 598 839 634 sunt
866 604 1002 634 eausa
1030 587 1257 635 sufficiens
1283 587 1340 634 ad
1367 587 1579 634 inducen-

116 663 223 711 dum
259 664 508 728 proximum
543 664 774 719 effectum,
800 663 876 728 qui
899 672 968 710 est
990 661 1223 725 obligatio:
1252 663 1360 727 quia
1387 662 1586 727 quicum·

116 758 205 804 que
236 751 304 788 est
337 741 407 787 sui
442 740 581 796 iuris,
620 750 764 804 potest
797 756 845 787 se
877 738 1003 786 alteri
1039 738 1262 802 obligare:
1302 749 1345 786 et
1378 738 1584 786 ideo-sa·—

117 816 307 864 cerdotis
340 816 589 864 benedictio
624 833 712 863 non
748 815 985 880 requiritur
1011 814 1056 860 in
1082 813 1360 862 matrimonio
1383 815 1511 877 quasi
1534 813 1585 861 de

117 893 300 940 essentia
332 894 606 940 sacramenti.
630 894 779 955 (10).»

106 1026 109 1029 Ι
212 967 355 1033 Atque
386 968 498 1016 haec
530 967 710 1032 quidem
744 959 972 1030 angelicus
1005 967 1165 1014 Doctor
1197 965 1331 1013 habet
1363 965 1470 1012 dum
1500 964 1586 1011 dif-

118 1044 335 1091 ficultates
374 1043 579 1092 dissolvit
607 1063 617 1090 :
656 1060 742 1091 non
776 1043 924 1090 minus
960 1042 1186 1106 praeclara
1220 1053 1365 1089 tamen
1389 1051 1492 1089 sunt
1514 1058 1582 1096 ea,

116 1139 234 1186 quae
256 1122 301 1167 in
326 1139 407 1169 suo
430 1131 578 1168 contra
601 1131 662 1168 est
686 1121 820 1168 huius
844 1120 1019 1168 articuli
1054 1130 1277 1185 tamquam
1306 1119 1454 1167 thesin
1483 1135 1588 1166 con-

117 1198 346 1255 stituerat,
382 1196 612 1262 inquiens:
656 1217 678 1243 r«
702 1197 850 1244 Posita
882 1213 1018 1244 causa
1052 1196 1230 1261 ponitur
1261 1195 1470 1252 effectus3
1509 1195 1588 1242 sed

121 1286 260 1321 causa
287 1274 488 1321 efficiens
512 1273 779 1320 matrimonii
797 1283 864 1320 est
881 1289 1126 1320 consensus
1143 1289 1222 1336 per
1237 1271 1371 1319 verba
1388 1271 1444 1319 de
1462 1288 1589 1335 prae-

116 1349 233 1396 senti
256 1366 511 1413 expressus.
540 1350 656 1412 Ergo
684 1348 779 1395 sive
803 1348 880 1395 fiat
903 1348 948 1394 in
972 1347 1151 1411 publico
1166 1385 1176 1404 ,
1209 1347 1303 1396 sive
1327 1347 1372 1393 in
1396 1345 1584 1402 occulto,

121 1426 450 1473 matrimonium
486 1425 701 1489 sequitur.
740 1425 996 1471 Praeterea:
1035 1423 1306 1488 ubicumque
1339 1433 1408 1470 est
1439 1422 1590 1470 debita

116 1499 260 1555 forma
281 1510 326 1548 et
347 1500 498 1547 debita
520 1500 704 1548 materia
720 1537 731 1556 ,
764 1498 826 1545 ibi
861 1509 928 1546 est
962 1510 1286 1549 sacramentum
1306 1518 1314 1546 ε
1344 1498 1422 1546 sed
1447 1498 1492 1544 in
1517 1515 1589 1546 oc-

118 1575 236 1623 culto
268 1575 548 1623 matrimonio
582 1586 784 1623 servatur
812 1573 962 1622 debita
987 1575 1169 1622 materia
1187 1613 1197 1631 ‚
1224 1592 1341 1639 quae
1362 1584 1466 1622 sunt
1488 1592 1588 1638 per-

118 1670 254 1700 sonae
286 1652 510 1715 legitimae
542 1652 599 1699 ad
632 1651 1009 1708 contrahendum,
1042 1661 1086 1698 et
1108 1650 1256 1698 debita
1281 1651 1444 1708 sorma,
1469 1668 1585 1715 quae

118 1739 223 1776 sunt
254 1729 388 1778 verba
423 1729 479 1776 de
513 1729 734 1794 praesenti
765 1746 1032 1777 consensum
1061 1728 1367 1793 exprimentia.
1390 1728 1507 1792 Ergo
1529 1738 1590 1776 est

119 1806 183 1853 ibi
213 1824 360 1854 verum
392 1816 763 1854 sacramentum.»

213 1882 366 1946 Neque
394 1883 451 1930 ab
475 1883 561 1931 hac
584 1883 785 1934 doctrina
815 1883 979 1932 recedit
1001 1882 1192 1930 Thomas
1223 1881 1463 1929 waldensis
1494 1897 1591 1928 car-

118 1956 268 2004 melita
287 1957 472 2006 celebris
489 1958 679 2007 Wieleffi
698 1970 990 2023 oppugnator.
1008 1958 1117 2005 Cum
1136 1958 1254 2005 enim
1271 1958 1346 2004 hic
1365 1968 1589 2021 tamquam

120 2050 333 2096 nugacem
374 2034 576 2082 irrideret
613 2035 994 2092 benedictionem,
1034 2052 1126 2099 qua
1160 2033 1368 2081 sacerdos
1409 2032 1588 2096 nuptias

118 2109 402 2165 cohonestat,
432 2110 676 2157 waldensis
705 2111 940 2175 multiplici
965 2129 1018 2158 ex
1042 2110 1186 2174 capite
1210 2109 1307 2157 eius
1331 2109 1586 2165 utilitatem,

120 2186 255 2234 immo
273 2195 316 2232 et
334 2186 644 2233 necessitatem
660 2196 932 2250 propugnat.
960 2188 1111 2251 Neque
1135 2186 1299 2233 idcirco
1321 2196 1468 2232 tamen
1492 2201 1589 2232 eam

120 2273 344 2327 tamquam
384 2262 666 2310 essentialem
701 2263 757 2309 ad
793 2274 1116 2310 sacramentum
1162 2261 1479 2327 perficiendum
1499 2261 1591 2309 'ad-

119 2338 275 2395 struit,
313 2339 375 2386 ita
408 2350 455 2386 ut
490 2338 612 2385 nulla
646 2339 815 2386 censeri
850 2338 1082 2386 debuerint
1104 2338 1181 2386 illa
1204 2339 1436 2402 coniugia,
1474 2355 1590 2402 quae

119 2414 394 2462 clandestino
435 2433 554 2463 more
595 2415 705 2462 inita
738 2415 917 2462 suerint.
958 2414 1075 2470 Quin
1110 2415 1257 2479 potius
1292 2424 1509 2478 receptam
1544 2414 1590 2460 in

120 2490 307 2538 ecclesia
330 2491 573 2538 doctrinam
597 2491 654 2539 de
673 2491 848 2538 illorum
872 2490 1020 2538 valore
1044 2501 1194 2555 aperte
1218 2491 1458 2555 profitetur.
1481 2489 1591 2538 Cum

215 2607 282 2648 (io)
303 2609 342 2640 Et
356 2608 408 2641 hic
422 2609 526 2641 obiter
540 2609 711 2641 adnotetur
727 2609 904 2648 veteribus,
922 2609 1113 2640 nominatim
1129 2609 1235 2640 autem
1256 2617 1282 2640 s.
1297 2608 1456 2651 Thomae,
1471 2607 1591 2640 incoin-

122 2660 243 2699 pettam
258 2661 385 2700 penitus
396 2661 540 2696 suissein
554 2662 761 2694 matrimonio
780 2662 956 2694 christiano
982 2661 1222 2693 distinctionem
1242 2661 1327 2693 inter
1346 2662 1547 2693 contractum
1561 2663 1594 2693 et

121 2715 355 2744 sacramentum
367 2738 376 2753 ,
394 2715 500 2754 qualis
515 2724 534 2746 a
550 2715 782 2747 recentioribus
805 2714 986 2754 excogitata
1003 2714 1061 2745 est.
1075 2713 1143 2745 lliis
1157 2714 1243 2745 enim
1260 2713 1391 2754 perinde
1404 2715 1473 2746 erat
1485 2713 1593 2746 dicere

124 2765 364 2796 matrimonium
379 2774 418 2798 ae
434 2766 541 2799 dicere
559 2769 807 2799 sacramentum.
817 2767 932 2798 Nescio
944 2775 986 2798 an
995 2767 1104 2798 Canus
1114 2766 1201 2798 hunc
1211 2775 1238 2798 s.
1250 2766 1310 2798 Th.
1318 2766 1489 2800 articulum
1503 2767 1591 2808 igno·

123 2816 253 2856 raverit,
267 2816 345 2848 dum
358 2826 418 2858 pro
429 2826 488 2849 sua
502 2826 587 2849 nova
602 2817 751 2850 doctrina
764 2817 943 2857 angelicum
959 2818 1131 2850 Doctorem
1149 2815 1296 2850 adduxit.
