1918 3186
290 206 377 252 208
539 222 618 254 Lux,
647 221 677 252 ι.
706 220 818 253 επιστ.
847 221 1019 254 aarum.
1047 222 1100 254 nn
1135 222 1307 255 numu.
1336 223 1475 256 clv1u.

377 298 432 345 Et
453 314 559 345 sane
581 297 621 344 si
645 315 698 344 ex
719 297 865 345 verbis
892 299 1111 363 pontificis
1130 338 1140 355 ‚
1177 310 1221 347 et
1252 317 1306 347 ex
1338 300 1418 357 iis,
1457 316 1574 365 quae
1601 301 1748 362 hacto<

283 392 367 422 nus
399 391 426 420 a
459 373 589 423 nobis
629 373 927 423 demonstrata
956 386 1002 423 et
1032 375 1257 424 vindicata
1295 387 1423 434 sunt,
1461 377 1584 424 nulla
1615 377 1746 426 datur

281 450 327 501 in
360 449 593 497 connubiis
625 450 878 499 christianis
912 451 1044 499 realis
1077 451 1304 500 distinctio
1327 453 1443 500 inter
1473 464 1752 502 contractum.

280 534 325 571 et
355 532 702 574 sacramentum:
741 526 781 574 si
813 537 1040 591 praeterea
1072 526 1220 574 nullus
1255 538 1322 575 est
1351 528 1574 592 legitimus
1598 530 1749 577 coniu-.

280 599 392 663 galis
438 610 687 649 contractus
721 602 819 650 sine
837 608 1150 650 sacramento:
1188 603 1347 652 eirinde
1385 605 1524 652 fluere
1564 607 1752 653 necesse:

282 686 372 733 est,
398 675 522 725 nulla
553 684 654 725 esse
687 678 965 726 matrimonia
987 679 1053 726 eis
1076 679 1123 725 in
1146 679 1272 737 locis,
1306 681 1352 727 in
1385 681 1549 746 quibus
1577 682 1753 729 triden-

281 752 432 802 tinum
453 752 676 801 decretum
708 754 981 818 publicatum
1013 766 1104 812 est,
1141 773 1344 822 quaeque
1361 758 1418 805 ad
1436 758 1575 805 solam
1596 758 1745 822 legum

280 828 475 878 civilium
495 847 704 878 ‚normam
738 830 899 877 fuerint
929 830 1164 878 celebrata.
1202 832 1481 897 Quapropter
1508 851 1609 881 cum
1633 833 1745 880 nihil

279 905 522 954 intercedat
551 906 665 953 inter
696 905 970 968 coniugalem
1004 907 1359 955 coniunctionem
1379 911 1616 973 et'turpem
1639 926 1750 957 con-

279 980 550 1038 cubinatum,
571 981 820 1029 necessario
845 981 1068 1045 provenit,
1097 994 1383 1048 praesumpta
1405 985 1633 1048 coniugia,
1665 1002 1745 1033 seu

279 1067 528 1105 contractus
547 1074 667 1105 mere
683 1056 835 1105 civiles
853 1075 941 1105 non
958 1058 1080 1105 aliud
1105 1075 1206 1106 esse
1233 1077 1367 1124 quam
1392 1070 1567 1125 turpem
1593 1061 1745 1108 exitia-

278 1133 454 1198 lemque
475 1133 845 1190 coniunctionem,
866 1151 947 1182 seu
963 1135 1303 1183 concubinatum
1326 1153 1474 1184 coram
1490 1137 1582 1185 Deo
1604 1148 1648 1184 et
1669 1154 1745 1185 co-

280 1227 381 1257 ram
407 1209 610 1258 ecclesia.

374 1287 563 1352 Nempe,
586 1303 674 1334 non
695 1286 975 1335 obstantibus
1000 1288 1172 1352 legibus
1197 1289 1423 1336 hominum
1451 1288 1755 1354 quibuscum—-

278 1380 381 1428 que,
403 1363 756 1428 fierinumquam
769 1373 941 1428 potest,
963 1374 1013 1411 ut
1029 1365 1149 1429 quod
1172 1376 1300 1429 turpe
1323 1376 1392 1412 est
1413 1375 1571 1413 natura
1594 1366 1678 1413 sua
1691 1377 1752 1413 et

277 1456 426 1487 coram
435 1440 635 1496 De0‚‹fiat
650 1439 901 1487 honestum.
912 1440 1054 1504 Atque
1072 1440 1160 1487 huc
1177 1440 1290 1488 bene
1307 1442 1556 1489 referuntur
1572 1451 1747 1507 patrum

276 1515 412 1563 effata·
429 1553 440 1572 ‚
477 1515 640 1580 quibus
672 1515 761 1580 ipsi
794 1515 948 1563 fideles
981 1516 1244 1563 amovebant
1275 1517 1646 1582 deterrebantque
1684 1517 1744 1565 ab

278 1591 485 1639 ineundis
511 1591 737 1655 coniugiis
760 1591 825 1639 ab¹
839 1591 1053 1639 ecclesiae
1075 1591 1247 1654 legibus
1271 1592 1514 1649 damnatis,
1542 1610 1747 1657 quaeque

277 1677 439 1715 temere
453 1667 636 1732 quidam
654 1667 958 1732 pertentabant
974 1666 1074 1714 freti
1091 1666 1402 1732 imperatorum
1418 1666 1608 1730 legibus,
1629 1685 1747 1732 quae

279 1742 356 1790 illa
388 1742 701 1791 concedebant.

292 1864 296 1866 .
346 1855 348 1858 ψ
373 1818 652 1867 Porro³inter
678 1829 847 1867 ceteros
876 1837 914 1867 s.
939 1820 1003 1867 Io.
1026 1819 1368 1885 Chrysostomus
1401 1838 1538 1884 agens
1572 1820 1629 1867 de
1662 1820 1743 1876 iis,

277 1895 356 1961 qui
372 1895 496 1943 iuxta
511 1895 632 1959 leges
650 1895 870 1943 humanas
904 1896 1182 1943 dimittebant
1203 1913 1282 1961 per
1307 1897 1543 1960 repudium
1563 1913 1745 1944 uxorem

278 1989 404 2020 suam
437 1972 659 2037 aliamque
680 1972 925 2029 ducebant,
953 1972 1019 2020 sic
1041 1991 1118 2021 eos
1141 1973 1499 2037 interpellabat.«
1519 1974 1609 2020 Nec
1636 1973 1750 2020 mihi.

275 2048 397 2112 leges
419 2048 476 2096 ab
498 2048 658 2096 exteris
685 2049 886 2096 conditas
909 2048 1032 2112 legas
1062 2049 1385 2114 praecipientes
1419 2050 1514 2096 dari
1548 2048 1747 2096 libellum

278 2202 410 2243 viduam
429 2203 517 2243 uitae
539 2203 803 2246 consuetudinem
825 2204 992 2236 continens
1005 2204 1035 2245 §.
1050 2205 1086 2237 L.
1102 2204 1178 2236 inst.
1192 2203 1234 2236 de
1245 2204 1328 2245 patr.
1343 2204 1458 2244 potest.
1473 2203 1549 2235 ante
1566 2201 1679 2234 oculos
1692 2201 1748 2234 ha-

279 2247 434 2298 buerunt;
450 2265 510 2290 nec
523 2257 742 2289 definitionem
764 2258 859 2290 istam
887 2257 1009 2290 iamdiu
1025 2258 1226 2290 obliteratam
1239 2266 1277 2289 ac
1290 2256 1415 2289 iuribus
1430 2255 1637 2295 moribusque
1650 2254 1747 2296 plane

277 2317 342 2340 non
367 2303 541 2341 convenire
564 2309 842 2349 cogitarunt....At
862 2318 900 2341 ea
920 2318 972 2342 res
994 2310 1106 2350 postea
1131 2301 1289 2350 insignem
1311 2308 1523 2340 mutationem
1545 2314 1639 2347 passa
1662 2305 1745 2346 fuit,

277 2363 455 2403 postquam
464 2362 658 2395 antistianus
671 2362 1060 2395 orbis.,.Benedictionem
1076 2362 1307 2396 sacerdotalem
1321 2360 1363 2394 ad
1377 2360 1546 2393 essentiam
1560 2358 1747 2400 nuptiarum

276 2415 438 2456 requirere
452 2415 568 2456 caepit.
582 2417 627 2450 Ex
643 2415 708 2447 hoc
722 2415 820 2455 igitur
834 2417 978 2456 tempore
997 2416 1089 2448 vetus
1101 2415 1157 2447 illa
1172 2414 1362 2456 nuptiarum
1386 2412 1532 2445 definitio
1550 2410 1669 2443 mutari
1692 2410 1744 2442 de-

277 2466 416 2507 buisset,
440 2465 540 2507 atquev
562 2466 645 2498 male
664 2475 682 2498 a
703 2465 939 2499 iurisconsultis
961 2466 1079 2498 nostris
1100 2467 1133 2498 et
1153 2474 1210 2506 per
1231 2465 1436 2497 manifestum
1462 2471 1601 2495 errorem
1625 2464 1749 2494 retenta

276 2519 336 2549 est.
361 2516 457 2550 solus
467 2517 508 2550 de
518 2517 690 2550 individua
706 2518 793 2550 vitae
805 2517 959 2549 societate
975 2518 1060 2549 inter
1075 2518 1181 2549 virum
1194 2518 1226 2548 et
1239 2524 1372 2548 uxorem
1387 2523 1561 2547 censemus
1570 2539 1580 2554 ‚
1597 2514 1750 2554 quamvis

275 2570 310 2600 in
324 2571 431 2602 actum
447 2569 624 2610 deductus,
639 2570 769 2610 nuptias
783 2570 816 2602 et
830 2569 1007 2610 legitimum
1023 2568 1263 2600 matrimonium
1278 2566 1374 2598 hodie
1386 2574 1450 2597 non
1463 2566 1557 2605 facit,
1576 2563 1746 2606 quamdiu

277 2621 464 2655 benedictio
484 2621 711 2655 sacerdotalis
735 2631 803 2654 non
827 2620 976 2660 accedit,
996 2628 1113 2653 ‘merus
1133 2619 1385 2652 concubinatus
1400 2619 1461 2650 est.
1475 2617 1651 2657 Pleraeque
1671 2625 1746 2648 con·

275 2673 410 2706 cubinae
421 2674 520 2707 hodie
535 2684 573 2708 eo
586 2675 697 2707 animo
707 2699 717 2715 ,
734 2683 837 2715 eoque
849 2675 944 2716 pacto
954 2673 1172 2714 accipiuntur,
1185 2672 1223 2703 ut
1236 2671 1389 2712 perpetua
1404 2678 1480 2702 cum
1494 2669 1561 2702 illis
1572 2669 1660 2701 vitae
1671 2677 1745 2700 con·

275 2727 413 2758 suetudo
433 2728 494 2767 sit,
518 2729 552 2760 at
578 2729 746 2769 propterea
768 2736 886 2760 uxores
910 2735 975 2759 non
999 2724 1361 2759 efficiuntur...Manent
1373 2723 1434 2754 hae
1445 2721 1655 2754 mulierculae
1669 2728 1745 2752 con-

273 2778 423 2818 cubinae,
452 2780 607 2820 quoniam
636 2789 708 2822 cap.
728 2782 752 2811 l.
769 2789 849 2813 sess.
864 2782 915 2812 24.
933 2781 983 2812 De
1007 2777 1150 2819 reform.
1175 2777 1329 2809 matrim.
1345 2775 1379 2807 iu
1404 2775 1544 2808 concilio
1568 2773 1745 2807 tridentino

279 2830 542 2866 benedictionem
556 2833 808 2866 sacerdotalem
825 2832 872 2865 ad
879 2831 1038 2873 sormam
1049 2831 1263 2864 matrimonii
1279 2830 1458 2871 requiram
