1912 3180
367 194 456 223 cir.
482 192 546 223 ιιι.
573 192 624 222 m:
656 191 830 223 mrum.
857 190 1004 222 mvms
1029 190 1147 221 Lacu.
1179 190 1270 222 Αιιτ.
1295 191 1350 221 iv.
1507 176 1592 221 331

222 272 498 335 Quapropter
533 271 739 334 quamvis
773 270 885 315 tales
921 268 1000 314 filii
1033 269 1234 316 lubentes
1282 286 1333 315 ex
1382 269 1598 333 pravitate

123 347 269 394 cordis
305 348 373 394 sui
408 346 659 401 ambulent,
699 346 805 409 quia
840 346 960 391 caeci
997 357 1132 401 sunt,
1171 363 1318 411 neque
1352 356 1600 409 agnoscunt

122 441 210 487 quo
244 423 526 487 gradiantur,
566 421 860 468 nihilominus
903 422 940 467 si
984 422 1133 485 paullo
1168 422 1596 479 animadverterent,

122 511 164 546 et
188 500 232 545 in
258 516 439 546 causam
476 509 694 546 tantorum
730 497 945 544 malorum
977 499 1092 546 serio
1123 500 1423 564 inquirerent,
1454 516 1600 547 nonne

123 593 335 623 accusare
377 578 491 623 iuste
526 586 711 640 possent
750 575 891 638 legem
927 573 1080 630 illam,
1121 587 1345 641 tamquam
1380 576 1600 624 eiusmodi

122 653 272 714 gravis
307 653 419 700 adeo
454 652 683 700 infortunii
720 650 977 714 originem?
1013 651 1159 706 Quum
1203 665 1433 716 praeterea
1482 653 1602 701 baud

122 745 220 774 raro
251 729 472 776 eiusmodi
495 729 572 774 filii
594 729 724 776 bonis
753 728 1139 793 patrimonialibus
1165 729 1255 777 sint
1278 730 1501 786 destituti,
1530 746 1603 776 ne-

121 823 208 869 que
238 808 327 853 sint
362 805 510 852 idonei
548 806 603 852 ad
640 805 873 853 honestam
910 804 996 851 sibi
1032 804 1278 869 parandam
1315 807 1603 854 sustentatio-

123 898 222 928 nem
241 920 251 938 ,
289 899 426 947 quum
460 893 503 929 et
538 881 764 929 tabescere
798 892 1012 945 cogantur
1041 882 1086 927 in
1122 899 1265 929 rerum
1302 880 1601 948 pene'neces·

123 959 340 1005 sariarum
388 958 576 1022 penuria
600 997 609 1013 ,
660 958 881 1022 quomodo
916 975 1004 1005 non
1040 958 1310 1006 incusabunt
1349 957 1601 1023 tyrannidis

124 1035 263 1097 legem
307 1034 426 1081 illam
453 1073 462 1090 ,
502 1034 559 1080 ob
595 1051 728 1098 quam
771 1036 815 1080 in
857 1044 1026 1081 tantum
1070 1034 1360 1081 infortunium
1403 1034 1602 1100 prolapsi

123 1110 257 1158 sunt?

218 1187 406 1234 Demum
433 1200 639 1253 respectu
658 1189 821 1235 civium
846 1189 1087 1235 universim
1114 1188 1391 1252 tyrannicam
1416 1186 1604 1235 evadere

121 1263 324 1311 eamdem
362 1264 502 1327 legem
540 1281 626 1312 non
658 1281 746 1311 uno
776 1281 826 1312 ex
855 1264 1002 1328 capite
1031 1265 1265 1311 evincitur.
1295 1264 1357 1311 Ac
1382 1264 1527 1328 primo
1550 1281 1603 1311 ex

124 1340 452 1404 perturbatione
488 1340 755 1388 familiarum
780 1380 789 1397 ,
835 1351 1068 1405 parentum
1092 1380 1101 1397 ,
1142 1358 1193 1388 ac
1227 1341 1597 1406 propinquorum.

122 1416 178 1463 Hi
209 1417 345 1474 enim,
374 1418 413 1464 si
439 1417 672 1464 christiani
709 1417 871 1464 sinceri
909 1417 1096 1473 fuerint,
1126 1434 1214 1464 non
1240 1426 1449 1481 poterunt
1482 1417 1603 1463 omni

123 1510 213 1557 qua
245 1493 423 1541 valeant
456 1494 659 1547 ratione,
701 1510 788 1541 non
823 1493 1064 1549 damnare,
1104 1509 1156 1540 ac
1185 1493 1396 1540 detestari
1433 1491 1604 1540 abomi-

123 1570 295 1618 nabiles
331 1570 550 1618 eiusmodi
586 1571 796 1635 nuptias,
835 1580 970 1636 atque
1005 1581 1136 1634 prout
1166 1571 1211 1616 in
1256 1566 1372 1634 ipsis
1404 1580 1498 1627 est,
1538 1570 1604 1617 eis

122 1647 368 1703 obsistere,
399 1664 451 1695 ac
484 1648 701 1713 impedire
735 1648 977 1712 quominus
1012 1648 1347 1694 contrahantur.
1371 1646 1602 1712 Siquidem

123 1735 286 1771 norunt
318 1741 422 1780 eos,
461 1724 537 1788 qui
569 1723 669 1770 illas
705 1734 942 1780 attentant,
983 1724 1027 1769 in
1064 1724 1239 1771 ruinam
1275 1741 1328 1771 ac
1362 1723 1602 1787 perniciem

124 1801 373 1847 animarum
410 1818 590 1848 suarum
605 1838 615 1855 ‚
645 1801 690 1846 in
714 1801 1027 1848 detrimentum
1052 1801 1283 1864 religionis
1306 1811 1349 1847 et
1373 1800 1604 1847 conscien-

128 1877 214 1923 tiae
232 1876 278 1922 id
298 1888 547 1940 praestare,
576 1888 708 1942 atque
733 1877 777 1923 in
803 1894 1017 1941 praeceps
1042 1877 1258 1925 malorum
1278 1877 1476 1923 omnium
1502 1893 1604 1940 pro-

129 1971 269 2001 ruere.
295 1953 439 2009 Quum
464 1972 567 2002 vero
591 1954 851 2019 parentibus
880 1954 1003 2002 cordi
1028 1971 1128 2002 esse
1157 1953 1316 2001 debeat
1346 1964 1437 2000 tum
1463 1953 1601 2000 animi

127 2040 217 2076 tum
243 2031 440 2095 corporis
466 2030 657 2079 filiorum
694 2048 875 2079 suorum
911 2030 1221 2085 incolumitas,
1251 2032 1348 2077 iure
1371 2047 1423 2077 ac
1446 2029 1604 2077 merito

126 2122 326 2154 moerore
362 2119 404 2154 et
438 2107 590 2156 dolore
620 2107 901 2163 afficiuntur,
931 2108 969 2154 si
995 2107 1219 2155 audierint
1254 2107 1370 2155 filios
1396 2124 1503 2154 suos
1527 2117 1605 2153 aut

128 2183 242 2230 filias
279 2186 323 2230 in
355 2185 588 2233 exitiosum
625 2186 845 2232 eiusmodi
876 2186 1085 2250 laqueum
1111 2202 1159 2232 se
1183 2185 1420 2232 coniicere.
1451 2184 1515 2230 Ex
1540 2183 1605 2231 al·—

127 2272 221 2308 tera
255 2279 359 2310 vero
394 2273 543 2327 parte,
583 2262 859 2319 inconsulta,
899 2273 1029 2326 prout
1062 2278 1164 2309 esse
1198 2261 1336 2318 solet,
1372 2271 1415 2309 et
1450 2261 1603 2309 incon—

125 2337 320 2386 siderata
355 2339 560 2386 iuventus
597 2339 714 2386 mala
749 2356 831 2386 sua
867 2350 942 2385 aut
978 2356 1063 2387 non
1099 2339 1241 2395 videt,
1270 2349 1346 2386 aut
1368 2339 1606 2403 parvipen-

124 2414 224 2470 dit,
264 2431 394 2462 caeco
431 2432 479 2462 se
514 2414 807 2480 cupiditatum
856 2426 1015 2471 aestu,
1068 2417 1156 2462 imo
1190 2426 1233 2462 et
1267 2415 1414 2463 furore
1458 2413 1602 2480 abripi

126 2492 259 2548 sinit,
290 2509 371 2539 nec
401 2510 491 2556 quo
516 2504 670 2557 pergat
692 2493 1027 2548 animadvertit;
1051 2492 1271 2541 effraenes
1295 2491 1602 2539 adolescentes

124 2568 312 2615 consilia
348 2570 496 2616 omnia
532 2569 787 2634 negligunt,
826 2570 994 2617 monita
1019 2581 1061 2618 et
1084 2568 1452 2617 comminationes
1482 2585 1605 2634 sper-

128 2658 259 2702 nunt,
295 2664 426 2695 aures
463 2648 703 2695 occludunt
735 2647 945 2696 omnibus
981 2647 1200 2695 rationum
1231 2647 1493 2703 momentis,
1523 2664 1604 2694 nec

126 2721 248 2768 aliud
274 2724 524 2781 intendunt,
545 2726 631 2771 nisi
658 2736 705 2772 ut
731 2743 799 2783 eo,
823 2742 910 2790 quo
936 2724 1133 2782 tendunt,
1157 2724 1335 2772 tandem
1361 2723 1603 2790 aliquando

131 2811 402 2861 perveniant.
