1918 3186
334 186 425 231 104
598 200 676 233 mn.
707 199 736 230 1.
767 197 879 229 sacr.
911 197 940 228 1.
971 195 1021 227 nr,
1045 197 1219 228 mrum.
1246 195 1527 228 sacnmnuro.

331 278 522 325 dotalem
542 277 597 323 ad
616 274 935 322 solemnitatem
954 284 1121 321 tantum
1148 274 1400 338 nuptiarum
1424 290 1477 319 ex
1501 283 1646 320 mente
1670 273 1801 321 istius

332 351 755 418 pseudo-decretalis
800 349 1066 397 luculentius
1102 351 1150 397 fit
1183 368 1235 397 ex
1268 348 1416 397 verbis
1434 388 1444 406 ‚
1482 367 1596 414 quae
1641 349 1804 397 deinde

333 439 599 494 sequuntur,
627 437 669 474 et
692 427 749 474 ab
773 427 927 474 eodem
959 427 1165 474 Gratiano
1187 426 1218 473 l.
1242 444 1280 474 c.
1305 427 1371 473 sic
1395 426 1659 473 efferuntur:
1686 426 1805 473 «Ali-

332 515 396 551 ter
440 520 543 551 vero
586 512 896 566 praesumpta,
934 519 1022 550 non
1056 502 1260 565 coniugia
1279 540 1288 559 ‚
1327 502 1406 550 sed
1440 501 1657 548 adulteria
1679 539 1689 558 ‚
1726 512 1806 549 aut

331 580 640 636 contubernia,
679 590 755 627 aut
789 589 967 643 stupra,
1006 590 1081 625 aut
1121 578 1437 626 fornicationes
1479 579 1629 643 potius
1669 595 1804 642 quam

334 656 527 718 legitima
553 655 760 718 coniugia
786 672 887 703 esse
911 671 997 702 non
1022 653 1241 710 dubitate,
1279 655 1367 701 nisi
1397 655 1595 701 voluntas
1623 655 1805 719 propria

331 733 581 796 suffraqata
603 726 755 796 suerit,
786 741 826 777 et
849 741 948 777 vota
970 732 1259 776 succurrerint
1283 731 1521 794 leqitima.»
1544 732 1626 778 Per
1659 730 1805 795 priora

334 808 556 872 siquidem
591 807 725 855 verba
763 807 1052 872 reprobantur
1083 816 1133 852 ut
1165 805 1415 869 illegitima,
1455 824 1614 871 nempe
1647 807 1820 854 illinita.

332 885 562 948 coniugia,
601 901 715 948 quae
748 883 1023 931 clandestina
1058 882 1226 930 ratione
1249 883 1346 930 sine
1370 882 1556 930 testibus
1575 921 1585 939 ‚
1614 883 1806 947 aliisque

333 962 685 1010 solemnitatibus
710 960 1094 1016 contraherentur,
1117 977 1304 1024 quorum
1328 960 1502 1007 defectu
1521 960 1595 1007 hic
1613 960 1806 1025 pseudo-

333 1039 563 1086 Evaristus
587 1055 660 1094 ea,
691 1055 776 1084 non
812 1036 1012 1084 absolute
1045 1036 1284 1092 adulteria,
1324 1036 1634 1093 contubernia,
1673 1036 1806 1084 forni-

331 1115 616 1179 cationesque
658 1113 937 1169 denominat,
985 1112 1063 1159 sed
1105 1111 1170 1159 uti
1205 1111 1310 1159 talia
1353 1113 1664 1177 quadantenus
1704 1130 1806 1160 esse

332 1190 596 1254 spectanda,
625 1198 775 1254 utpote
798 1189 1075 1236 clandestina
1098 1198 1232 1252 atque
1255 1188 1420 1235 idcirco
1455 1199 1688 1253 suspecta;
1717 1206 1807 1254 qua

330 1267 386 1312 de
420 1283 556 1313 causa
589 1266 651 1312 ait
678 1275 979 1329 praesumpta,
1013 1266 1159 1328 potius
1192 1282 1323 1328 quam
1355 1264 1552 1327 legitima
1581 1265 1808 1312 matrimo-

332 1343 406 1389 nia
428 1345 512 1404 (5)
538 1342 783 1389 Posteriora
807 1351 950 1388 autem
973 1340 1109 1387 verba
1136 1351 1336 1387 evertunt
1364 1340 1548 1404 prorsus
1572 1341 1679 1388 Cani
1705 1359 1808 1388 sen-

333 1418 512 1465 tentiam
531 1456 540 1474 ,
578 1418 684 1464 dum
713 1418 768 1465 iis
793 1418 1035 1465 affirmatur
1066 1434 1170 1464 vera
1194 1434 1295 1464 esse
1317 1417 1524 1481 coniugia
1547 1417 1624 1464 illa
1647 1418 1778 1465 etiam
1793 1456 1802 1474 ‚

331 1511 445 1559 quae
469 1495 534 1541 sic
557 1494 719 1541 fuerint
741 1494 975 1550 celebrata,
1003 1493 1042 1540 si
1067 1493 1179 1557 ipsis
1203 1494 1447 1558 suffraqata
1475 1495 1675 1542 voluntas
1704 1512 1806 1558 pro-

326 1572 430 1633 pria
452 1571 610 1635 suerit,
633 1579 672 1616 et
687 1580 786 1616 vota
804 1570 1093 1616 succurrerint
1118 1569 1323 1632 leqitima.
1348 1570 1490 1634 Atque
1514 1570 1619 1617 hinc
1642 1570 1806 1617 factum

332 1657 420 1703 est,
458 1658 506 1693 ut
539 1646 595 1693 ab
628 1646 860 1710 oppositae
895 1645 1139 1693 sententiae
1182 1645 1379 1709 patronis
1413 1664 1493 1710 pro
1528 1663 1576 1694 se
1610 1646 1807 1694 adduce-

332 1733 482 1770 rentur
509 1725 593 1785 (6).
623 1723 762 1786 Igitur
795 1733 837 1770 et
871 1722 946 1770 hic
973 1732 1115 1770 textus
1150 1732 1299 1786 utpote
1331 1721 1482 1769 minus
1511 1722 1699 1770 idoneus
1734 1739 1806 1769 se-

334 1799 563 1863 ponendus
598 1810 679 1846 est.

429 1912 473 1953 (5)
498 1913 613 1954 Reipsa
627 1921 684 1954 per
699 1921 812 1944 vocem
831 1913 1050 1954 illeyltimum
1069 1913 1155 1945 haud
1178 1914 1268 1946 illico
1282 1913 1453 1954 significari
1469 1912 1712 1948 matrimonium
1729 1913 1807 1944 irri-

331 1966 404 1997 tum
416 1975 457 1998 ac
468 1965 619 2004 nullum,
631 1965 687 1997 sed
699 1966 804 1998 solum
814 1966 980 1998 illicitum
992 1975 1011 1998 a
1023 1966 1197 2007 veteribus,
1209 1966 1331 1998 iamdiu
1345 1965 1710 1998 adnotavitBenedictus
1719 1966 1804 1997 XIV.

337 2021 384 2050 De
403 2019 534 2059 synodo
555 2019 611 2050 lib.
634 2020 721 2051 vm.
746 2028 774 2051 c.
791 2021 862 2052 ΧΠ.
880 2028 913 2051 n.
931 2024 960 2052 5.
972 2019 1133 2052 scribens:
1159 2022 1386 2060 «Quamquam
1413 2019 1510 2051 hodie
1537 2019 1668 2051 nomine
1698 2018 1807 2051 matti·

332 2071 432 2103 monii
448 2071 592 2111 legitimi
605 2072 638 2103 et
649 2079 715 2103 non
727 2073 1021 2106 raticommuniter
1031 2072 1249 2111 intelligamus
1261 2072 1502 2104 matrimonium
1514 2071 1711 2111 infidelium,
1727 2071 1805 2102 olim

333 2124 439 2153 tamen
455 2131 474 2153 a
489 2123 569 2154 iuris
581 2122 729 2154 canonici
744 2123 853 2164 peritis
867 2123 963 2155 etiam
981 2123 1063 2156 inter
1078 2124 1285 2156 matrimonia
1306 2124 1450 2155 fidelium
1470 2123 1569 2155 fuisse
1585 2123 1667 2155 hanc
1681 2122 1804 2154 ndnibi-

334 2176 400 2206 tam
422 2174 678 2215 distinctionem,
702 2177 741 2208 ut
766 2176 830 2208 alia
850 2176 1033 2209 dicerentur
1056 2176 1211 2217 leqilima
1228 2178 1261 2209 et
1281 2179 1378 2217 rata,
1395 2177 1459 2209 alia
1471 2178 1552 2209 rata
1566 2176 1735 2208 dumtaxat
1748 2175 1804 2208 sed

338 2236 403 2260 non
421 2227 588 2268 leyitima;
602 2229 692 2261 testis
704 2230 753 2261 est
768 2230 958 2270 Gratianus,
975 2230 1030 2270 qui
1045 2230 1077 2261 in
1092 2231 1157 2262 fine
1168 2231 1293 2271 quaest.
1314 2235 1340 2262 1.
1353 2239 1423 2263 can.
1434 2235 1483 2263 28.
1496 2230 1631 2270 loquens
1644 2229 1683 2260 de
1697 2229 1806 2260 coniu-

334 2280 393 2319 giis
412 2281 555 2312 fidelium
573 2281 652 2313 haec
671 2282 814 2322 scripsit:
835 2296 849 2310 u
860 2284 983 2315 Horum
1004 2283 1163 2324 quaedam
1178 2284 1254 2316 sunt
1266 2284 1409 2324 legitima
1420 2282 1607 2314 veluti-cum
1622 2291 1705 2313 uxor
1719 2290 1738 2313 a
1751 2291 1805 2322 pa·

334 2332 477 2364 rentibus
491 2333 649 2372 traditur,
666 2343 685 2365 a
699 2343 816 2374 sponso
831 2335 962 2368 dotatur
977 2338 1010 2368 et
1024 2345 1043 2368 a
1056 2336 1223 2370 sacerdote
1237 2336 1453 2376 benedicitur3
1469 2336 1547 2368 haec
1559 2335 1638 2367 talia
1654 2334 1804 2375 coniugia

337 2385 479 2425 legitima
494 2388 526 2418 et
542 2387 611 2418 rata
626 2386 845 2426 appellantur:
864 2387 994 2420 illorum
1013 2397 1089 2422 vero
1105 2389 1272 2430 coniugia,
1283 2389 1353 2430 qui,
1368 2389 1561 2429 contemptis
1573 2387 1723 2421 omnibus
1738 2388 1805 2420 illis

336 2438 609 2478 solemnitatibus,
634 2439 705 2472 solo
728 2439 845 2472 affectu
866 2441 1008 2481 aliquam
1032 2441 1093 2473 sibi
1109 2441 1142 2473 in
1158 2442 1325 2482 coniugem
1343 2441 1513 2482 copulant,
1528 2439 1714 2472 huiusmodi
1728 2449 1802 2472 con-

335 2491 457 2531 iugium
484 2500 551 2523 non
576 2492 791 2532 leqitimum;
809 2493 865 2525 sed
890 2495 1009 2525 ratum
1031 2494 1256 2526 tantummodo
1284 2503 1354 2527 esse
1373 2493 1581 2526 creditur-»id
1597 2495 1646 2526 est
1659 2493 1804 2525 validum

335 2544 391 2575 sed
414 2545 574 2576 illicitum.
592 2545 625 2577 Si
648 2546 783 2586 proinde
799 2546 956 2578 eiusmodi
977 2546 1125 2587 coniugia
1145 2547 1225 2578 inita
1239 2547 1308 2579 sine
1322 2546 1498 2579 sacerdotis
1516 2545 1736 2578 benedictione
1751 2555 1805 2578 va-

336 2596 402 2627 lida
415 2599 503 2629 sunt:
520 2608 594 2638 ergo
610 2598 785 2631 sacerdotis
799 2598 980 2631 benedictio
994 2608 1057 2631 non
1068 2601 1191 2639 spectat
1199 2600 1239 2631 ad
1255 2600 1424 2632 essentiam
1438 2600 1644 2640 sacramenti,
1659 2608 1718 2631 nec
1732 2608 1804 2640 pro-

339 2649 412 2680 inde
428 2650 515 2682 iuxta
531 2652 867 2691 pseudo-Evaunum,
881 2652 974 2683 cuius
984 2644 1088 2684 'verba
1099 2652 1153 2684 hic
1166 2651 1387 2691 adducuntur,
1397 2652 1548 2684 sacerdos
1556 2654 1603 2685 est
1612 2653 1802 2684 sacramenti

335 2702 530 2734 matrimonii
547 2704 704 2737 minister.

433 2754 477 2794 (6)
496 2755 545 2786 Cf.
565 2756 677 2789 Blasco
698 2758 752 2789 cit.
777 2758 935 2799 opusculi
961 2760 1117 2791 canonici
1138 2760 1199 2790 etc.
1221 2759 1297 2790 tom.
1317 2760 1340 2790 1.
1360 2758 1502 2790 Diatriba
1519 2760 1557 2790 V.
1579 2761 1625 2790 De
1643 2758 1802 2791 secundis

338 2809 468 2847 nuptiis
486 2816 555 2847 pag.
569 2813 638 2840 2515.
