1918 3186
269 163 357 194 CAP.
376 163 405 193 1.
425 162 516 193 ΛΒΤ.
534 161 594 192 111.
610 161 662 191 DE
679 159 814 191 VERIT.
834 159 947 191 SAGR.
964 160 1086 191 MATR.
1108 160 1159 191 EX
1179 159 1297 191 Tnxr.
1316 159 1352 190 S.
1372 159 1504 190 PAULI.
1582 143 1633 188 41

172 242 234 287 uti
270 241 562 305 sumptionem
599 237 870 302 spiritualem
906 239 1102 302 corporis
1126 249 1170 285 et
1193 238 1424 300 sanguinis
1449 237 1636 293 Christi,

174 336 251 365 seu
293 319 523 383 mysticam
563 315 770 362 unionem
813 331 913 361 cum
954 315 1128 363 Christo
1169 315 1340 363 vocavit
1371 332 1460 361 rem
1493 331 1642 361 sacra-

172 395 304 441 menti
338 393 545 457 baptismi
573 393 727 453 (105);
754 402 804 438 ut
837 390 924 436 alia
957 390 1084 454 plura
1117 391 1317 438 eiusdem
1342 391 1639 454 &Augustini

172 469 420 517 testimonia
452 479 747 533 praeteream,
776 484 891 532 quae
915 467 1122 531 superius
1157 468 1411 525 attulimus,
1439 485 1643 532 quaeque

170 547 265 593 eius
299 556 487 592 mentem
522 555 670 609 aperte
703 544 945 591 declarant.

264 622 329 668 Ex
353 621 424 668 his
447 632 673 685 praeterea
695 621 908 668 disiectae
931 631 1035 667 sunt
1057 620 1356 676 difficultates,
1378 620 1542 684 quihus
1558 620 1650 666 (Ia--

172 699 367 754 ietanus,
396 697 572 753 Estius‚
600 697 764 761 aliique
799 707 900 760 post
932 712 1008 742 eos
1044 696 1226 759 permoti
1262 707 1365 742 sunt
1397 696 1452 742 ad
1477 713 1644 759 negan-

170 774 270 820 dam
305 773 546 820 efficaciam
582 774 715 820 huius
750 773 918 837 paulini
942 771 1171 820 commatis
1207 771 1372 835 Ephes.
1402 773 1449 817 V.
1482 774 1556 818 32.
1585 773 1650 819 ad.

173 850 441 913 probandam
486 851 711 897 veritatem
758 849 1021 897 sacramenti
1068 848 1366 903 matrimonii;
1411 848 1643 912 potissima

172 926 280 974 ratio
313 944 426 991 quae
460 927 515 973 ab
549 927 605 973 iis
639 927 817 973 affertur
849 943 902 972 ex
937 943 989 972 eo
1023 925 1275 972 desumitur.
1301 924 1426 989 quod,
1444 924 1643 989 Apostoli

172 1004 412 1050 sententia:
442 1005 764 1050 Sacramentum
788 1003 860 1048 hoc
883 1018 1088 1066 maqrmm
1110 1011 1172 1048 est
1193 1001 1419 1048 veritatem
1439 999 1646 1048 habuerit

171 1078 227 1125 ab
250 1079 375 1126 initio
390 1118 399 1135 ,
428 1097 564 1143 quum
582 1079 747 1126 dictum
765 1090 855 1126 est:
884 1079 1065 1142 Propter
1090 1078 1162 1124 hoc
1184 1078 1395 1141 relinquet
1419 1079 1536 1124 homo
1559 1088 1639 1124 etc.

171 1154 251 1201 Ast
280 1155 384 1203 vero
408 1173 460 1202 ex
483 1173 535 1203 eo
559 1166 754 1219 tempore
788 1155 983 1202 nondum
1017 1154 1159 1218 caepit
1192 1155 1519 1202 matrimonium
1543 1172 1644 1201 esse

171 1231 346 1294 signum
369 1231 523 1279 efficax
548 1232 713 1295 gratiae
727 1270 736 1287 ,
760 1231 839 1278 sed
862 1231 947 1278 tale
966 1230 1142 1278 demum
1166 1243 1234 1277 est
1256 1248 1283 1277 a
1306 1230 1482 1278 Christo
1505 1248 1652 1279 novae·

172 1308 282 1371 legis
316 1319 493 1356 auctore
526 1308 788 1354 institutum.
826 1307 973 1354 Altera
1004 1307 1107 1355 vero
1141 1307 1251 1354 ratio
1284 1317 1377 1363 est,
1417 1307 1536 1371 quod
1569 1325 1644 1354 ve-

173 1396 285 1431 teres
318 1386 572 1448 nuptiarum
615 1394 935 1432 sacramentum
970 1401 1056 1431 non
1090 1401 1143 1430 ex
1177 1384 1261 1431 isto
1295 1384 1391 1431 loco
1425 1383 1639 1448 probent,

172 1460 251 1507 sed
274 1460 416 1523 magis
440 1478 536 1508 eam
560 1471 751 1508 statuere
775 1460 946 1508 soleant
962 1477 1015 1507 ex
1033 1460 1146 1507 facto
1165 1459 1354 1517 Christi,
1382 1461 1459 1525 qui
1477 1460 1655 1525 nuptiis·

174 1537 218 1582 in
257 1536 376 1583 Cana
402 1537 635 1584 Galilaeae
676 1537 924 1594 benedixit,
973 1537 1127 1601 utique
1163 1537 1465 1586 benedictione
1512 1538 1648 1601 spiri-

171 1612 294 1660 tuali.
324 1612 451 1668 Quod
477 1613 561 1661 etsi
590 1614 818 1678 ‘Scriptura
846 1631 931 1661 non
957 1613 1244 1677 expresserit,
1283 1613 1328 1659 in
1361 1611 1546 1661 concilio
1581 1624 1654 1661 ta-

172 1705 269 1735 men
312 1689 526 1753 ephesino
548 1727 558 1746 ,
598 1700 822 1754 tamquam
865 1689 1098 1736 traditione
1138 1700 1365 1753 acceptum
1393 1727 1403 1746 ,
1442 1699 1485 1736 et
1527 1689 1645 1753 apud

173 1765 333 1812 multos
368 1777 516 1830 patres
549 1765 708 1829 legitur
735 1767 883 1828 (106).

266 1841 425 1888 Verum
467 1842 611 1906 prima
654 1852 766 1889 ratio
799 1842 887 1888 iam
922 1859 974 1889 ex
1008 1842 1140 1889 dictis
1175 1851 1504 1907 praeoccupata
1545 1851 1639 1897 est,

177 1916 446 1964 ostendendo
485 1917 660 1966 diversa
700 1919 868 1966 ratione
909 1919 1107 1983 Apostoli
1150 1919 1285 1966 verba
1327 1917 1384 1964 ad
1427 1916 1647 1964 connubia

175 2002 394 2047 veterum,
422 2004 466 2039 et
497 1994 553 2040 ad
588 1995 808 2042 connubia
843 1994 1182 2042 christianorum
1218 1994 1385 2042 referri.

271 2066 416 2114 Altera
447 2085 551 2115 vero
584 2071 694 2117 ratio
727 2082 795 2118 est
827 2071 967 2126 falsa;
1004 2071 1107 2118 licet
1139 2070 1257 2116 enim
1292 2069 1442 2133 plures
1475 2079 1645 2116 veteres

177 2196 273 2228 etiam
303 2197 511 2238 intelligimus
539 2207 604 2239 qua
631 2199 754 2231 ratione
776 2201 936 2232 interdum
964 2210 990 2233 s.
1011 2200 1208 2241 Augustinus
1233 2199 1407 2241 improprie
1432 2201 1649 2232 sacramento·

180 2257 291 2281 vocem
321 2251 456 2290 usurpet
479 2250 602 2291 agendo
630 2251 670 2283 de
691 2252 897 2284 matrimonio
911 2278 920 2293 ,
942 2254 1129 2294 praesertim
1151 2253 1184 2285 in
1205 2252 1262 2285 lib.
1278 2254 1304 2285 1.
1322 2254 1372 2285 De
1386 2253 1487 2294 nupt.
1501 2253 1537 2284 et
1551 2261 1644 2286 conc.

175 2309 204 2332 c.
221 2302 306 2333 XXI.
323 2301 485 2334 scribens:
512 2315 526 2330 (ι
543 2303 637 2340 Quod
650 2303 686 2335 in
699 2304 830 2336 Christo
843 2305 876 2336 et
888 2305 921 2336 in
937 2305 1071 2337 ecclesia
1085 2306 1134 2337 est
1149 2313 1302 2345 magnum
1315 2305 1568 2344 sacramentum,
1585 2305 1647 2337 hoe

176 2356 224 2386 est
236 2355 271 2385 in
285 2355 419 2395 singulis
434 2355 693 2397 quibuscumque
708 2358 786 2390 viris
801 2358 899 2398 atque
919 2357 1075 2390 uxoribus
1095 2358 1284 2399 minimum,
1306 2357 1362 2390 sed
1384 2359 1494 2390 tamen
1513 2358 1644 2391 coniun-

176 2406 293 2439 ctionis
302 2408 535 2448 inseparabile
546 2411 836 2442 sacramentum.»
852 2410 915 2442 Ubi
929 2411 1095 2451 comparat
1107 2410 1271 2442 vinculum
1282 2435 1291 2451 ,
1303 2419 1358 2442 seu
1372 2419 1439 2442 rem
1456 2409 1647 2442 sacramenti

178 2459 210 2490 in
233 2459 367 2500 singulis
387 2461 568 2501 coniugatis
588 2471 662 2494 cum
687 2462 818 2494 vinculo
841 2471 908 2504 quo
929 2463 1107 2495 arctissime
1129 2463 1277 2496 Christus
1294 2463 1486 2494 coniunctus
1503 2463 1553 2494 est
1571 2470 1648 2494 cum

177 2512 374 2546 humanitate
396 2515 428 2546 et
450 2523 524 2546 cum
550 2516 695 2547 ecclesia.

272 2566 357 2606 (105)
379 2566 449 2598 Lib.
471 2569 527 2599 111.
543 2570 593 2600 De
613 2570 775 2609 peccator
789 2571 903 2601 merit.
921 2571 954 2601 et
972 2571 1104 2601 remiss.
1120 2579 1149 2601 c.
1165 2571 1220 2600 lv.

273 2618 358 2658 (106)
379 2620 428 2650 lta
443 2619 550 2651 Estius
568 2619 601 2651 in
617 2621 798 2652 comment.
818 2622 852 2652 in
870 2621 956 2653 liunc
975 2622 1038 2654 loc.
1051 2621 1101 2653 Ad
1116 2621 1304 2652 caietanum
1323 2619 1412 2659 quod
1433 2620 1572 2661 spectat,
1590 2629 1645 2652 no·

180 2670 248 2700 tum
262 2670 311 2701 est
324 2671 429 2711 ipsum
445 2673 632 2704 comment.
648 2675 686 2705 in
704 2682 784 2705 nov.
801 2675 878 2706 test.
894 2675 1131 2711 Erasmizare,
1149 2674 1186 2704 ut
1198 2672 1319 2704 coaevi-
1330 2672 1400 2704 eius
1420 2672 1647 2713 loquebantur,

180 2722 212 2752 et
237 2723 510 2761 quemadmodum
532 2726 627 2766 negat
646 2725 744 2757 verba
766 2726 881 2767 Ephes.
897 2727 935 2758 V.
954 2726 1112 2767 pertinere
1126 2724 1167 2756 ad
1182 2725 1417 2757 sacramentum
1436 2725 1647 2765 matrimonii,

184 2773 227 2805 ila
242 2774 338 2806 etiam
354 2776 447 2815 negat
459 2776 556 2808 verba
570 2777 677 2809 lacobi
693 2779 731 2809 V.
748 2780 797 2810 14.
809 2778 966 2818 pertinere
986 2777 1028 2809 ad
1049 2777 1284 2809 sacramentum
1299 2778 1460 2809 extremae
1472 2776 1644 2809 unctionis.
