1918 3186
334 210 423 241 cm».
447 211 489 241 v.
512 211 604 242 Aur.
629 211 686 242 1v.
711 210 867 242 Ancum.
894 211 1121 249 urmusouu
1146 211 1264 244 snm.
1295 212 1428 244 nmen.
1535 198 1626 244 173

149 290 285 343 riam,
315 289 641 337 sacerdotemve
663 290 911 336 ministrum
936 291 1200 338 sacramenti
1224 291 1494 339 matrimoni-i
1512 290 1632 339 dixe-

150 365 231 420 rit,
261 363 341 411 sed
365 365 556 412 contenti
580 365 823 413 universim
851 365 1027 412 suerunt
1051 366 1210 414 docere
1225 405 1235 423 ,
1263 384 1341 432 per
1363 384 1629 415 consensum

149 439 299 487 verbis
339 440 395 486 de
435 442 655 505 praesenti
692 441 1022 488 matrimonium
1058 443 1234 490 confici.
1275 443 1391 507 Ergo
1429 443 1628 492 defectus

149 515 308 563 horum
341 516 655 564 vocabulorum
680 518 791 564 ratio
814 535 914 565 esse
938 535 1026 565 non
1050 519 1206 582 potuit,
1235 519 1294 567 ob
1315 537 1451 584 quam
1476 530 1626 584 patres

147 593 360 639 materiae
382 602 426 639 et
449 593 617 640 formae
643 611 731 640 non
756 594 1039 642 meminerint
1062 595 1107 640 in
1132 612 1201 651 re,
1231 613 1321 660 qua
1348 596 1405 643 de
1432 596 1630 660 agimus,

148 667 213 714 Eo
241 666 313 714 vel
348 668 518 731 magis,
558 669 677 733 quod
713 669 935 734 potuerint
967 669 1320 719 benedictionem
1353 672 1531 719 verbum
1551 689 1631 721 vo-

150 758 251 790 care
274 780 284 799 ,
335 760 603 791 consensum
646 745 896 791 elementum
941 746 1302 811 sacerdotemque
1340 749 1626 802 ministrum„

149 817 269 882 quod
304 819 469 882 pariter
498 837 743 884 numquam
772 820 983 868 fecerunt.
1014 821 1118 869 Ideo
1147 838 1251 869 vero
1285 839 1373 870 non
1406 822 1627 879 fecerunt,

148 895 256 958 quia
295 906 567 960 compertum
603 897 802 961 patribus
832 907 949 954 erat,
982 908 1110 962 prout
1141 908 1410 962 compertum
1445 899 1528 946 fuit
1561 916 1632 948 ve·

149 969 230 1017 luti
254 988 333 1036 per
355 971 636 1020 traditionem
671 972 909 1038 quamdam
946 973 1248 1030 scholasticis,
1286 973 1513 1022 Christum
1537 992 1632 1022 ma-

148 1047 403 1096 trimonium
428 1049 594 1112 ipsum,
623 1049 742 1114 quod
767 1060 897 1096 antea
920 1049 1171 1107 obtinebat,
1194 1050 1395 1098 evexisse
1417 1067 1497 1115 pro
1512 1050 1631 1098 fide-

148 1122 268 1171 libus
303 1124 399 1172 suis
426 1125 483 1171 ad
512 1126 775 1173 sacramenti
812 1125 1070 1189 dignitatem
1106 1125 1367 1173 adiiciendo
1390 1127 1630 1174 contractui

149 1199 371 1263 coniugali
391 1200 579 1263 gratiam
598 1218 739 1257 suam,
763 1219 852 1266 qua
875 1211 1003 1248 antea
1021 1202 1204 1266 nuptiae
1221 1202 1457 1249 destitutae
1480 1212 1625 1257 erant;

153 1276 266 1324 ritus
291 1286 454 1332 autem,
478 1276 643 1341 quibus
668 1277 923 1324 solemniter
939 1277 1242 1325 celebrabatur
1259 1278 1305 1324 in
1324 1277 1514 1325 ecclesia
1531 1295 1631 1326 con-

150 1352 349 1415 iugium,
382 1352 580 1399 adiectos
606 1352 662 1399 ab
695 1352 884 1400 ecclesia
923 1353 1062 1400 fuisse
1093 1353 1148 1400 ad
1180 1353 1292 1400 fines
1331 1353 1624 1409 obtinendos,

149 1444 263 1491 quos
298 1427 428 1475 toties
462 1429 920 1475 commemoravimus.

245 1502 376 1558 Quod
412 1503 451 1550 si
485 1503 658 1566 exigui,
698 1503 833 1550 immo
860 1520 964 1552 vero
999 1504 1165 1552 nullius
1207 1505 1418 1569 ponderis
1458 1522 1511 1552 ac
1550 1522 1629 1552 va-

148 1579 255 1626 loris
290 1589 419 1636 sunt,
468 1597 584 1645 quae
629 1590 721 1627 tum
752 1597 778 1626 a
811 1579 959 1637 Cano,
998 1591 1090 1628 tum
1125 1599 1151 1628 a
1184 1581 1401 1645 theologis
1441 1581 1628 1646 reliquis

149 1655 282 1703 allata
311 1666 415 1704 sunt
449 1668 710 1720 argumenta
744 1658 840 1705 sive
872 1675 926 1704 ex
960 1658 1115 1706 Bibliis
1134 1698 1144 1716 ,
1182 1660 1278 1707 sive
1308 1677 1360 1707 ex
1396 1659 1624 1724 patribus,

148 1732 286 1781 multo
313 1734 457 1797 magis
482 1735 589 1782 talia
614 1745 715 1782 sunt
738 1735 983 1792 censenda,
1016 1753 1132 1801 quae
1154 1753 1207 1782 ex
1232 1736 1477 1784 rationibus
1511 1736 1630 1783 theo-

149 1808 304 1872 logicis
353 1821 579 1874 urgentur.
630 1813 719 1858 Nos
766 1828 818 1858 ea
861 1811 1161 1877 expendentes
1205 1811 1584 1877 deprehendimus
1615 1850 1624 1867 ,

150 1896 226 1932 aut
249 1884 445 1944 fallacia,
484 1898 558 1935 aut
592 1888 727 1944 falso,
766 1898 815 1934 ut
847 1888 997 1945 aiunt,
1038 1889 1269 1953 supposito
1297 1889 1463 1935 innixa.
1489 1888 1534 1934 Si
1560 1905 1629 1935 re·

150 1960 366 2019 colantur,
394 1980 509 2027 quae
533 1964 813 2028 reposuimus
835 1964 1055 2012 eiusmodi
1081 1964 1352 2026 argumentis
1366 2002 1376 2020 ,
1398 1963 1526 2011 facile
1543 1963 1630 2012 sibi

152 2037 346 2102 quisque
373 2038 419 2084 id
444 2039 755 2102 persuadebit,
784 2040 904 2104 quod
929 2041 1004 2088 hic
1028 2040 1324 2096 affirmamus,
1347 2040 1457 2104 quin
1475 2039 1629 2087 eadem

153 2124 350 2178 repetere
380 2114 639 2162 debeamus.

247 2189 328 2237 Ast
355 2190 462 2237 talia
485 2207 540 2237 ne
563 2191 726 2255 pariter
760 2203 889 2239 erunt
922 2191 1172 2247 censenda,
1201 2209 1316 2255 quae
1350 2191 1630 2238 adducuntur

152 2283 231 2331 pro
259 2267 444 2332 antiqua
468 2267 669 2314 doctrina
692 2267 748 2314 de
772 2268 1136 2315 contrahentibus
1164 2269 1361 2331 coniugii
1396 2268 1629 2316 christiani

152 2343 402 2391 ministris?
418 2345 556 2391 Nemo
580 2361 717 2391 sanus
743 2345 938 2408 profecto
962 2345 1007 2391 id
1031 2345 1215 2401 dixerit,
1238 2345 1276 2391 si
1301 2354 1464 2391 attento
1482 2345 1631 2392 animo

153 2430 325 2485 reputet
357 2420 488 2467 istam
511 2421 774 2468 sententiam
792 2439 879 2469 non
899 2422 1018 2469 omni
1040 2421 1170 2485 plane
1188 2431 1445 2484 argumento
1467 2420 1632 2474 biblico

153 2495 361 2553 destitui,
390 2496 510 2560 quod
545 2495 674 2544 nobis
709 2497 906 2561 suppetit
936 2514 988 2543 ex
1020 2496 1228 2561 Apostolo
1252 2496 1418 2560 Ephes.
1447 2497 1515 2548 V„
1535 2497 1629 2544 Etsi

153 2571 272 2618 enim
296 2572 453 2620 demus
476 2573 773 2637 apodicticum
793 2573 902 2619 illud
927 2572 1225 2620 testimonium
1250 2589 1336 2619 non
1359 2589 1482 2628 esse,
1511 2572 1631 2628 haud

155 2646 216 2693 ita
239 2657 386 2696 tamen
409 2649 635 2696 infirmum
651 2659 746 2705 est,
771 2659 819 2695 ut
837 2649 990 2712 seponi
1016 2648 1182 2712 possit;
1212 2657 1256 2694 et
1278 2665 1391 2705 sane,
1407 2665 1530 2705 conc.
1554 2649 1632 2705 tri-

156 2721 387 2770 dentinum
422 2725 534 2771 satis
569 2735 719 2789 aperte
743 2724 807 2770 illi
834 2723 1037 2770 innititur
1070 2723 1347 2782 testimonio,
1369 2734 1417 2771 ut
1434 2724 1633 2780 adstruat

154 2799 341 2859 gratiam
366 2816 392 2847 a
414 2798 591 2846 Christo
618 2800 805 2847 Domino
835 2799 1051 2848 adiectam
1088 2799 1228 2848 fuisse
1260 2801 1468 2863 coniugio
1500 2796 1631 2848 natu-
