1918 3186
300 174 390 219 224
565 186 644 216 m.
673 184 704 214 1.
732 182 847 214 sacr.
875 182 1047 214 ALTERA·
1076 183 1129 214 »Β
1153 183 1325 215 unum.
1355 183 1497 216 civim.

299 266 446 319 finem,
467 278 599 327 quem
625 259 710 307 sibi
736 260 1046 324 praestituunt,
1070 270 1118 306 ut
1136 277 1294 325 nempe
1316 259 1520 308 divortiis
1538 261 1655 309 viam
1675 281 1775 328 ape-

298 341 427 386 riant.
465 337 578 383 Fieri
612 336 739 383 enim
766 336 939 401 nequit,
979 347 1027 383 ut
1060 335 1216 383 eadem
1242 347 1465 400 potestas,
1495 354 1610 402 quae
1634 337 1774 402 legem

297 415 396 462 tulit
418 413 474 461 ad
498 412 645 461 civilia
667 412 890 460 connubia
918 412 1250 461 cohonestanda
1268 451 1278 470 ‚
1307 413 1438 461 citius
1464 413 1610 462 serius
1634 413 1775 478 legem

297 490 428 537 aliam
452 493 540 536 nen
565 488 691 545 ferat,
721 488 1087 554 qua-facultatem
1111 488 1276 536 tribuat
1299 488 1383 536 sub
1407 490 1653 554 praefinitis
1677 490 1776 554 qui-

296 566 397 613 dem
431 565 783 621 conditionibus,
823 566 861 612 si
896 565 1072 629 placet,
1112 564 1390 613 dissolvendi
1426 583 1506 630 per
1538 566 1775 613 divortium

297 641 526 704 coniugia,
565 642 701 690 immo
733 659 838 688 vero
873 641 1093 689 interdum
1129 641 1185 687 ad
1222 641 1519 705 praebendam
1555 642 1676 688 illam
1711 641 1776 689 fa-

296 717 503 764 cultatem
536 716 800 764 necessitate
833 734 920 763 non
955 716 1160 779 adigatur
1183 718 1300 778 (29).
1328 717 1394 763 En
1419 717 1552 780 igitur
1585 717 1771 772 abusus,

297 792 342 838 in
371 810 503 857 quem
537 791 687 856 plures
722 809 772 839 se
805 791 1074 847 coniiciunt,
1102 787 1180 855 qui
1215 790 1414 858 alioquin
1449 809 1498 839 se
1531 791 1777 840 catholicae

296 868 511 916 ecclesiae
545 867 732 932 obsequi
767 866 1057 934 profitentur!

849 1018 1124 1056 ARTICULUS
1151 1019 1219 1055 111.

570 1130 858 1169 Matrimonium
886 1131 998 1170 civile
1024 1135 1164 1169 natura
1191 1142 1262 1170 sua
1288 1132 1493 1181 opponitur

289 1193 528 1232 Matrimonii
546 1194 748 1233 christiani
761 1196 915 1245 unitati,
929 1195 1108 1245 favetque
1120 1196 1308 1235 materiali
1325 1207 1370 1234 ac
1390 1196 1501 1246 legali
1518 1194 1774 1246 polygamiae.

395 1328 718 1376 Praemittimus
739 1330 784 1375 1.
803 1329 907 1377 fidei
932 1329 1175 1378 catholicae
1197 1330 1358 1394 dogma
1374 1347 1474 1377 esse
1498 1330 1626 1377 «Non
1644 1329 1776 1376 licere

297 1403 556 1451 christianis
591 1404 743 1469 plures
777 1404 911 1452 simul
946 1406 1111 1453 habere
1137 1423 1297 1454 uxores
1316 1444 1326 1462 ‚
1355 1416 1399 1452 et
1427 1405 1511 1452 hoc
1544 1422 1646 1452 esse
1678 1403 1776 1467 lege

296 1479 448 1527 divina
478 1480 866 1545 prohibitum.(30)
890 1501 911 1526 »
946 1499 1042 1538 seu,
1071 1482 1333 1546 quod'idem
1357 1491 1441 1537 est,
1471 1481 1775 1546 polygamiam

298 1554 610 1602 simultaneam
633 1573 736 1603 esse
757 1555 1016 1603 christianis
1045 1557 1198 1604 divino
1221 1556 1317 1604 iure
1340 1557 1609 1621 prohibitam
1624 1595 1634 1613 ,
1663 1555 1776 1603 adeo

295 1642 346 1677 ut
379 1634 525 1687 nemo,
567 1632 678 1695 quin
712 1631 956 1679 catholicus
992 1650 1091 1679 esse
1125 1633 1326 1689 desinat,
1364 1632 1508 1697 possit
1548 1631 1775 1679 veritatem

295 1707 415 1755 hanc.
445 1707 492 1753 in
526 1707 712 1754 dubium
759 1725 964 1755 revocare
993 1727 1002 1764 ;
1047 1726 1182 1773 quam
1223 1708 1404 1773 quidem
1440 1708 1513 1755 hic
1548 1718 1775 1772 tamquam

297 1783 526 1849 probatam
561 1786 862 1843 assumimus,
901 1802 1001 1833 cum
1036 1785 1079 1831 id
1115 1785 1220 1833 alibi
1255 1785 1533 1833 effecerimus
1556 1785 1674 1847 (31).

391 1861 720 1909 Praemittimus
749 1863 794 1909 2.
823 1862 1027 1926 apposite
1049 1879 1131 1909 nos
1155 1862 1325 1909 dixisse
1358 1861 1612 1924 coniugium
1646 1860 1776 1909 civile

295 1937 579 2003 polygamiae
614 1938 770 1986 saltem
802 1939 1044 1994 materiali,
1072 1949 1149 1986 aut
1181 1939 1314 2002 leqali
1345 1938 1515 1995 favere;
1553 1937 1777 2002 siquidem

295 2015 417 2061 iuxta
462 2014 713 2062 doctrinam.
745 2014 1012 2062 catholicam
1047 2014 1234 2079 eiusque
1267 2015 1489 2079 principia
1521 2013 1777 2078 polygamia

296 2090 446 2138 stricte
474 2091 614 2146 dicta,
654 2108 734 2138 seu
757 2091 955 2156 formalis
979 2091 1094 2138 inter
1118 2091 1387 2139 christianos
1422 2090 1577 2138 haberi
1601 2089 1772 2155 nequit.

296 2166 371 2214 Ob.
400 2167 764 2232 impedimentum
789 2169 907 2216 enim
931 2169 1167 2225 dirimens,
1196 2169 1316 2234 quod
1342 2169 1562 2232 liqaminis
1585 2177 1770 2223 vocant,

294 2242 470 2291 vivente
491 2248 629 2291 uxore
655 2244 1013 2309 priori,.omnia‚
1052 2261 1167 2310 quae
1202 2253 1516 2292 attentarentur
1548 2242 1771 2305 coniugia,

296 2321 422 2380 irrita
445 2320 605 2378 forent,
627 2338 680 2369 ac
704 2321 900 2369 larvatae
922 2338 1083 2369 uxores
1115 2332 1244 2369 erunt
1274 2320 1455 2386 quidem
1479 2319 1659 2367 totidem
1683 2318 1778 2383 pel-

295 2398 404 2445 lices
419 2436 429 2454 ,
467 2397 741 2450 concubinae
756 2436 766 2454 ,
805 2397 1054 2455 adulterae,
1092 2415 1253 2446 uxores
1276 2397 1492 2445 veronen
1526 2396 1646 2443 item.
1677 2394 1776 2457 Quo

394 2538 460 2579 (29)
481 2539 565 2571 Sane
580 2539 614 2582 in
632 2538 897 2580 Neo-granatensi
912 2538 1076 2580 republica
1090 2547 1156 2572 una
1173 2547 1248 2571 cum
1263 2538 1332 2579 lege
1346 2537 1387 2569 de
1405 2536 1613 2569 matrimonio
1631 2537 1721 2570 civili
1742 2539 1775 2569 et

296 2587 397 2621 altera
421 2587 620 2632 subsequuta
633 2588 682 2623 est
693 2584 734 2623 de
747 2590 900 2624 facultate
915 2583 1048 2624 divortii
1064 2587 1221 2632 saciendh
1237 2591 1333 2632 prout
1348 2588 1470 2626 iamdiu
1484 2590 1518 2621 in
1529 2589 1643 2622 Galliis
1657 2590 1778 2622 factum

300 2639 415 2681 fueram
425 2642 542 2675 et‘alibi
553 2643 684 2684 passim.
695 2643 772 2676 mii
783 2644 946 2683 interdum
957 2643 1160 2685 legislatores
1171 2644 1212 2676 nd
1222 2642 1489 2677 hancsecundam
1499 2643 1601 2684 legem
1612 2642 1778 2676 ferendam

298 2694 486 2727 necessitate
510 2696 609 2738 adigi,
632 2696 790 2738 alioquin,
801 2698 838 2729 ut
851 2697 1052 2737 videbimus,
1068 2696 1102 2729 in
1115 2696 1257 2730 deterius
1279 2696 1386 2728 rueret
1405 2695 1646 2728 matrimonium
1664 2694 1774 2727 civile.

396 2744 462 2787 (30)
483 2749 583 2787 conc.
597 2749 731 2782 trident.
749 2757 827 2782 sess.
845 2751 962 2783 xxw.
975 2752 1024 2783 De
1034 2758 1128 2782 sacr.
1141 2750 1248 2782 matr.
1266 2757 1338 2781 can.
1353 2749 1395 2780 11.

394 2798 460 2838 (³1)
480 2800 517 2830 ln
539 2800 655 2833 Prael.
672 2801 817 2843 theoloq.
836 2802 949 2836 Tract.
967 2800 1011 2834 dc
1026 2801 1182 2834 matrim.
1201 2809 1272 2843 cap.
1289 2802 1331 2833 11.
1347 2809 1441 2842 prop.
1460 2805 1486 2832 ι.
