1918 3186
264 202 290 232 Χ
869 194 1097 227 Pitumnum
1106 217 1113 224 .

264 295 431 342 porum
464 278 586 340 apud
617 276 843 323 iudaicam
881 283 1087 343 gentem,
1125 288 1243 336 quae
1273 272 1335 320 ab
1362 272 1454 318 illis
1492 280 1728 334 procreata

265 364 331 402 est
354 389 365 408 ‚
400 353 667 416 praesertim
701 366 813 397 vero
855 349 913 396 ab
957 358 1140 412 accepta
1175 350 1375 395 mosaica
1410 348 1534 410 lege,
1575 347 1730 394 divina

263 431 375 477 haec
398 429 622 475 institutio
652 426 710 473 ab
741 428 868 474 omni
903 428 1122 473 vitiorum
1147 425 1276 479 labe,
1306 440 1424 487 quae
1444 424 1501 471 ad
1522 425 1731 471 ethnicos

264 506 462 569 populos
492 513 584 550 tam
613 504 703 550 late
737 503 1066 556 dimanarunt,
1103 502 1348 564 impolluta
1380 503 1564 564 penitus
1590 509 1635 547 et
1660 502 1728 546 in-

265 591 379 628 tacta
409 580 690 643 perduravit.

360 657 471 712 Quis
506 671 618 701 vero
642 670 736 701 non
762 655 925 701 sentiat
954 662 1152 716 quantus
1182 670 1206 700 a
1237 668 1362 700 novo
1392 668 1476 715 per
1501 652 1729 699 Christum

264 733 449 779 foedere
487 732 595 778 huic
628 730 940 777 coniunctioni
981 731 1204 792 splendor
1246 731 1517 782 accesserit;
1554 744 1673 790 quae
1706 743 1729 774 a

263 811 359 855 Deo
391 809 589 869 primum
618 808 737 853 intra
762 815 950 852 naturae
976 805 1092 852 fines
1116 805 1437 867 quadantenus
1462 806 1725 855 constituta,

262 884 369 931 dein
405 899 429 929 a
463 884 642 929 Christo
678 883 876 929 Domino
908 883 966 928 ad
1000 882 1263 929 divinarum
1300 897 1457 928 rerum
1489 880 1741 932 ordinem.‘

261 968 307 1006 et
330 959 388 1005 ad
412 959 681 1005 sacramenti
716 958 986 1019 dignitatern
1015 966 1172 1004 evecta
1198 958 1296 1005 est?
1321 958 1363 1003 ls
1386 957 1509 1004 enim
1536 972 1632 1003 non
1657 962 1733 1008 so-

262 1035 360 1082 lum
398 1034 623 1096 quidquid
660 1035 850 1080 humani
893 1040 939 1080 et
978 1035 1106 1095 pravi
1153 1035 1401 1096 irrepserat
1437 1034 1731 1080 a-sanctitate

261 1111 540 1156 matrimonii
558 1109 764 1155 sustulit:
792 1124 957 1156 verum
982 1109 1118 1155 etiam
1143 1109 1273 1171 quod
1297 1109 1497 1170 antiquis
1522 1107 1732 1170 patribus

260 1193 384 1231 certa
409 1185 608 1246 quadam
632 1184 970 1247 dispensatione
1002 1199 1292 1238 concessum,
1312 1185 1534 1246 quodque
1551 1183 1730 1231 iudaeis

258 1260 324 1307 ob
352 1261 589 1322 ingenium
622 1262 769 1322 gentis
802 1269 939 1322 atque
972 1260 1179 1306 indolem
1214 1262 1491 1323 permissum
1517 1275 1543 1307 a
1573 1262 1730 1321 Moyse

260 1336 433 1390 fuerat,
455 1343 680 1398 perpetuo
706 1337 970 1389 revocavit:
994 1352 1050 1382 ex
1073 1351 1169 1398 quo
1193 1336 1413 1398 abrogata
1439 1338 1622 1399 penitus
1644 1337 1730 1382 viri

259 1428 364 1458 cum
390 1412 603 1475 pluribus
628 1412 808 1459 feminis
831 1414 1181 1467 coniunctione,
1208 1413 1521 1475 damnatoque
1549 1412 1729 1475 repudii

259 1487 446 1542 libello,
482 1490 764 1535 matrimonii
807 1498 982 1536 castum
1018 1498 1155 1551 atque
1193 1490 1450 1552 legitimum
1493 1489 1730 1536 vinculum

263 1563 321 1609 ad
339 1566 576 1626 pristinam
597 1565 724 1612 illam
742 1581 881 1611 unam
901 1565 1283 1627 individuamque
1307 1567 1573 1612 societatem
1598 1567 1734 1613 resti-

259 1641 363 1686 tuit.
399 1642 466 1686 Ne
493 1641 606 1702 quid
636 1657 750 1688 vero
785 1650 946 1688 contra
979 1650 1073 1687 tam
1109 1650 1316 1689 sanctum
1354 1643 1620 1704 nuptiarum
1660 1642 1732 1688 ius

257 1715 480 1762 auderent
510 1717 759 1779 aliquando
790 1718 1032 1771 homines,
1071 1733 1129 1763 ne
1162 1718 1276 1780 quid
1311 1720 1420 1764 novi
1451 1718 1728 1764 molirentur

256 1792 474 1838 invehere
492 1825 504 1846 ‚
534 1809 591 1839 ne
617 1793 730 1854 quid
765 1794 894 1855 quod
923 1803 1077 1840 ratum
1100 1801 1218 1841 esset
1243 1793 1482 1842 infirmare
1505 1810 1730 1841 conaren-

257 1874 363 1920 tur:
405 1869 545 1915 totius
580 1870 644 1915 rei
681 1870 873 1916 modum
905 1879 1042 1932 atque
1072 1872 1334 1917 universam
1370 1871 1728 1918 administratio-

259 1958 363 1989 nem
392 1944 610 1992 ecclesiae
647 1961 757 1992 suae
788 1961 928 2007 quam
961 1948 1010 1993 in
1045 1948 1179 1993 terris
1211 1947 1397 2008 reliquit
1433 1947 1730 2009 eiusdemque

257 2035 476 2081 supremo
504 2022 640 2084 capiti
665 2023 911 2069 commisit.
943 2023 1017 2069 Illi
1045 2024 1126 2070 uni
1162 2032 1395 2085 tamquam
1422 2024 1529 2070 duci
1555 2038 1608 2070 ac
1632 2038 1730 2070 ma-

257 2097 423 2156 gistrae
441 2105 710 2158 potestatem
736 2099 843 2145 fecit
858 2107 957 2145 tum
974 2107 1024 2146 ut
1042 2108 1190 2146 certas
1207 2101 1331 2162 leges
1350 2101 1730 2160 conditionesque

258 2173 555 2219 constitueret
578 2173 746 2235 quibus
769 2175 1007 2222 dumtaxat
1033 2184 1188 2223 sancte
1206 2186 1252 2223 et
1273 2177 1478 2238 legitime
1494 2177 1613 2222 inire
1632 2190 1730 2221 ma-

258 2247 527 2294 trimonium
549 2248 705 2295 liceret
721 2284 732 2303 ‚
748 2258 860 2297 ‚tum
885 2266 1065 2298 caussas
1091 2253 1384 2314 rationesque
1403 2259 1725 2313 cognosceret,

258 2331 394 2385 atque
427 2325 488 2370 ita
519 2325 657 2371 huius
686 2327 856 2373 vinculi
885 2328 1171 2375 honestatem
1202 2329 1604 2390 integritatemque
1631 2335 1730 2373 tue·

257 2408 403 2446 retur.

352 2478 446 2522 lam
476 2493 588 2524 vero
616 2481 824 2540 quamvis
855 2489 1090 2543 comperta
1123 2496 1197 2528 res
1222 2483 1282 2527 sit
1302 2482 1422 2527 hanc
1443 2482 1725 2527 matrimonii

255 2553 629 2600 coniunctionem
664 2557 860 2617 spectari
908 2571 1076 2618 posse,
1123 2564 1222 2603 tum
1262 2565 1498 2618 tamquam
1535 2564 1727 2603 naturae

255 2626 462 2674 officium
482 2663 493 2683 ‚
525 2631 654 2692 quod
681 2631 738 2678 ad
767 2633 1134 2694 procreationem
1170 2634 1330 2679 attinet
1364 2632 1621 2680 liberorum
1647 2649 1728 2679 eo-

254 2719 453 2766 rumque
493 2706 869 2756 institutionem:
907 2717 1006 2755 tum
1049 2717 1283 2771 tamquam
1327 2709 1533 2756 officium
1581 2709 1727 2756 civilis

253 2781 485 2827 societatis
514 2782 573 2827 ad
598 2799 735 2845 quam
759 2784 1122 2837 efformandam,
1153 2785 1412 2846 augendam
1448 2799 1727 2831 conservan-
