1918 3186
236 200 326 231 car.
343 200 399 231 ιν.
417 200 592 232 nxrann.
610 200 704 232 Alio.
722 199 773 231 »Β
788 201 882 233 nm.
902 202 1016 234 sicii.
1033 203 1125 235 Aur.
1143 202 1188 234 11.
1210 202 1304 234 Aac.
1322 202 1441 233 Tmo.
1517 187 1606 234 113

142 294 257 340 quae
272 287 340 325 est
357 277 412 324 ad
432 277 637 333 Probum,
659 277 886 325 constituit
908 296 946 325 s.
966 279 1161 327 Pontifex
1183 277 1493 326 indissolubile
1509 295 1609 327 esse

141 352 408 399 connubium
443 363 571 400 antea
615 353 770 400 initum
804 370 832 399 a
865 354 1070 402 Fortunio
1103 372 1203 403 cum
1238 356 1374 412 Ursa,
1414 371 1495 402 nec
1529 372 1609 419 po-

141 427 280 475 tuisse
298 427 553 474 Fortunium
570 427 766 474 validum
790 426 912 474 aliud
937 428 1048 475 inire
1072 430 1324 493 coniugium
1349 447 1449 478 cum
1466 430 1604 477 Resti-

140 514 258 560 tuta,
295 520 347 551 eo
380 503 500 567 quod
536 503 648 550 Ursa
681 503 726 549 in
762 503 1012 568 captivitate
1044 505 1326 554 detineretur.
1364 506 1473 554 Heic
1504 524 1608 554 vero

141 596 221 627 nec
253 577 576 626 benedictionis
607 578 894 626 sacerdotalis
929 578 1020 626 ulla
1052 579 1103 626 fit
1134 581 1313 629 mentio.
1336 581 1452 644 Ergo
1476 582 1609 630 Inno-

137 654 310 702 centius
353 653 523 701 nullum
569 655 827 718 suppeditat
867 654 1201 702 fundamentum
1235 656 1292 704 ad
1334 657 1608 706 sacerdotem

138 729 458 778 adstruendum
492 730 755 778 sacramenti
790 730 1054 779 matrimonii
1090 731 1356 779 ministrum.

232 805 319 852 Sed
343 822 487 870 neque
511 805 655 852 eidem
682 805 925 853 sententiae
958 806 1229 869 suffragatur
1250 807 1504 856 Timotheus
1528 826 1609 875 pa·-

137 881 351 937 triarcha,
380 881 458 946 qui
483 881 648 945 pariter
675 880 842 928 nullam
864 880 1187 930 benedictionis
1208 882 1475 931 mentionem
1497 884 1608 932 inie-

136 957 210 1004 cit.
239 958 328 1004 Nec
359 957 506 1005 obstat
538 957 656 1022 quod
691 957 869 1004 clericus
902 957 1074 1005 dicatur
1105 959 1386 1022 coniunqere;
1424 960 1610 1023 perinde

130 1033 254 1082 ,enim
281 1032 356 1081 hic
377 1032 494 1081 valet
526 1033 791 1096 coniungere
804 1070 815 1089 ,
844 1043 979 1098 atque
1001 1050 1259 1081 concurrere
1281 1051 1363 1098 per
1383 1045 1606 1083 servatum

135 1108 349 1156 ecclesiae
382 1109 514 1156 ritum
548 1110 593 1155 in
627 1108 920 1157 celebratione
951 1108 1161 1174 coniugii.
1191 1109 1319 1165 Quod
1353 1127 1482 1159 nemo
1514 1128 1610 1159 um·

133 1201 268 1248 quam
302 1184 526 1233 inficiatus
561 1195 645 1233 est.

230 1260 352 1308 Idem
374 1260 447 1308 dic
469 1261 526 1308 de
549 1271 668 1308 textu
691 1260 867 1326 Synesii
882 1297 892 1317 ,
913 1276 1002 1325 quo
1024 1260 1121 1326 ipse
1137 1259 1392 1323 significare
1413 1261 1604 1310 intendit

135 1336 378 1399 legitimum
400 1354 451 1385 se
472 1337 748 1385 contraxisse
770 1336 1041 1400 coniugium.

230 1413 275 1458 S.
291 1412 581 1476 Augustinus,
598 1423 648 1461 ut
664 1413 761 1461 eius
778 1412 914 1460 verba
931 1411 1173 1468 declarant,
1190 1410 1302 1458 nihil
1325 1411 1448 1460 aliud
1465 1413 1605 1476 signi-

135 1487 251 1544 ficat,
273 1505 407 1553 quam
420 1506 470 1536 se
482 1505 570 1536 non
588 1505 722 1552 posse
739 1487 990 1552 permittere
1007 1486 1260 1550 coniugium
1278 1486 1519 1535 ineundum
1538 1488 1606 1534 in—

136 1572 202 1610 ter
217 1564 392 1612 fidelem
405 1575 448 1612 et
459 1564 698 1612 infidelem.
711 1564 830 1620 Quid
850 1563 954 1611 inde
967 1581 1046 1628 pro
1060 1573 1337 1628 propugnata
1354 1564 1608 1612 sententia?

228 1639 274 1685 S.
303 1638 537 1704 Gregorius
572 1640 869 1688 nazianzenus
902 1649 1085 1686 excusat
1112 1655 1162 1686 se
1195 1638 1315 1703 quod
1349 1655 1437 1687 non
1471 1639 1608 1688 inter-

134 1714 267 1762 fuerit
297 1732 399 1763 cum
432 1715 590 1764 ceteris
623 1715 848 1781 episcopis
893 1714 1177 1763 celebrationi
1221 1715 1415 1779 coniugii
1450 1714 1610 1781 Olym—

135 1790 281 1854 piadis
312 1791 370 1840 ob
402 1793 566 1849 varias,
596 1810 709 1858 quas
732 1791 794 1839 ibi
817 1801 1044 1840 enumerat
1065 1808 1247 1849 causas,
1270 1809 1359 1840 non
1382 1802 1529 1839 autem
1552 1809 1607 1839 ex

136 1865 253 1913 mala
282 1866 556 1916 voluntate«
573 1869 683 1916 Nam
712 1867 900 1933 alioqui,
929 1867 1101 1923 subdit,
1129 1877 1343 1932 quantum
1366 1867 1425 1915 ad
1447 1866 1610 1915 volun-

137 1951 268 1989 tatem
301 1942 478 2000 attinet,
516 1954 560 1992 et
592 1944 774 2001 adsum,
812 1953 857 1994 et
887 1942 1022 1992 simul
1055 1942 1217 1991 festum
1250 1941 1449 1999 celebro,
1481 1941 1608 1990 iuve-

137 2015 339 2082 nilesque
360 2017 535 2066 dextras
559 2019 673 2067 inter
694 2036 745 2067 se
767 2019 923 2083 iungo,
944 2030 1077 2084 atque
1098 2028 1316 2082 utrasque
1326 2018 1410 2065 Dei
1430 2017 1601 2066 manui.

136 2091 350 2141 Convenit
390 2093 533 2150 enim,
569 2105 621 2142 ut
650 2094 1027 2160 quemadmodum
1059 2094 1150 2142 alia
1182 2093 1332 2141 omnia
1362 2092 1504 2151 bona,
1542 2093 1604 2142 ita

136 2169 462 2216 matrimonium
496 2186 674 2234 quoque
706 2170 752 2217 in
785 2171 1001 2235 optimum
1034 2186 1256 2235 quemque
1289 2168 1445 2226 finem,
1472 2179 1517 2218 et
1537 2186 1607 2218 se·

136 2245 331 2292 cundum
365 2246 617 2293 communia
649 2256 799 2294 nostra
824 2257 927 2294 vota
950 2246 1076 2293 fiat.»
1090 2245 1157 2293 Ex
1178 2245 1346 2310 quibus
1368 2245 1603 2310 postremis

136 2319 281 2368 verbis
315 2320 455 2386 liquet
487 2338 540 2369 eo
573 2331 799 2386 spectasse
832 2339 870 2369 s.
895 2321 1178 2385 Gregorium,
1202 2331 1252 2369 ut
1273 2321 1601 2370 matrimonium

136 2412 162 2442 a
184 2395 390 2443 fidelibus
414 2396 599 2444 iniretur
622 2397 678 2445 ad
701 2396 1026 2462 beneplacitum
1050 2395 1264 2445 ecclesiae
1285 2395 1599 2461 praelatorum,

137 2535 267 2569 humani
289 2538 413 2577 generis
436 2538 723 2580 coniungerentur,
738 2537 779 2571 ab
796 2539 871 2580 ipso
884 2539 1030 2571 Domino
1043 2539 1114 2571 sint
1129 2536 1448 2575 benedicet...ouam
1462 2536 1602 2570 tonnam

139 2588 237 2621 etiam
249 2590 430 2623 sacerdotes
444 2599 556 2623 omnes
566 2599 695 2624 servare
706 2599 785 2623 usus
799 2590 868 2632 ipse
881 2590 1080 2623 demonstrat
1094 2589 1258 2622 ecclesiae.
1278 2588 1362 2622 satis
1382 2588 1469 2621 enim
1491 2588 1603 2622 absur-

138 2639 216 2672 dum
230 2642 280 2674 est
292 2642 434 2683 aliquem
451 2642 597 2683 eredere,
612 2651 746 2676 uxorem
762 2643 837 2675 ante
851 2642 1046 2683 baptismum
1062 2642 1225 2682 acceptam
1239 2641 1312 2682 post
1325 2640 1522 2682 baptismum
1535 2649 1601 2674 non

139 2693 334 2734 computari,
348 2703 421 2727 cum
437 2694 636 2736 benedictio,
651 2704 735 2736 quae
749 2703 805 2736 per
818 2694 1018 2727 sacerdotem
1032 2702 1128 2735 super
1146 2693 1302 2726 nubentes
1317 2693 1509 2735 imponitur,
1535 2702 1601 2726 non

139 2743 303 2777 materiam
317 2745 525 2787 delinquendi
538 2747 684 2787 dedisse,
703 2746 760 2779 sed
775 2747 911 2779 sormam
930 2746 1070 2779 tenuisse
1084 2745 1162 2786 tegis
1180 2754 1199 2777 a
1215 2747 1284 2779 Deo
1298 2747 1494 2789 antiquum
1509 2746 1599 2786 insti·

136 2797 224 2830 tutae
236 2796 420 2831 doceatur.»
437 2799 530 2840 Apud
544 2801 701 2833 coustant
719 2808 790 2841 pag.
806 2802 877 2832 752.

1515 2874 1537 2903 8
