1912 3180
348 192 438 239 386
601 205 680 236 mn.
709 202 740 234 1.
768 202 882 234 sacr.
910 201 1083 234 11111111.
1111 202 1164 234 m:
1189 203 1364 236 uuam.
1393 203 1534 236 cmm.

441 283 529 328 Nec
564 280 723 327 minori
756 279 1036 327 vehementia
1072 297 1164 327 rem
1199 281 1317 328 hanc
1351 281 1496 346 ipsam
1532 286 1815 348 persequitur

345 358 400 406 cl.
430 358 597 404 sauzet
611 356 657 402 in
680 355 896 420 opusculo
920 373 1056 421 saepe
1078 374 1105 403 a
1129 356 1259 404 nobis
1282 356 1484 415 laudato,
1511 358 1631 423 quod
1654 359 1810 408 eodem

343 450 459 480 anno
491 431 689 496 vulgavit
720 432 784 479 De
815 434 1086 480 matrimonio
1122 433 1248 480 civili
1280 450 1331 480 ac
1364 434 1591 498 reliqioso;
1626 435 1697 482 vir
1735 453 1814 484 su-

344 525 493 573 premo
517 508 764 556 ministerio
787 509 966 574 publico
990 510 1169 556 functus
1187 547 1196 565 ,
1225 509 1304 573 qui
1329 510 1515 574 proinde
1537 511 1702 576 optime
1725 512 1810 559 hu-

343 584 415 631 ius
449 583 561 647 legis
603 583 787 632 effectus
821 584 867 631 in
902 584 1056 632 Galliis
1103 594 1301 631 noverat.
1347 585 1439 631 Iam
1473 603 1577 634 vero
1599 625 1609 643 ,
1648 587 1724 635 hic
1761 588 1807 634 in

340 659 529 724 epistola
562 659 663 724 ipsa
691 660 1012 726 nuncupatoria
1035 660 1339 724 imprudentes
1367 662 1562 726 appellat
1585 673 1718 727 atque
1741 681 1810 711 re-

342 735 569 799 trogrados
603 752 681 784 eos
697 773 707 793 ,
745 736 824 801 qui
858 736 1007 784 adhuc
1030 753 1079 783 se
1103 736 1308 800 religioni
1343 738 1588 787 catholicae
1622 738 1810 788 hostiles

340 812 554 876 praebent
575 850 586 868 ‚
625 812 895 877 eosdemque
929 812 1262 860 anachronismi
1296 831 1406 861 sane
1429 814 1692 879 deplorandi
1715 833 1813 864 reos

340 898 483 936 vocat.
519 889 730 936 Patefacit
759 888 1036 936 imminentia
1059 889 1198 946 mala,
1220 907 1335 954 quae
1352 907 1406 937 ex
1423 890 1509 938 hoc
1526 908 1672 938 rerum
1691 901 1811 939 statu

339 963 590 1029 subalpinis
614 982 667 1012 ex
690 963 999 1012 communibus
1030 965 1259 1028 religionis
1283 975 1516 1030 statusque
1539 966 1710 1031 politici
1733 966 1809 1014 ad—

337 1040 549 1088 versariis
584 1041 827 1088 obventura
851 1050 979 1097 sunt;
1009 1041 1202 1088 ostendit
1233 1041 1472 1089 arctissimi
1506 1042 1697 1090 foederis
1733 1061 1811 1090 ne-

339 1116 591 1164 cessitatem
626 1117 792 1164 clerum
824 1117 940 1164 inter
973 1135 1026 1164 ac
1060 1117 1190 1165 civile
1232 1117 1425 1181 regimen
1450 1157 1460 1175 ,
1497 1128 1545 1166 ut
1583 1119 1669 1167 hoc
1703 1118 1810 1166 sub—

337 1193 498 1240 sistere
529 1193 700 1257 possit,
737 1193 810 1241 cui
843 1193 1025 1259 quidem
1061 1194 1226 1242 foederi
1250 1205 1293 1242 et
1321 1195 1623 1243 coniunctioni
1657 1194 1809 1243 obsta—

334 1390 469 1432 liqteux
489 1391 526 1424 la
543 1392 692 1425 revision
707 1391 757 1424 du
775 1393 857 1423 titre
872 1390 921 1424 du
935 1395 1090 1434 mariaqe
1103 1391 1192 1424 dans
1208 1391 1240 1424 le
1252 1391 1335 1424 code
1347 1391 1451 1432 civil,
1464 1393 1497 1424 et
1512 1390 1704 1423 l’abolition
1716 1390 1808 1424 dela

332 1445 424 1476 mort
446 1444 560 1477 civile.
581 1444 742 1477 Marseille
757 1445 786 1476 le
799 1449 852 1477 3ο.
866 1444 930 1476 Mai
949 1447 1089 1478 1853.1n
1111 1445 1215 1486 prima
1229 1444 1464 1486 subscriptione
1475 1444 1540 1476 iam
1555 1443 1808 1476 numerabantur

333 1496 467 1529 nomina
477 1497 622 1530 virorum
643 1506 683 1530 ex
697 1497 786 1530 omni
801 1497 988 1530 conditione
1001 1499 1034 1530 et
1046 1497 1146 1538 gradu
1155 1521 1165 1537 ,
1177 1498 1234 1537 qui
1248 1497 1394 1529 libellum
1404 1497 1584 1538 supplicem
1598 1496 1719 1529 dabant
1730 1499 1802 1529 722.

436 1551 561 1583 Interea
575 1550 694 1584 iuverit
706 1551 787 1583 haec
797 1550 905 1583 verbis
917 1550 1107 1583 confirmare
1121 1551 1153 1582 et
1166 1549 1358 1582 auctoritate
1367 1549 1499 1581 illorum
1511 1549 1567 1590 qui
1584 1558 1603 1581 a
1618 1549 1720 1581 multo
1732 1550 1807 1581 tem-

337 1612 415 1644 pore
429 1611 560 1644 operam
573 1602 732 1636 dederunt
745 1604 815 1645 piae
829 1603 1026 1636 institutioni
1040 1603 1080 1635 de
1095 1602 1309 1636 matrimoniis
1320 1602 1472 1634 civilibus
1485 1611 1543 1643 per
1559 1602 1745 1643 religiosum
1764 1601 1806 1634 ri·

332 1658 404 1687 tum
420 1655 667 1688 cohonoemndis
681 1680 691 1696 ‚
711 1655 832 1697 quique
846 1658 1015 1696 propterea
1030 1656 1106 1687 sunt
1120 1654 1162 1687 ab
1174 1655 1370 1695 experientia
1384 1654 1479 1695 plane
1490 1653 1597 1686 edocti
1612 1654 1653 1686 de
1667 1662 1706 1686 eo
1718 1653 1807 1694 quod

335 1707 368 1739 iu
383 1706 544 1740 eiusmodi
558 1707 716 1747 coniugiis
729 1707 897 1748 contingit..
913 1707 1103 1748 interrogati
1115 1716 1134 1739 a
1150 1707 1292 1748 quodam
1308 1715 1383 1739 vere
1405 1706 1566 1738 catholico
1580 1707 1728 1738 senatore
1739 1707 1807 1738 tau-

332 1760 454 1792 rinensi
475 1759 516 1792 de
536 1759 598 1792 hac
621 1760 808 1801 quaestione
818 1785 828 1800 ,
855 1760 900 1792 ita
923 1759 1027 1792 eidem
1056 1759 1261 1801 rescripsere:
1281 1773 1297 1787 u
1310 1761 1397 1791 Tous
1410 1759 1455 1791 1ae
1470 1759 1609 1799 eveqnes
1630 1758 1670 1790 de
1683 1759 1806 1790 Franco

331 1820 411 1844 avec
433 1813 507 1844 tous
524 1812 572 1844 les
595 1813 758 1845 ministres
771 1812 811 1845 de
826 1811 945 1844 second
960 1812 1054 1844 ordre
1065 1837 1075 1853 ,
1093 1821 1171 1845 avec
1182 1815 1257 1844 tous
1272 1812 1318 1844 les
1331 1811 1508 1843 directeurs
1522 1811 1562 1843 de
1575 1810 1779 1843 consciences
1789 1834 1799 1851 ,

332 1873 412 1898 avec
424 1865 498 1897 tous
513 1864 560 1898 les
574 1867 706 1897 auteurs
719 1865 976 1904 conscientieux,
992 1865 1049 1905 qui
1067 1866 1125 1897 ont
1141 1865 1222 1897 ecrit
1237 1873 1294 1896 sur
1314 1863 1471 1897 l’histoire
1483 1863 1524 1896 de
1537 1865 1660 1895 France
1674 1862 1757 1895 dans
1772 1863 1804 1895 la

332 1918 464 1959 periode
481 1918 640 1959 compi-ise
653 1918 743 1950 entre
762 1921 850 1951 1789.
865 1919 898 1950 et
921 1923 1010 1951 1850.
1027 1918 1256 1958 conviennent‚
1273 1926 1337 1959 que
1355 1917 1386 1949 la
1403 1916 1536 1957 religion
1557 1912 1742 1956 catholique
1763 1924 1804 1948 ne

330 1970 406 2003 s‘aet
417 1969 534 2010 jamais
548 1971 664 2003 remise
679 1970 723 2003 du
737 1979 821 2012 coup
834 1970 890 2012 qui
901 1970 949 2002 lui
964 1979 983 2002 a
994 1970 1045 2003 ete
1058 1971 1149 2012 porte
1161 1971 1183 2002 il
1195 1980 1215 2011 y
1228 1979 1248 2002 a
1261 1975 1311 2003 60.
1321 1978 1379 2002 ans
1392 1979 1450 2012 par
1463 1968 1668 2001 l'institution
1680 1968 1726 2001 du
1739 1977 1802 2001 ma·

333 2023 420 2064 riage
440 2023 529 2056 civil.
1217 2041 1219 2043 ·

429 2077 500 2114 Que
519 2076 633 2118 depuis
655 2078 748 2109 notre
775 2077 916 2118 epoque,
935 2086 981 2109 un
1001 2076 1136 2109 nombre
1156 2075 1378 2109 considerable
1398 2075 1439 2108 de
1461 2074 1598 2116 franceis
1614 2074 1689 2106 vive
1709 2073 1805 2106 mari-

327 2130 481 2162 talement
495 2139 570 2163 sans
584 2131 676 2163 avoir
691 2139 765 2171 recu
782 2131 814 2163 la
829 2131 1031 2163 benediction
1045 2130 1205 2172 nuptiale,
1221 2131 1254 2162 et
1268 2129 1366 2170 qu’ils
1373 2130 1571 2162 mourraient
1582 2137 1719 2170 presque
1730 2129 1804 2160 tous

330 2191 406 2215 sans
417 2184 510 2216 avoir
526 2193 601 2225 recu
614 2184 661 2216 les
673 2186 883 2224 sacrementS,
894 2184 923 2217 si
936 2185 968 2217 16
983 2184 1104 2225 clerge,
1120 2193 1161 2216 au
1174 2183 1301 2216 dernier
1314 2184 1479 2222 moment,
1494 2184 1527 2215 et
1540 2182 1700 2224 plusieurs
1715 2182 1803 2214 aines

328 2236 522 2269 charitables
536 2245 577 2269 116
587 2236 801 2270 reunissaient
819 2239 896 2269 tous
911 2238 997 2269 leurs
1012 2237 1124 2269 efforts
1139 2245 1222 2277 pour
1236 2235 1384 2277 prevenit
1396 2243 1433 2267 ce
1447 2235 1605 2266 malheur.

429 2289 538 2327 Qu’un
551 2290 682 2322 homme
691 2290 747 2331 qui
758 2290 811 2322 n'a
822 2290 986 2322 contracte
999 2299 1063 2330 que
1079 2289 1109 2321 le
1122 2289 1186 2321 lien
1203 2289 1279 2322 civil
1292 2288 1335 2321 du
1349 2287 1489 2328 mariage
1498 2311 1507 2327 ,
1521 2295 1609 2319 cesse
1621 2296 1662 2319 en
1678 2286 1804 2327 general

327 2342 368 2374 de
382 2342 549 2383 pratiquer
565 2342 596 2375 la
613 2342 747 2383 religion
759 2368 769 2383 ,
785 2344 817 2375 et
831 2351 875 2375 on
889 2351 908 2375 a
922 2343 1091 2383 remarque
1112 2351 1176 2383 que
1196 2342 1244 2374 les
1265 2348 1438 2383 personnes
1461 2339 1598 2371 mariees
1616 2339 1802 2371 civilement

328 2394 420 2427 n'ont
431 2403 490 2436 pas
501 2395 716 2428 elles-memes
734 2396 765 2427 la
778 2395 927 2428 moindre
937 2395 1102 2427 confiance
1115 2395 1197 2427 dans
1210 2395 1281 2427 leur
1295 2393 1467 2427 soi-disant
1478 2392 1627 2433 mariage.

426 2449 497 2485 Que
513 2447 592 2480 c’est
605 2446 688 2480 dans
697 2456 750 2479 ces
762 2447 963 2489 deplorahles
981 2447 1095 2480 unions
1103 2471 1113 2488 ‚
1130 2447 1228 2488 qu'on
1238 2448 1287 2479 est
1298 2446 1408 2479 assure
1417 2445 1457 2478 de
1470 2446 1602 2477 trouver
1614 2443 1662 2476 1oe
1673 2443 1800 2476 eufants

328 2498 483 2532 indociles
496 2501 529 2531 et
539 2498 686 2532 libertins
694 2523 704 2539 ,
718 2499 775 2532 des
786 2500 914 2532 enfants
926 2500 983 2541 qui
998 2499 1145 2540 ignorent
1156 2498 1307 2540 jusqu’au
1319 2498 1408 2539 signe
1422 2497 1507 2530 dela
1519 2496 1621 2529 croix.
1633 2496 1667 2528 Si
1682 2496 1728 2528 les
1745 2505 1798 2537 pa-

329 2553 415 2583 rents
430 2552 553 2585 etaient
569 2552 627 2585 des
641 2552 759 2585 maries
774 2552 886 2593 civils,
902 2553 948 2585 les
963 2552 1088 2584 enfants
1102 2561 1143 2584 ne
1156 2552 1336 2593 rougissent
1349 2559 1407 2592 pas
1419 2550 1519 2593 d’etre
1536 2549 1578 2581 de
1592 2548 1684 2590 peres
1703 2551 1796 2582 natu-

329 2603 406 2643 rels,
415 2606 449 2636 et
461 2604 485 2636 il
498 2605 581 2638 n'est
593 2614 652 2646 pas
667 2614 737 2637 rare
748 2604 790 2638 de
803 2606 935 2638 trouver
947 2605 1028 2637 trois
1043 2604 1246 2646 generations
1258 2603 1452 2636 successivas
1464 2601 1624 2634 d'ent'ants
1643 2602 1797 2634 naturels.

427 2657 453 2689 11
474 2658 596 2691 semble
616 2667 681 2699 que
703 2659 834 2699 lorsque
847 2667 911 2691 une
924 2657 1046 2691 famille
1060 2659 1110 2690 est
1121 2657 1274 2698 marquee
1291 2665 1331 2688 au
1345 2655 1432 2688 front
1447 2654 1488 2686 de
1507 2655 1591 2686 cette
1604 2653 1717 2695 tache,
1739 2663 1798 2686 son

328 2707 404 2740 chef
421 2710 586 2742 reconnait
605 2711 772 2743 lui-meme
786 2710 904 2751 qu'elle
918 2712 967 2743 est
980 2719 1019 2742 611
1033 2709 1151 2742 dehors
1166 2710 1207 2742 de
1221 2710 1310 2742 toute
1323 2707 1367 2740 loi
1381 2706 1524 2747 morale,
1541 2708 1574 2739 et
1587 2706 1795 2748 impuissante

326 2760 345 2792 a
357 2768 396 2792 en
415 2764 585 2802 supporter
601 2763 631 2795 le
644 2763 758 2795 frein.»

422 2814 468 2844 Ex
488 2815 613 2846 senato
632 2815 690 2847 del
710 2824 814 2854 reqno
830 2825 900 2857 pag.
926 2819 992 2849 187.
1010 2816 1148 2849 Tornata
1169 2815 1220 2847 dei
1241 2819 1286 2847 15.
1307 2812 1448 2845 Dicemb.
1471 2817 1557 2845 ¹852.
