1918 3186
278 195 368 241 218
553 208 633 239 mn.
662 207 690 238 1.
720 205 834 238 aser.
865 205 1035 237 urum.
1060 206 1112 237 ni:
1136 206 1312 239 uuum.
1331 206 1476 239 civlm.

278 283 714 335 indissolubilitatem
743 284 860 347 (18).
884 282 1010 332 Certe
1044 283 1259 331 Bentham
1284 282 1415 349 plura
1436 286 1662 348 congessit
1688 304 1754 336 ar·

276 351 482 428 gumenta
500 398 510 418 ,
555 359 721 425 quibus
762 359 936 408 evincat
976 370 1162 407 naturae
1186 360 1281 408 iure
1305 361 1564 424 coniugium
1605 363 1754 427 potius

275 453 516 503 exposcere
547 435 960 493 dissolubilitatem,
982 435 1519 501 arguitquelegislatores
1543 437 1662 502 quod
1687 438 1756 485 in-

274 512 538 562 dissolubile
572 512 791 561 voluerint
814 512 924 560 illud
948 512 1125 560 efficere
1146 515 1261 576 (19).
1285 513 1489 578 Plerique
1507 530 1661 562 omnes
1679 531 1754 562 an-

276 590 387 655 tiqui
420 589 722 653 legislatores,
756 589 913 637 saltem
952 589 1271 637 interveniente
1304 590 1537 645 adulterio,
1565 589 1754 638 solubile

272 665 561 713 decreverunt
604 664 886 729 coniugium,
925 664 1060 712 immo
1096 681 1201 712 vero
1236 665 1386 730 plures
1432 665 1545 712 alias
1590 682 1752 713 causas

274 759 354 807 pro
387 741 582 804 coniugii
615 741 909 788 dissolutione
943 750 1213 796 statuerunt,
1245 741 1364 805 quod
1399 751 1554 805 postea
1585 741 1755 789 videbi-

273 835 389 865 mus.
428 818 584 882 Itaque
612 834 666 865 ex
700 816 796 864 sola
829 814 1019 862 naturali
1045 815 1141 879 lege
1163 815 1536 863 indissolubilitas
1562 816 1624 863 ita
1646 833 1753 864 con-

273 893 397 942 stitui
421 893 600 959 nequit,
627 903 677 941 ut
700 910 788 940 non
812 902 958 949 nutet,
988 892 1191 957 adeoque
1213 891 1278 938 illi
1297 892 1380 940 soli
1399 892 1579 957 politica
1601 903 1753 941 aucto—

273 970 380 1017 ritas
432 970 560 1017 inniti
606 970 760 1034 nequit
795 969 851 1016 ad
886 968 1284 1017 constabiliendam
1319 979 1575 1035 perpetuam
1608 968 1753 1017 civilis

272 1041 466 1110 coniugii
502 1045 956 1094 indissolubilitatem.

369 1122 456 1168 Sed
491 1139 636 1186 neque
671 1121 867 1169 secundo
891 1121 937 1168 id
961 1120 1150 1169 obtineri
1184 1132 1330 1187 potest
1363 1121 1459 1170 sola
1487 1121 1751 1186 imperantis

272 1215 349 1245 seu
397 1197 701 1261 legislatorum
735 1197 1010 1245 auctoritate.
1049 1199 1160 1245 Nam
1193 1198 1315 1246 nulla
1350 1198 1531 1246 omnino
1565 1208 1634 1246 est
1665 1198 1752 1246 hu-

274 1291 406 1323 mana
440 1273 667 1340 quaelibet
699 1275 954 1332 auctoritas,
981 1286 1032 1323 ut
1053 1275 1196 1324 valeat
1227 1275 1445 1324 obsistere
1477 1275 1752 1323 vehementi-

273 1351 358 1400 bus
376 1351 714 1416 cupiditatibus,
737 1351 903 1417 quibus
927 1351 1130 1400 homines
1160 1352 1402 1399 identidem
1427 1362 1652 1415 urgentur.
1676 1352 1752 1398 Ni-

272 1426 359 1474 mis
403 1437 631 1491 praeterea
674 1426 909 1475 instabiles
953 1438 1056 1475 sunt
1087 1427 1158 1476 vel
1191 1427 1281 1492 ipsi
1315 1427 1590 1491 legislatores
1614 1465 1624 1483 ,
1673 1426 1750 1491 qui

272 1520 406 1569 saepe
439 1503 552 1552 adeo
586 1503 707 1568 leges
747 1521 854 1552 suas
889 1504 1155 1560 immutant;
1194 1522 1333 1569 quare
1367 1504 1449 1551 etsi
1484 1503 1541 1551 ad
1575 1514 1751 1567 tempus

273 1579 438 1628 sanciri
472 1579 616 1645 possit
648 1579 1046 1636 indissolubilitas‚
1079 1596 1179 1628 cum
1213 1579 1259 1626 id
1294 1579 1485 1644 pendeat
1516 1579 1572 1626 ab
1606 1579 1752 1626 homi-

271 1655 343 1703 nis
377 1654 558 1703 arbitrio
573 1693 583 1712 ,
621 1655 752 1703 citius
787 1655 931 1703 serius
955 1672 980 1703 e
1002 1655 1155 1702 codice
1178 1654 1397 1703 eiusmodi
1423 1655 1492 1702 lex
1516 1654 1654 1702 deleri
1678 1671 1753 1719 po-

273 1742 372 1780 test.
413 1732 553 1798 quue
591 1731 722 1796 longe
755 1732 929 1780 facilius
964 1732 1203 1795 continget,
1237 1749 1338 1780 cum
1373 1731 1524 1797 plures
1549 1731 1606 1779 ad
1629 1731 1751 1794 leges

272 1808 476 1857 ferendas
510 1819 803 1866 concurrunt3
833 1808 1056 1875 siquidem
1078 1819 1122 1856 et
1144 1808 1233 1874 ipsi
1259 1808 1535 1872 legislatores
1561 1808 1656 1855 suis
1679 1825 1753 1855 cu-

271 1883 536 1950 piditatibus
556 1895 830 1950 premuntur.
847 1886 1038 1933 Rursum
1054 1924 1064 1942 ,
1089 1903 1190 1933 cum
1207 1884 1439 1950 opiniones
1459 1902 1598 1932 novae
1623 1901 1750 1949 prae-

269 1959 418 2009 valent
460 1956 744 2027 mentemque
787 1961 1086 2011 multitudinis
1131 1962 1348 2010 invadunt
1389 1962 1436 2008 in
1479 1961 1751 2027 quibusdam

271 2037 533 2101 praesertim
561 2048 807 2102 temporum
840 2037 1088 2095 adiunctis,
1115 2037 1245 2086 facile
1267 2037 1325 2085 ad
1350 2054 1399 2085 se
1423 2037 1604 2085 trahunt
1630 2037 1751 2084 eius-

270 2113 392 2162 modi
426 2113 730 2179 legIslatorum
765 2132 1016 2163 assensum.
1049 2116 1279 2180 Denique,
1307 2115 1410 2163 aliis
1434 2115 1638 2171 omissis,
1672 2113 1750 2161 ab·

270 2191 457 2239 surdum
481 2202 549 2239 est
571 2191 659 2239 sibi
683 2192 954 2258 persuadere
977 2209 1111 2258 posse
1139 2192 1381 2240 humanam
1415 2191 1719 2239 auctoritatem
1735 2228 1745 2246 ,

366 2348 432 2390 (18)
450 2351 491 2382 V.
509 2349 662 2382 Schwarz
685 2351 845 2384 Institut.
869 2351 958 2383 iuris
977 2349 1079 2392 publ.
1100 2351 1255 2383 univers.
1276 2350 1426 2382 naturae
1444 2350 1479 2381 et
1497 2349 1666 2389 yenlium.
1691 2348 1752 2379 Ve-

270 2402 336 2434 net.
355 2404 445 2435 176⁰.
461 2403 541 2434 tom.
557 2403 599 2435 11.
615 2411 686 2444 pag.
702 2408 721 2435 6
743 2404 775 2435 et
800 2405 830 2435 7.
844 2402 900 2435 ubi
914 2403 1023 2445 plures
1037 2403 1248 2444 philosophos
1263 2402 1417 2444 antiquos
1436 2402 1470 2434 et
1484 2400 1680 2434 recentiores
1694 2399 1748 2431 ad-

272 2453 363 2487 ducit
378 2463 436 2496 pro
451 2454 610 2487 sententia
631 2455 796 2496 negativa,
819 2454 920 2487 immo
939 2464 1004 2487 non
1029 2463 1150 2496 paucos
1174 2455 1341 2495 theologos
1362 2454 1485 2496 primae
1509 2454 1605 2485 notae
1624 2452 1751 2493 praeter

272 2507 423 2540 auctores
445 2508 671 2550 protestantes,
686 2507 744 2550 qui
756 2508 797 2540 de
810 2507 881 2540 iure
895 2509 1031 2540 naturae
1045 2516 1143 2549 opera
1157 2507 1341 2540 ediderunt.
1353 2508 1419 2539 Nos
1431 2507 1491 2539 hos
1505 2514 1565 2538 suo
1583 2505 1655 2537 loco
1673 2504 1748 2538 affe·

273 2567 393 2593 remus.

340 2611 342 2613 ’
360 2612 435 2654 ’(19)
458 2615 609 2647 oeuvres
623 2613 666 2647 de
686 2615 722 2647 J.
735 2613 909 2647 Bentham
923 2613 1169 2647 iurisconsulte
1191 2612 1341 2654 anqlais.
1363 2611 1480 2645 Τναὶίὀ
1495 2611 1536 2644 de
1554 2610 1752 2652 ldqzslaeion

275 2664 379 2697 civile
392 2668 426 2698 et
436 2667 561 2708 penale
590 2667 755 2700 Bruxelles
773 2671 850 2700 1829
876 2667 1040 2700 troisieme
1054 2667 1136 2708 part.
1147 2665 1200 2698 ch.
1214 2667 1256 2698 V.
1270 2667 1323 2698 Du
1336 2667 1492 2706 mariaqe
1507 2666 1584 2697 sect.
1600 2665 1641 2696 ΙΙ.
1655 2665 1753 2696 Pom·

272 2716 355 2758 quel
375 2719 482 2760 temps
494 2722 512 2751 Ρ
534 2722 693 2754 Examen
713 2719 763 2754 du
786 2720 940 2753 divorce.
961 2722 1027 2754 Nos
1050 2721 1130 2753 haec
1146 2720 1339 2760 argumenta
1359 2727 1419 2751 suo
1440 2718 1513 2751 loco
1535 2716 1754 2758 expendemus

275 2778 314 2802 ac
340 2769 574 2813 dissolv-emus,
600 2781 676 2806 cum
701 2782 817 2815 nempe
831 2773 865 2806 in
881 2773 938 2806 lib.
955 2775 1012 2806 ln.
1027 2773 1223 2807 disseremus
1239 2772 1280 2804 de
1294 2772 1355 2804 hac
1370 2770 1667 2804 indissolubilitatis
1682 2777 1753 2811 pro·

272 2821 420 2863 prietate.
