1918 3186
192 202 280 233 cn.
299 201 356 232 1v.
376 200 550 233 nxrnnn.
569 200 662 232 Ano.
681 200 732 232 nn
745 199 836 232 ιιιΝ.
852 199 967 231 saca.
983 198 1076 232 Λιιτ.
1092 198 1154 231 ιιι.
1169 199 1263 230 Anu.
1282 198 1432 230 rnssoi„
1497 183 1519 228 1
1529 183 1586 228 27

128 279 338 326 oramenti
374 278 484 326 ratio
518 279 639 325 iuxta
670 294 758 325 non
792 294 958 341 paucos
983 276 1210 340 theologos
1233 277 1329 338 (36)
1357 275 1592 323 habebitur

128 354 307 418 quidem
342 371 393 400 ex
428 364 552 417 parte
585 352 801 400 catholica
824 390 834 409 ,
873 370 960 399 non
994 363 1140 401 autem
1176 370 1228 400 ex
1263 352 1501 399 haeretica.
1539 352 1588 397 In

129 429 214 476 hac
246 446 349 476 vero
388 428 627 493 hypothesi
661 445 731 475 res
767 428 1062 484 sacramenti,
1103 445 1219 492 quae
1251 438 1319 475 est
1351 426 1592 474 indissolu-

128 503 277 550 bilitas
303 504 422 549 iuxta
446 520 483 549 s.
506 503 801 566 Augustinum
823 504 940 564 (37),
964 503 1134 565 exurgit
1156 519 1235 567 per
1258 502 1435 549 modum
1458 502 1592 548 unius

130 580 174 626 in
197 580 416 627 eiusmodi
440 579 684 635 connubio,
714 579 774 627 ita
802 589 850 626 ut
885 595 1125 642 numquam
1159 578 1394 626 dissociari
1429 578 1587 643 possit.

127 655 285 703 Verum
312 655 368 702 de
397 654 482 702 hoc
514 654 624 702 alias
658 654 831 702 iterum.

226 733 270 777 2.
300 731 428 787 Quod
452 748 556 779 vero
580 731 741 778 dicitur
758 731 814 779 de
831 730 991 795 copula
1013 730 1243 795 sponsalia
1267 730 1587 796 subsequente,

130 824 219 872 qua
253 793 355 855 ante
387 808 671 855 tridentinum
708 807 1067 872 praesumptione
1099 808 1208 853 iuris
1232 807 1348 854 etde
1372 809 1464 853 iure
1493 825 1594 872 per-

130 884 334 932 ficeretur
366 884 720 940 matrimonium,
748 901 835 932 non
859 883 1006 931 obstat
1037 882 1275 947 quominus
1310 883 1595 946 perficeretur

130 957 261 1008 etiam
280 971 621 1008 sacramentum.
638 961 745 1007 Nam
762 959 826 1007 uti
844 959 1150 1007 animadvertit
1160 958 1453 1006 Bellarminus
1471 961 1589 1022 (38),

132 1054 211 1100 per
248 1047 471 1084 externam
510 1046 555 1084 et
593 1035 863 1084 materialem
904 1035 1026 1082 illam
1071 1034 1229 1082 affectu
1270 1034 1460 1082 maritali
1495 1051 1595 1082 con-

131 1112 398 1160 iunctionem
422 1112 610 1160 habetur
631 1111 860 1160 materiale
882 1110 1131 1177 symbolum
1156 1121 1383 1158 externum
1419 1127 1595 1175 reprae-

132 1198 314 1235 sentans
341 1187 505 1236 Christi
529 1199 572 1236 et
594 1187 808 1235 ecclesiae
836 1185 1189 1234 indissolubilem
1217 1185 1587 1234 coniunctionem.

132 1263 410 1329 Quapropter
441 1264 481 1312 si
515 1264 733 1312 eiusmodi
777 1263 1099 1312 cohabitatione
1132 1273 1176 1310 et
1207 1262 1415 1310 societate
1458 1262 1595 1309 initur

131 1349 382 1388 contractus
417 1339 663 1403 coniugalis
685 1377 695 1396 ‚
734 1339 818 1387 hoc
851 1339 949 1403 ipso
974 1339 1022 1387 fit
1045 1348 1367 1386 sacramentum
1383 1374 1394 1394 ,
1422 1338 1506 1385 etsi
1530 1338 1594 1385 ef-

131 1415 291 1462 fectum
308 1453 318 1472 ,
356 1433 436 1464 seu
476 1415 838 1464 sacramentalem
881 1415 1095 1479 gratiam,
1134 1415 1210 1479 qui
1245 1415 1306 1462 ita
1339 1414 1593 1478 coniugium

132 1491 310 1548 ineunt,
348 1492 525 1539 nonnisi
560 1502 724 1539 remoto
757 1490 882 1538 obice
914 1501 1243 1555 consequantur
1262 1491 1380 1553 (39).

229 1568 272 1613 3.
312 1567 482 1614 Exinde
513 1567 646 1615 etiam
681 1577 801 1632 patet
833 1567 994 1615 solutio
1026 1567 1122 1615 eius
1156 1566 1449 1623 difficultatis,
1478 1584 1593 1631 quae

133 1644 257 1691 tertio
290 1643 386 1692 loco
419 1644 654 1693 adducitur
676 1644 732 1691 de
754 1644 997 1708 coniugiis,
1026 1661 1141 1709 quae
1162 1661 1216 1691 ex
1243 1644 1451 1691 diuturno
1484 1643 1595 1692 duo-

132 1736 229 1766 rum
252 1719 580 1768 cohabitatione
602 1720 839 1768 oriebatur.
861 1719 1087 1785 Siquidem
1106 1720 1151 1766 id
1168 1737 1220 1767 ex
1245 1719 1399 1767 eadem
1422 1719 1595 1768 theoria

131 1796 262 1843 modo
295 1797 495 1862 exposita
528 1797 722 1861 legitime
754 1797 1054 1862 consequitur.
1078 1797 1187 1844 Cum
1220 1797 1337 1844 enim
1361 1807 1517 1859 agatur
1538 1796 1595 1843 de

133 1888 316 1919 casuum
347 1873 598 1931 identitate,
626 1885 701 1921 aut
735 1891 813 1937 per
846 1873 1062 1922 eiusmodi
1097 1872 1468 1920 cohabitationem
1491 1889 1595 1919 con-

134 1958 297 1996 tractus
332 1950 578 2014 coniugalis
615 1950 956 2007 interveniebat,
984 1961 1026 1997 et
1057 1966 1108 1996 eo
1143 1950 1242 2013 ipso
1275 1958 1595 1996 sacramentum

133 2025 398 2073 matrimonii
428 2026 767 2084 conficiebatur,
804 2036 881 2074 aut
902 2026 976 2074 ille
999 2035 1248 2075 contractus
1281 2042 1368 2073 non
1402 2024 1597 2072 habeba-

229 2159 294 2201 (36)
316 2161 357 2193 Hi
374 2162 451 2193 sunt
465 2161 521 2202 qui
538 2163 646 2194 tenent
660 2163 886 2196 contrahentes
903 2172 973 2196 esse
990 2161 1179 2195 sacramenti
1199 2160 1395 2193 matrimonii
1412 2160 1596 2199 ministros;

132 2214 248 2246 docent
260 2214 346 2246 enim
359 2215 508 2255 coniugia
529 2215 632 2247 mixta
645 2223 722 2247 vera
734 2224 803 2247 esse
816 2217 1032 2255 sacramenta,
1044 2224 1083 2247 ac
1095 2215 1241 2247 sufficere
1255 2223 1293 2246 ex
1308 2215 1398 2254 parte
1414 2213 1573 2245 haeretica
1585 2237 1595 2253 ‚

134 2267 171 2298 ut
192 2266 308 2298 habeat
331 2267 541 2300 intentionem
566 2267 747 2309 praestandi
768 2267 857 2308 quod
876 2268 1023 2300 Christus
1040 2266 1190 2299 instituit.
1207 2267 1299 2298 quta
1312 2265 1394 2298 alios
1407 2265 1486 2298 satis
1498 2265 1547 2297 est
1561 2266 1597 2297 ut

132 2319 339 2352 intentionem
366 2319 480 2352 habeat
506 2320 643 2352 faciendi
670 2321 869 2352 contractum
885 2328 960 2352 vere
977 2318 1256 2351 matrimonialem.

227 2371 293 2412 (37)
316 2373 365 2404 De
381 2372 466 2405 bono
479 2372 655 2413 coniuqali
671 2381 740 2413 cap.
750 2374 862 2405 xxw.
872 2374 903 2404 et
915 2372 973 2404 lib.
983 2373 1062 2404 l.De
1075 2373 1217 2412 Μαρια
1230 2372 1423 2412 concupisc.
1434 2378 1464 2402 c.
1475 2373 1557 2403 Lu.
1569 2374 1578 2402 ι
1588 2394 1596 2402 .

225 2424 292 2464 (38)
310 2426 358 2457 De
376 2425 516 2457 matrim.
531 2434 560 2457 c.
576 2427 630 2457 Vl.

231 2477 297 2516 (39)
318 2478 356 2508 ln
378 2477 561 2517 regionibus
587 2477 766 2510 infidelium
789 2478 965 2510 etiamnum
992 2478 1100 2510 valent
1123 2476 1326 2510 matrimonia
1350 2476 1394 2507 ila
1421 2475 1597 2507 contracta.

133 2528 259 2560 Etenim
271 2528 304 2560 in
317 2528 441 2569 synodo
451 2529 640 2570 provinciali
651 2529 850 2571 sutchuensi,
859 2530 1019 2563 celebrata
1031 2538 1084 2562 an.
1098 2535 1200 2570 180³„
1209 2528 1342 2570 probata
1355 2536 1373 2560 a
1382 2536 1474 2560 sacra
1484 2536 1595 2568 congr.

133 2580 173 2612 de
186 2581 391 2622 propaganda
405 2581 487 2622 fide,
504 2592 542 2615 ac
555 2585 676 2615 Romae
690 2583 775 2625 typis
790 2584 941 2616 mandata
956 2592 1008 2616 an.
1028 2588 1116 2615 1822.
1130 2584 1289 2615 statutum
1296 2582 1345 2613 est
1354 2605 1364 2621 ‚
1378 2580 1542 2621 sponsalia
1556 2580 1599 2612 ob

132 2634 282 2674 copulam
296 2634 378 2667 inter
392 2644 527 2677 sponsos
542 2645 580 2668 ex
597 2636 715 2669 aflectu
732 2637 892 2676 maritali,
909 2637 944 2668 ut
959 2637 992 2667 in
1007 2635 1106 2667 dubio
1122 2634 1282 2676 praesumi
1297 2635 1419 2675 potest,
1434 2633 1467 2666 in
1483 2633 1596 2675 puber·

133 2684 208 2716 tatis
221 2686 336 2727 aetate,
349 2690 478 2720 autnon
491 2689 584 2730 longe
593 2689 635 2722 ab
646 2698 683 2722 ea
692 2714 702 2729 ‚
717 2689 840 2722 malitia
852 2689 1019 2729 supplente
1033 2689 1168 2720 aetatem
1178 2711 1187 2727 ‚
1202 2687 1418 2728 subsecutam,
1428 2688 1465 2719 in
1478 2694 1598 2718 verum

135 2739 395 2773 matrimonium
414 2742 587 2780 tran-tirm-
610 2750 669 2774 nec
690 2741 825 2783 proinde
847 2741 943 2773 lioere
966 2740 1111 2774 alterutri
1133 2749 1251 2782 sponso
1265 2740 1345 2773 alias
1359 2739 1440 2773 inire
1454 2739 1597 2781 nuptias.

136 2793 183 2825 lta
198 2801 268 2833 pag.
287 2795 354 2825 104.
