1918 3186
388 217 478 249 cir.
507 216 635 248 usne
667 214 875 248 mmsrno.
905 216 998 248 Aur.
1022 216 1051 248 1.
1081 215 1252 255 Qufflsr.
1281 215 1419 248 ormo.
1581 201 1639 245 57

164 306 352 361 usurpat
385 312 523 359 agens
557 294 614 341 de
646 303 924 341 sacramento
951 294 1237 343 matrimonii.
1252 311 1255 314 ·
1270 295 1336 341 De
1365 293 1642 342 invocatione

163 373 282 419 enim
310 372 433 437 quae
452 371 502 418 fit
522 371 568 417 in
591 369 826 418 collatione
856 369 1068 435 baptismi
1102 371 1278 419 scribit:
1311 370 1416 417 «Ex
1439 369 1533 418 Solo
1550 370 1643 417 Deo

164 449 340 505 datore⁷
366 448 443 513 qui
467 448 698 495 invocatus
725 446 783 494 ad
807 446 892 494 hoc
915 447 1066 504 adest,
1093 459 1137 496 et
1159 448 1353 505 assistit,
1380 457 1421 495 et
1442 456 1644 511 operatur

162 525 299 571 intus.
320 562 330 570 .
351 523 495 588 .quod
529 539 648 588 aqua
679 521 815 569 habet
847 522 1021 587 operari
1054 523 1303 581 extet-ium»
1319 534 1364 571 et
1394 523 1451 571 de
1482 522 1640 570 confir-

162 601 355 649 matione
381 599 559 648 scribit:
587 619 615 666 «Ι
628 599 757 655 Quod
785 599 1004 648 invocatio
1030 599 1169 647 divini
1192 601 1397 647 Numinis
1412 638 1423 657 ,
1459 617 1540 648 seu
1567 599 1645 647 be-

161 676 374 733 nedictio,
402 686 604 741 operatur
630 676 774 740 ipsum
794 676 959 723 robur»
979 686 1023 723 et
1045 675 1102 722 de
1127 676 1424 724 eucharistia:
1455 695 1478 721 «
1493 676 1549 723 Ut
1569 693 1646 723 ve·-

161 769 262 809 rus,
303 752 476 817 inquit,
516 769 569 800 ac
600 751 807 800 vivificus
841 751 998 817 panis,
1033 751 1112 816 qui
1145 751 1202 798 de
1229 751 1639 807 caelo'descendit.

160 827 389 885 adveniat,
426 827 583 876 eadem
615 827 866 876 benedictio
882 865 892 885 ,
925 838 970 875 et
999 845 1052 875 ex
1084 827 1241 875 eodem
1262 828 1427 892 facin»
1445 827 1644 892 idipsum

160 904 328 969 pariter
361 904 470 952 dicit
501 904 690 969 loquens
715 904 772 952 de
794 904 1060 952 remissione
1092 906 1370 969 peccatorum
1397 921 1477 968 per
1507 903 1644 950 bene·-

161 980 401 1029 dictionem
436 991 481 1028 et
513 980 837 1028 absolutionem
871 979 1122 1028 sacerdotis
1143 979 1309 1028 utendo
1330 979 1487 1027 eodem
1508 978 1644 1027 verbo

164 1058 297 1122 sacit;
314 1057 394 1105 sic
420 1057 553 1105 etiam
584 1057 642 1104 de
674 1059 803 1104 Sacra
831 1056 1127 1104 ordinatione:
1159 1075 1182 1101 α
1203 1056 1260 1103 Ut
1280 1055 1445 1119 gratia,
1474 1055 1640 1120 inquit,

163 1132 529 1180 sanctificationis
565 1143 609 1180 et
642 1132 758 1180 sacri
787 1131 1021 1179 ministerii
1047 1132 1155 1180 ordo
1178 1132 1223 1179 in
1246 1149 1323 1179 eos
1352 1131 1641 1194 (ordinatos)

162 1208 333 1266 veniat,
350 1208 622 1274 episcopalis
646 1226 807 1256 manus
832 1208 1058 1273 impositio
1070 1219 1114 1256 et
1124 1208 1374 1256 benedictio
1390 1217 1640 1272 operatur.»

161 1283 328 1332 Contra
348 1302 454 1332 vero
477 1284 535 1332 de
556 1284 866 1332 benedictione
889 1283 1078 1349 nuptiali
1102 1284 1258 1331 scribit
1279 1301 1376 1331 eam
1394 1284 1639 1348 impetrare,

161 1370 206 1408 et
238 1360 421 1426 quidem
455 1360 687 1425 personis,
717 1378 797 1408 seu
820 1360 1074 1424 coniuqibus
1098 1359 1285 1423 gratiam
1310 1370 1353 1406 et
1374 1359 1645 1407 benedictio-

162 1453 279 1484 nem.
316 1437 475 1483 Verum
511 1437 693 1502 quidem
726 1448 796 1485 est
826 1436 982 1484 eadem
1017 1437 1166 1501 ipsum
1197 1453 1306 1484 voce
1338 1437 1426 1493 uti,
1457 1453 1559 1484 cum
1584 1435 1644 1483 lo-

161 1513 313 1579 quitur
343 1513 400 1561 de
432 1524 707 1561 sacramento
740 1523 960 1561 extremae
992 1513 1238 1577 unctionis,
1266 1512 1448 1560 dicens:
1470 1513 1580 1560 «Sic
1602 1523 1646 1560 et

161 1601 400 1638 extremam
433 1590 687 1638 unctionem
722 1589 1040 1655 recipientibus
1083 1590 1224 1638 oratio
1271 1589 1560 1638 sacerdotalis
1602 1599 1647 1636 et

163 1666 416 1715 benedictio
449 1667 760 1715 remissionem
794 1668 995 1731 impetrat
1027 1677 1306 1731 peccatorum
1336 1676 1381 1714 et
1411 1682 1646 1730 corporum

162 1744 442 1792 sanctitatem
488 1743 634 1806 (forte
667 1743 983 1806 sanitatem).»
1011 1743 1092 1791 Ast
1120 1743 1242 1791 'ratio
1282 1754 1374 1799 est,
1412 1742 1519 1807 quia
1560 1741 1645 1790 hoc

162 1823 489 1868 sacramentum
524 1831 699 1886 praeter
731 1831 1012 1885 peccatorum
1047 1820 1354 1868 remissionem
1393 1829 1437 1867 et
1471 1819 1645 1866 animae

164 1896 576 1954 sanctificationem,
604 1896 834 1945 consuevit
863 1896 1087 1944 interdum
1121 1896 1321 1943 conferre
1351 1895 1549 1959 corporis
1572 1911 1647 1942 sa-

165 1969 372 2027 nitatem,
405 1989 522 2036 quae
555 1972 612 2020 ab
646 1973 846 2021 oratione
874 1983 917 2021 et
948 1972 1259 2021 benedictione
1287 1970 1532 2019 sacerdotis
1555 1987 1644 2018 non

165 2064 323 2111 parum
356 2047 592 2112 dependet.
623 2049 826 2098 Ceterum
852 2050 909 2097 de
937 2067 1149 2114 germana
1175 2047 1395 2096 Guilielmi
1423 2058 1571 2095 mente
1599 2047 1644 2094 in

163 2122 548 2171 administratione
572 2125 687 2172 sacri
711 2125 906 2189 coniugii
924 2125 1259 2173 diiudicandum
1277 2135 1346 2171 est
1361 2123 1512 2179 exiis,
1528 2140 1646 2188 quae

163 2215 218 2246 ex
243 2199 445 2263 professo
479 2216 558 2246 seu
586 2199 688 2247 data
716 2217 853 2264 opera
882 2202 1065 2265 scripsit
1092 2201 1137 2247 in
1173 2200 1388 2266 opusculo
1412 2200 1471 2248 de
1492 2199 1645 2247 matri-

164 2275 331 2332 monio,
373 2276 501 2324 cuius
539 2276 802 2324 sententiam
829 2277 1136 2342 expendimus.

261 2351 317 2399 Et
349 2352 407 2399 de
441 2352 660 2400 Guilielmi
696 2353 961 2418 parisiensis
996 2354 1212 2401 sententia
1244 2354 1476 2402 hactenus.
1515 2352 1643 2409 Quod

164 2427 282 2474 enim
317 2427 474 2475 attinet
501 2428 558 2475 ad
594 2429 770 2476 Petrum
804 2428 1102 2486 Paludanum‚
1130 2440 1174 2477 et
1202 2447 1239 2477 s.
1264 2429 1499 2485 Thomam,
1529 2444 1644 2493 quos

165 2520 246 2567 pro
271 2504 481 2568 opinione
514 2522 597 2552 sua
630 2505 796 2570 profert
819 2505 991 2562 Canus,
1020 2523 1255 2571 operosum
1282 2523 1370 2553 non
1399 2516 1468 2552 est
1494 2515 1645 2552 osten·

165 2579 270 2627 dere
292 2580 448 2629 ambos
473 2581 604 2646 longe
623 2599 649 2629 a
668 2581 832 2647 placito
855 2582 1127 2630 adstruendo
1145 2581 1368 2638 abfuisse,
1390 2581 1510 2646 quod
1529 2581 1643 2646 ipsis

166 2654 387 2703 tribuitur.
412 2657 691 2705 Contrarium
723 2659 946 2724 siquidem
975 2670 1163 2722 uterque
1198 2657 1332 2722 plane
1363 2668 1643 2706 consectatus

167 2740 250 2777 est.
280 2731 330 2777 ld
363 2748 467 2780 vero
500 2750 553 2781 eo
586 2733 795 2781 libentius
835 2734 1138 2781 demonstrare
1173 2732 1456 2797 aggredimur
1477 2772 1486 2789 ‚
1522 2733 1642 2798 quod

166 2805 309 2869 magis
342 2808 572 2855 confirmet
605 2827 720 2873 quae
752 2809 809 2856 de
839 2808 1071 2857 Guilielmo
1104 2807 1323 2869 diximus,
1355 2828 1487 2875 quem
1515 2827 1643 2857 nemo
