1918 3186
224 204 313 235 CAP.
331 204 387 235 lV.
410 204 583 236 EXPEND.
602 203 696 234 ΑΒΕ.
714 203 764 233 m:
784 203 874 234 mlN.
889 204 1007 235 SACRz
1019 203 1111 234 ΛΒΤ.
1128 204 1156 234 1.
1172 204 1269 235 ARG.
1284 203 1459 235 mltum.
1533 190 1590 233 99

123 281 401 328 conditiones
435 280 727 328 determinant
758 281 905 345 quoad
940 282 1075 339 ritus,
1103 282 1400 338 ceremonias,
1428 281 1589 339 locum,

127 367 324 421 tempus,
354 374 567 421 personas
595 355 771 421 aliaque
805 356 1040 404 eiusmodi.
1070 358 1169 414 Qua
1197 359 1428 422 posteriori
1457 359 1597 422 signi-

126 432 332 480 ficatione
358 432 507 496 reipsa
542 442 815 479 sacramenta
842 433 992 479 omnia
1024 434 1238 481 ministris
1272 433 1437 481 Christi
1465 444 1508 481 et
1533 434 1599 480 di-

125 507 460 571 spensatoribus
486 507 799 572 mysteriorum
817 507 921 563 Dei,
952 524 1031 554 seu
1061 509 1210 572 potius
1239 509 1452 556 ecclesiae
1478 526 1597 557 com-

124 584 265 630 missa
299 594 429 639 sunt,
468 583 670 648 adeoque
704 594 746 630 et
779 594 1102 630 sacramentum
1135 585 1424 641 matrimonii,
1469 585 1596 632 cuius

122 659 317 722 legitima
362 659 687 707 administratio
734 660 790 706 ab
829 659 1019 707 ecclesia
1063 660 1324 724 dependet;
1377 662 1422 707 in
1460 661 1597 726 priori

121 752 225 783 vero
251 735 578 798 significatione
607 753 695 783 non
718 736 822 783 item
838 774 848 792 ,
878 754 978 783 cum
996 736 1096 783 laici
1119 737 1164 782 in
1190 738 1466 784 necessitatis
1488 755 1597 785 casu

120 810 344 875 baptisma
372 813 572 860 conferre
599 812 799 876 possint,
822 823 865 859 et
882 812 959 877 qui
984 812 1234 859 sacerdotes
1259 813 1453 860 nondum
1473 824 1592 870 sunt,

123 887 186 933 uti
217 888 418 945 diaconi,
453 898 643 952 possunt
676 888 896 935 interdum
931 888 1247 935 eucharistiam
1282 889 1525 952 porrigere3
1552 890 1597 935 in

122 981 230 1011 casu
252 982 356 1012 vero
381 975 529 1012 nostro
548 964 632 1012 suh
649 964 862 1012 ecclesiae
887 965 1099 1028 regimine
1124 965 1432 1012 contrahentes
1451 966 1598 1030 ipsum

122 1041 364 1088 conficiunt
389 1041 656 1088 matrimonii
681 1051 1021 1088 sacramentum.
1052 1041 1144 1088 Hac
1170 1058 1299 1105 porro
1322 1041 1601 1089 animadver-

123 1117 249 1164 sione
272 1117 353 1164 rite
382 1117 514 1164 etiam
545 1117 821 1182 componitur
857 1117 1032 1164 illorum
1065 1117 1351 1181 interpretum
1381 1107 1599 1182 expositio

124 1192 295 1256 paulini
326 1203 492 1249 textus,
524 1193 600 1257 qui
636 1193 874 1240 extendunt
913 1193 1045 1240 etiam
1084 1193 1139 1239 ad
1180 1203 1452 1240 sacramenta
1485 1211 1602 1258 quae

122 1263 359 1333 Apostolus
393 1287 604 1334 expresse
637 1269 693 1315 de
727 1269 1052 1333 praedicatione
1086 1269 1267 1333 scripsit
1295 1269 1563 1332 evangelica.

218 1347 342 1393 Nunc
376 1345 600 1393 coronidis
636 1345 778 1408 gratia
810 1345 1046 1392 adiicimus
1077 1363 1133 1392 ne
1162 1363 1299 1392 unum
1333 1345 1600 1410 quidem'ex

123 1422 351 1485 patribus,
383 1423 460 1487 qui
496 1422 613 1470 hanc
645 1421 879 1505 epistolam
907 1422 1095 1485 primam
1118 1421 1174 1468 ad
1196 1421 1448 1489 Corinthios
1474 1438 1602 1486 expo-

124 1507 332 1554 suerunt,
364 1498 578 1554 inveniri,
605 1497 683 1562 qui
717 1497 993 1561 propositum
1024 1507 1186 1544 textum
1218 1497 1275 1544 de
1305 1486 1602 1581 sacramento-

122 1590 218 1619 rum
253 1573 636 1621 administratione
670 1572 947 1621 intellexerit.

216 1650 281 1695 Ex
316 1649 388 1697 his
423 1650 510 1696 iam
545 1649 648 1697 licet
688 1649 903 1696 iudicium
949 1649 1062 1696 ferre
1104 1649 1160 1696 de
1193 1649 1316 1712 gravi
1354 1649 1600 1696 assertione

122 1726 360 1773 doctissimi
380 1727 562 1790 theoloqi
584 1726 770 1773 Mariani
789 1725 1041 1791 Dobmayer
1058 1764 1067 1782 ,
1095 1726 1171 1790 qui
1200 1725 1353 1773 statuit
1380 1743 1461 1789 per
1481 1725 1600 1772 hunc

122 1812 284 1849 textum
311 1802 574 1866 generaliter
601 1802 872 1850 vindicatam
907 1802 1266 1866 dispensationem
1297 1802 1601 1866 mysteriorum

122 1877 207 1923 Dei
239 1879 378 1926 sacris
413 1879 654 1935 ministris,
693 1896 746 1925 ex
781 1896 870 1943 qua
903 1889 951 1925 ut
984 1879 1038 1925 ab
1072 1896 1155 1924 uno
1189 1878 1419 1924 recedatur
1452 1894 1602 1924 sacra-

124 1963 292 2010 mento,
324 1954 495 2002 nullum
524 1972 676 2002 sacrae
699 1955 976 2019 Scripturae,
1007 1954 1102 2001 sive
1126 1954 1269 2018 prima
1288 1953 1476 2001 ecclesia
1500 1953 1601 1999 fun-

123 2029 374 2076 damentum
408 2030 643 2094 praebenti
678 2031 821 2095 Atque
857 2030 975 2077 idem
1010 2030 1065 2077 de
1099 2029 1256 2076 ceteris
1290 2029 1485 2085 dicatur,
1524 2029 1600 2093 qui

124 2105 279 2153 eadem
311 2116 512 2170 repetunt
545 2117 678 2172 atque
711 2107 1000 2174 ingeminant.

692 2217 967 2254 ARTICULUS
993 2217 1041 2252 11.

591 2306 830 2356 Argumenta
855 2305 1132 2345 traditionalia.

222 2400 277 2447 Ut
302 2417 493 2464 aequum
521 2400 578 2446 de
605 2399 885 2446 documentis
909 2397 1284 2450 traditionalibus,
1317 2396 1482 2460 quibus
1507 2413 1603 2443 sen-

127 2476 262 2523 tentia
287 2476 532 2523 adstruitur
549 2475 605 2522 de
629 2474 858 2523 sacerdote
887 2473 1095 2521 connubii
1120 2471 1597 2527 christiani-ministro,

126 2552 339 2599 iudicium
369 2552 556 2607 feratur,
596 2551 706 2597 illud
742 2552 935 2615 primum
970 2548 1451 2603 constituendumest,
1482 2547 1601 2594 haud

128 2628 238 2675 satis
266 2645 366 2676 esse
399 2629 456 2675 ad
490 2646 582 2675 rem
618 2627 966 2681 conficiendam,
1003 2635 1053 2671 ut
1086 2642 1138 2670 ex
1172 2623 1435 2687 antiquitate
1468 2623 1605 2670 eccle-

129 2704 310 2750 siastica
329 2704 608 2768 proferantur
624 2702 877 2750 testimonia
894 2740 903 2757 ,
924 2718 1041 2765 quae
1058 2700 1290 2747 adstruant
1306 2699 1602 2746 necessariam

128 2779 287 2842 quovis
321 2790 517 2843 tempore
549 2779 689 2826 fuisse
722 2777 1074 2825 benedictionem
1105 2775 1419 2824 sacerdotalem
1446 2775 1502 2822 ad
1530 2792 1604 2821 co-

1481 2850 1506 2877 at
