1918 3186
316 171 407 203 CAP.
432 171 461 202 1.
486 171 577 202 ΛΚΤ.
593 169 638 202 11.
659 170 709 202 DE
728 170 927 202 VEmTATE
947 171 1120 204 SACRAM.
1138 172 1190 204 EX
1209 171 1353 203 DOCTR.
1372 172 1518 204 SCHOL.
1596 156 1654 203 35

183 249 328 314 gitur,
357 251 486 315 quasi
521 250 616 313 ipse
651 265 880 312 perperam
915 252 1102 298 senserit
1125 251 1218 298 sive
1240 251 1295 297 de
1318 250 1500 298 veritate
1523 250 1656 298 huius

184 325 483 381 sacramenti,
528 325 622 372 sive
664 324 720 370 de
760 340 865 371 vera
908 326 1075 387 gratiae
1117 326 1347 375 collatione
1390 343 1469 391 per
1506 328 1660 375 matri-

185 404 398 451 monium.

282 480 347 526 Ita
377 478 651 542 explevimus
686 477 805 541 quod
837 476 965 523 nobis
1000 479 1340 540 proposuimus:
1384 478 1659 526 ostendimus

185 555 393 603 nimirum
427 554 729 618 pervulgatam
763 553 1016 618 opinionem
1041 552 1097 599 de
1121 553 1400 602 scholasticis
1435 555 1554 619 quod
1585 566 1661 602 aut

184 631 230 677 in
263 629 448 677 dubium
483 628 781 676 revocaverint
814 629 1075 676 sacramenti
1110 629 1374 676 matrimonii
1403 631 1655 687 veritatem,

183 715 262 753 aut
294 705 476 753 inficiati
511 705 699 761 fuerint,
728 704 795 752 vel
821 704 978 752 saltem
1012 703 1237 751 haeserint
1271 705 1385 752 circa
1418 707 1507 753 vim
1543 707 1662 754 eius-

184 782 287 829 dem
304 783 350 829 in
368 782 510 846 gratia
527 781 838 846 producenda,
866 781 983 828 omni
1009 781 1188 828 destitui
1224 781 1509 830 fundamento
1538 784 1654 846 (96);
1683 775 1687 779 ¹

184 858 313 914 Quod
351 874 451 905 cum
492 857 704 905 fuerimus
744 857 959 913 assecuti,
998 873 1159 904 novum
1197 874 1251 904 ex
1291 856 1659 906 scholasticorum

181 951 405 981 consensu
435 944 740 997 argumentum
780 931 926 997 prodit
959 932 1014 979 de
1048 932 1299 981 continuata
1331 950 1358 980 a
1390 934 1556 982 sanctis
1589 952 1660 982 ec·-

182 1010 348 1057 clesiae
372 1010 573 1075 patribus
598 1027 742 1074 usque
765 1009 821 1056 ad
846 1008 1081 1056 concilium
1115 1009 1395 1057 florentinum
1420 1027 1472 1057 ac
1496 1010 1661 1058 triden-

183 1086 326 1134 tinum
358 1087 449 1150 iugi
484 1088 529 1132 in
564 1086 751 1134 ecclesia
785 1086 902 1134 circa
935 1086 1019 1133 hoc
1054 1097 1373 1134 sacramentum
1407 1087 1655 1135 traditione.

280 1162 407 1219 Quod
440 1180 544 1211 vero
578 1163 733 1211 attinet
766 1163 822 1210 ad
856 1162 1116 1210 Durandum
1139 1173 1183 1210 et
1205 1163 1410 1220 iuristas,
1439 1180 1552 1228 quos
1585 1163 1661 1211 ille

181 1240 484 1305 imprudenter
506 1251 657 1289 contra
679 1240 941 1287 concordem
966 1239 1145 1287 scholae
1167 1257 1348 1287 sensum
1374 1250 1552 1288 secutus
1571 1251 1654 1297 est,

183 1318 463 1366 ostendimus
488 1335 612 1375 eum,
646 1318 755 1382 quin
780 1317 908 1365 nobis
944 1316 1107 1364 officiat
1130 1334 1209 1364 seu
1231 1317 1470 1365 universali
1495 1327 1538 1364 et
1560 1334 1660 1364 con-

180 1393 318 1440 stanti
342 1393 590 1449 traditioni,
619 1392 762 1440 eidem
787 1392 933 1456 potius
958 1392 1070 1440 satis
1094 1391 1367 1440 luculentum
1399 1391 1660 1455 suffragium

183 1468 342 1516 tulisse
358 1479 451 1517 tum
469 1468 589 1533 quod
607 1468 692 1516 sibi
713 1468 895 1515 minime
913 1468 1149 1516 cohaerere
1165 1468 1291 1516 visus
1309 1479 1400 1525 est,
1423 1479 1516 1516 tum
1539 1468 1659 1534 quod

180 1555 334 1609 aperte
357 1544 505 1592 fassus
538 1545 596 1591 sit
618 1561 645 1591 a
667 1544 891 1591 communi
923 1543 1103 1591 scholae
1134 1544 1335 1591 doctrina
1367 1544 1656 1602 discessisse,

183 1631 276 1668 tum
306 1621 501 1686 denique
529 1621 648 1686 quod
683 1621 831 1668 statim
863 1638 892 1667 a
925 1621 1082 1667 ceteris
1114 1620 1323 1668 omnibus
1358 1620 1451 1669 sive
1484 1621 1660 1669 coaevis

278 1788 345 1829 (96)
367 1789 469 1820 Porro
490 1787 527 1819 ut
548 1787 704 1819 Melchior
720 1788 829 1819 Canus
843 1795 935 1819 suam
954 1786 1102 1819 adstruat
1119 1787 1309 1819 sententiam
1324 1787 1366 1819 de
1380 1786 1546 1818 sacerdote
1557 1794 1660 1818 sacra·

182 1840 285 1872 menti
309 1839 507 1872 matrimonii
532 1839 699 1879 ministro,
726 1847 823 1879 quam
848 1838 965 1870 deinde
993 1839 1089 1880 paulo
1114 1840 1188 1880 post
1214 1838 1453 1879 expendemus,
1484 1838 1534 1869 his
1557 1837 1663 1878 caepit

184 1891 292 1924 verbis
308 1893 396 1925 viam
413 1892 474 1925 sibi
494 1899 607 1933 parare
625 1891 682 1925 lib.
696 1893 784 1924 vul.
798 1900 869 1933 cap.
879 1893 919 1924 V.
933 1891 1130 1924 «Ostendam
1144 1892 1305 1933 primum,
1320 1891 1504 1931 opinionem
1520 1899 1662 1922 commu-

186 1952 261 1976 nem
281 1943 370 1976 illam
390 1953 458 1978 esse
480 1946 491 1986 (
506 1945 546 1977 de
560 1944 766 1977 matrimonio
778 1946 978 1977 sacramento
992 1945 1061 1976 sine
1077 1944 1231 1977 ecclcsiae
1249 1941 1397 1975 ministro
1411 1942 1434 1983 ),
1452 1951 1517 1974 non
1532 1942 1663 1974 scholae

186 1996 305 2036 dogma
321 1994 485 2036 fixumque
508 1996 678 2029 iudicium.
700 2021 707 2028 .
727 2021 734 2028 .
756 1998 862 2037 .Lege
884 1996 1091 2037 magistrum,
1115 1996 1182 2028 div.
1205 1996 1377 2035 Thomam,
1391 1996 1541 2035 Scotum,
1558 1996 1660 2026 Bona·

185 2049 379 2088 venturam,
401 2048 614 2089 Riocardum,
639 2049 859 2090 paludanum,
882 2049 1091 2089 Durandum,
1113 2051 1302 2088 ceterosque
1321 2047 1451 2079 scholae
1470 2045 1658 2087 theologos,

183 2102 218 2133 et
244 2101 307 2133 nisi
332 2101 441 2133 statim
462 2109 573 2132 eorum
594 2101 769 2142 pendentes
789 2111 827 2133 ac
848 2102 1035 2134 vacillantes
1056 2102 1182 2133 animos
1203 2099 1466 2142 deprehenderis,
1491 2100 1561 2132 tum
1583 2108 1661 2132 vero

184 2162 238 2186 me
258 2154 316 2186 aut
335 2153 488 2193 stultum,
508 2154 614 2185 autem
634 2154 841 2185 temerarium
862 2154 1016 2185 iudicato.
1034 2155 1115 2185 Nam
1137 2154 1170 2184 et
1190 2161 1264 2184 cum
1286 2153 1464 2193 quaerunt,
1487 2160 1528 2184 an
1549 2151 1660 2184 matri·

188 2206 335 2240 monium
352 2205 513 2245 conserat
533 2207 700 2246 oratiam,
729 2205 761 2237 id
783 2206 874 2246 quod
894 2215 933 2237 eo
956 2206 1027 2237 loco
1046 2206 1189 2237 maxime
1209 2204 1385 2237 finiendum
1406 2205 1495 2245 erat,
1517 2212 1584 2237 non
1605 2204 1659 2236 de·

182 2258 302 2291 finiunt
319 2259 428 2291 tamen
441 2282 450 2298 ,
466 2257 522 2290 sed
537 2258 571 2289 in
587 2257 638 2289 his
653 2257 814 2297 referunt,
836 2265 920 2298 quae
940 2257 974 2289 in
995 2257 1166 2290 hominum
1188 2257 1339 2299 opinione
1356 2259 1436 2290 sunt
1454 2256 1591 2297 posita.»
1601 2259 1661 2289 Ve-

186 2321 259 2344 rum
275 2320 354 2354 pace
367 2310 457 2344 docti
470 2310 533 2343 viri
548 2311 675 2342 tantum
694 2309 784 2342 abest
805 2319 864 2342 nos
884 2310 1122 2351 deprehendere
1142 2310 1285 2351 iusignos
1300 2310 1374 2342 illos
1392 2310 1541 2342 doctores
1552 2310 1661 2342 animo

190 2364 364 2406 pendentes
393 2373 432 2396 ac
459 2364 647 2396 vacillantes
669 2364 730 2395 hac
751 2362 793 2394 dc
814 2372 869 2403 re,
892 2371 970 2394 num
991 2363 1114 2395 scilicet
1135 2371 1192 2404 per
1215 2362 1456 2395 matrimonium
1478 2361 1660 2394 conseratur

183 2417 289 2458 gratia
302 2441 312 2457 ,
336 2418 373 2448 ut
394 2425 449 2448 eos
470 2415 639 2447 videamus
662 2415 695 2446 id
717 2423 792 2447 vere
818 2414 928 2455 finire,
952 2414 1150 2455 delinireque
1171 2423 1228 2447 ceu
1250 2415 1351 2446 fixum
1374 2414 1502 2446 scholae
1522 2413 1660 2454 dogma,

185 2470 353 2510 fixumque
367 2469 541 2509 iudicium,
558 2477 622 2501 non
636 2469 761 2508 solum,
784 2467 840 2500 sed
862 2469 898 2500 ut
918 2476 1026 2499 veram
1049 2467 1201 2500 ecclesiae
1220 2467 1400 2500 doctrinam
1420 2466 1488 2497 sive
1503 2469 1578 2498 ante
1593 2466 1661 2498 sive

188 2523 261 2563 post
274 2521 484 2562 Durandum,
501 2521 581 2553 adeo
601 2522 637 2553 ut
654 2529 729 2553 eum
744 2521 911 2561 tamquam
930 2520 970 2552 de
986 2519 1108 2551 haeresi
1130 2521 1314 2561 suspectum
1336 2517 1572 2559 habuerint‚eo
1591 2517 1661 2560 ipso

186 2573 277 2614 quod
289 2574 375 2607 circa
394 2574 514 2615 gratiae
525 2573 729 2606 collationem
742 2581 799 2614 per
813 2575 1048 2605 sacramentum
1070 2571 1267 2604 matrimonii
1289 2570 1499 2602 haesitantem
1520 2569 1661 2602 viderint

187 2628 302 2659 contra
321 2628 507 2659 unanimem
528 2627 659 2659 scholae
680 2635 827 2666 sensum,
849 2625 1068 2666 ecclesiaeque
1097 2624 1289 2656 doctrinam.
1316 2622 1510 2664 Singillatim
1532 2623 1662 2655 illorum

189 2677 372 2711 testimonia
393 2679 600 2712 adduximus.
621 2679 705 2711 Hinc
721 2679 791 2711 sine
804 2678 945 2719 integrae
960 2678 1089 2710 scholae
1106 2677 1224 2708 iniuria
1237 2675 1303 2708 illis
1321 2675 1430 2716 attingi
1449 2675 1560 2716 nequit
1580 2675 1661 2707 eius·

191 2729 281 2762 modi
307 2731 407 2763 animi
433 2732 599 2773 suspensio
620 2732 652 2763 et
671 2731 852 2763 haesitatio.
876 2732 960 2762 Num
982 2738 1058 2761 vero
1079 2729 1287 2760 dissenserint
1314 2727 1497 2760 scholastici
1524 2728 1606 2760 inter
1627 2736 1661 2759 se

186 2782 275 2815 circa
296 2785 486 2816 sacramenti
509 2783 707 2816 matrimonii
729 2783 931 2823 ministrum,
955 2791 1026 2823 cap.
1047 2780 1228 2822 insequenti
1252 2779 1446 2812 videbimus.

1570 2834 1596 2859 ³1<
