1912 3180
220 234 311 264 cnr.
330 234 386 265 iv.
405 234 457 266 ns
476 235 632 267 Ancum.
657 236 733 268 rno
752 237 856 269 mos
874 238 926 269 nn
945 238 1070 270 nura.
1089 239 1172 270 mv.
1197 240 1291 272 Αιιτ.
1315 241 1377 273 ιιι.
1474 227 1561 274 403

90 312 355 360 tholicorum
378 311 423 358 id
450 313 612 370 sensit,
645 324 723 360 aut
752 314 918 362 docuit.
949 315 1036 363 Sed
1060 334 1224 365 munus
1254 318 1459 367 catholici
1483 338 1564 385 gu-

90 387 233 435 bernii
269 399 336 435 est
368 388 564 445 efficere,
599 401 649 437 ut
682 390 836 454 religio
870 408 986 456 quae
1019 392 1243 442 declarata
1275 406 1344 443 est
1375 396 1469 444 sola
1504 410 1566 445 to—

91 466 176 512 tius
207 467 333 528 requi
362 465 515 528 reliqio
548 464 604 512 ab
634 466 842 514 omnibus
884 480 1084 516 servetur
1111 480 1162 518 ut
1186 470 1332 528 decet;
1367 472 1566 540 alioquin

91 543 129 589 si
166 541 349 605 impune
383 558 435 588 ac
468 553 598 606 prout
636 542 758 590 lubet
797 544 967 608 passim
1000 546 1216 604 violetur,
1262 558 1408 596 actum
1443 562 1565 598 esset

89 617 147 664 de
171 616 455 664 observantia
482 629 526 664 et
552 617 768 683 obsequio
796 619 916 684 quod
949 619 1152 684 religioni
1178 623 1378 671 debetur.
1409 625 1457 671 In
1488 643 1566 673 cu-

90 694 252 758 iusque
276 693 387 740 foret
422 694 603 741 arbitrio
638 711 735 741 eam
772 695 1026 759 proculcare
1048 735 1058 753 ,
1099 699 1333 762 profanare
1368 701 1560 767 templa,

90 769 373 817 contumeliis
408 770 661 819 sacerdotes
697 771 911 828 obruere,
950 773 1047 821 dies
1083 774 1219 822 festos
1255 776 1446 840 publicis
1472 796 1566 826 mo—

92 846 324 894 litionibus
358 847 551 904 violare,
593 848 771 913 aliaque
804 850 1023 898 eiusmodi
1059 868 1270 915 peragere
1293 892 1302 909 ‚
1342 871 1368 900 a
1401 854 1565 918 quibus

90 924 287 987 perversi
313 923 517 971 homines
554 925 727 972 arbitrii
763 926 832 972 sui
867 926 1165 975 moderatores
1201 947 1288 976 non
1323 929 1565 978 abhorrent

94 1000 140 1045 in
175 999 311 1046 totius
357 1000 585 1064 religionis
631 1011 931 1066 contemptum
974 1019 1026 1049 ac
1059 1005 1350 1052 eversionem.
1395 1006 1570 1069 Ergone

94 1076 285 1123 maiores
313 1077 483 1133 nostri,
511 1077 587 1142 qui
613 1077 792 1125 modum
827 1090 1073 1142 posuerunt
1103 1079 1306 1127 scelestis
1337 1080 1565 1145 religionis

96 1151 473 1216 profanatoribus,
492 1170 658 1218 eosque
676 1153 731 1199 ad
750 1153 945 1200 officium
961 1192 970 1209 ,
999 1164 1227 1202 externum
1249 1155 1422 1213 saltem,
1444 1174 1567 1221 prae—

94 1228 303 1276 standum
339 1229 671 1294 compulerunt,
712 1230 852 1277 fuisse
892 1231 1119 1278 iudicandi
1145 1243 1248 1279 sunt
1273 1233 1390 1280 caeci
1415 1250 1466 1280 ac
1491 1250 1567 1281 su-

93 1305 337 1372 perstitiosi
363 1324 506 1372 usque
525 1306 581 1354 ad
607 1324 764 1354 novam
788 1307 931 1355 lucem
945 1346 954 1364 ,
976 1325 1110 1372 quam
1128 1308 1307 1355 tandem
1325 1308 1566 1373 aliquando

93 1381 298 1429 hodierni
334 1382 649 1446 legumlatores
687 1382 991 1430 induxerunt?

188 1459 284 1505 Non
309 1458 392 1506 fert
414 1458 660 1506 catholicae
695 1458 923 1521 religionis
959 1459 1154 1516 indoles,
1181 1470 1230 1506 ut
1252 1471 1465 1524 cogantur
1488 1461 1566 1507 im-

94 1535 157 1599 pii
193 1534 250 1582 ad
286 1552 339 1582 ea
372 1535 644 1599 praestanda
677 1534 854 1591 officia,
889 1535 1054 1600 quibus
1089 1553 1164 1583 eos
1192 1536 1465 1584 conscientia
1488 1535 1566 1584 de-

91 1611 260 1668 vincit,
299 1611 423 1659 iuxta
455 1621 671 1659 oratorem
699 1621 920 1667 nostrum;
950 1623 1139 1660 attamen
1165 1613 1431 1678 saepissime
1455 1612 1566 1660 haec

92 1689 193 1753 ipsa
227 1686 385 1751 religio
420 1686 673 1734 subsidium
709 1686 915 1734 adhibuit
944 1687 1115 1735 brachii
1146 1687 1410 1744 saecularis,
1444 1688 1564 1753 quod

94 1773 285 1819 vocant,
324 1773 374 1809 ut
406 1763 634 1809 coactione
668 1773 847 1809 externa
879 1763 1036 1827 quovis
1066 1774 1261 1828 tempore
1297 1764 1563 1811 reluctantes

92 1839 292 1903 adigeret
316 1839 371 1885 ad
396 1838 758 1903 obsequendum,
782 1848 914 1902 atque
938 1839 993 1884 ad
1019 1856 1169 1885 eorum
1199 1839 1565 1903 compescendam

94 1915 344 1962 audaciam.
370 1915 488 1971 Quid
525 1924 686 1961 norunt
714 1914 815 1961 novi
850 1914 923 1960 isti
959 1914 1232 1976 legislatores
1258 1914 1313 1961 de
1338 1914 1563 1978 religionis

94 1991 277 2040 indole?
308 1991 565 2056 Respiciant
598 1991 746 2055 potius
782 1990 1188 2054 protestantismum
1217 2000 1260 2037 et
1293 1990 1564 2053 anglicanis·

93 2085 236 2123 mum,
275 2067 352 2132 qui
390 2078 494 2114 sunt
527 2066 775 2130 exemplum
806 2066 876 2111 cui
906 2083 1004 2112 sese
1034 2066 1305 2112 conformare
1329 2066 1447 2112 omni
1480 2083 1563 2130 ope

94 2144 300 2200 student,
333 2143 603 2207 videantque
638 2160 742 2188 num
779 2141 1004 2206 principes
1039 2152 1331 2206 protestantes
1360 2152 1402 2189 et
1429 2142 1564 2205 angli-

94 2220 193 2267 cani
223 2230 382 2283 cogant
414 2237 494 2266 nec
520 2237 575 2266 ne
607 2218 809 2265 subditos
841 2235 945 2265 suos
970 2217 1025 2263 ad
1049 2235 1101 2264 ea
1126 2218 1416 2282 praestanda,
1449 2235 1563 2282 quae

94 2297 314 2362 cuiusque
359 2306 499 2344 status
538 2295 693 2358 religio
727 2294 783 2341 ab
818 2294 931 2358 ipsis
976 2294 1113 2357 exigit
1153 2296 1268 2356 (84).
1308 2296 1461 2360 Itaque
1496 2296 1563 2341 in—

192 2491 260 2532 (84)
281 2493 339 2524 Ex.
354 2500 402 2532 gr.
414 2499 480 2532 quo
493 2490 595 2531 rigore
612 2491 729 2530 cogant
743 2488 919 2521 catholicos
933 2487 973 2520 ad
987 2487 1158 2520 solvendas
1172 2488 1315 2520 decimas
1328 2490 1397 2521 sive
1411 2490 1443 2521 in
1454 2490 1569 2531 Angiia

96 2545 163 2577 sive
179 2544 212 2575 in
221 2544 374 2576 Hibernia
387 2542 564 2584 anglicanis
578 2542 647 2574 sive
661 2542 819 2583 episcopis
831 2541 898 2573 sive
910 2542 982 2573 aliis
997 2540 1200 2573 inferioribus
1216 2542 1381 2581 ministris,
1393 2542 1452 2575 etsi
1462 2544 1567 2575 catho-

95 2596 149 2628 lici
165 2596 300 2628 istorum
317 2604 415 2637 opera
436 2604 540 2636 neque
558 2595 706 2634 utantur,
726 2602 784 2625 nec
805 2593 851 2625 uti
874 2593 999 2634 possint
1014 2593 1046 2624 in
1064 2593 1227 2634 religionis
1248 2594 1386 2633 negotio.

189 2649 261 2681 Non
284 2649 331 2680 ita
349 2648 475 2690 pridem
498 2647 599 2689 pistor
622 2647 654 2678 in
677 2646 790 2687 Anglia
812 2646 1001 2687 gravissima
1021 2648 1070 2678 est
1088 2654 1189 2687 poena
1206 2646 1360 2678 multatus
1373 2647 1430 2688 qui
1447 2655 1567 2688 paucos

96 2708 195 2742 panes
210 2699 400 2734 vendiderat
412 2700 541 2733 cuidam
553 2699 749 2732 necessarios
761 2708 800 2731 eo
812 2698 900 2740 quod
915 2708 953 2731 ex
968 2699 1143 2740 improviso
1152 2698 1193 2731 ad
1207 2708 1282 2731 eum
1294 2701 1496 2741 pervenerint
1510 2700 1566 2733 ad·

96 2761 197 2786 venae
219 2753 316 2785 amici
334 2755 367 2786 et
389 2753 562 2795 propinqui
583 2752 746 2784 dominica
766 2751 829 2784 die.
847 2754 914 2785 Vae
942 2754 1049 2784 autem
1071 2752 1118 2784 ini
1140 2752 1196 2793 qui
1218 2752 1251 2784 in
1272 2754 1518 2794 protestantium
1533 2757 1565 2786 et

95 2806 334 2848 anglicanorum
349 2806 495 2848 templis,
511 2806 634 2847 aliquid
653 2804 795 2838 indecori
810 2806 991 2846 perageret!
1007 2806 1071 2837 Nec
1084 2805 1116 2837 in
1132 2805 1192 2837 boc
1210 2808 1285 2838 sunt
1301 2806 1563 2848 reprehendendi.

96 2859 123 2890 si
139 2858 384 2899 phariseismum
410 2859 568 2899 excipias,
592 2858 647 2899 qui
673 2857 758 2899 apud
788 2858 862 2889 iilos
884 2858 988 2898 viget,
1012 2859 1047 2890 ut
1069 2859 1158 2898 patet
1178 2868 1214 2890 ex
1235 2859 1365 2899 pistoris
1378 2860 1535 2901 exemplo.

1471 2913 1494 2931 ὅ
