1918 3186
327 217 386 264 '26
590 229 730 263 mii.
760 230 874 261 secr.
903 229 933 261 1.
963 230 1014 261 nn
1038 230 1210 262 numu.
1239 230 1522 262 SAannnnro.

327 309 446 357 illico
478 309 546 356 vel
581 309 678 373 ipse
711 307 860 354 Canus
894 306 1041 354 intulit
1072 324 1225 372 posse,
1254 308 1343 354 imo
1365 317 1407 354 et
1427 307 1588 355 debere
1617 307 1788 373 seiungi

326 386 372 432 in
405 384 622 433 connubio
657 383 854 431 fidelium
890 386 1101 434 rationem
1129 396 1375 434 contractus
1404 385 1549 433 civilis
1573 403 1600 432 a
1623 387 1792 434 ratione

326 460 600 508 sacramenti.
625 460 764 524 quue
782 463 1080 510 necessarium
1099 463 1218 510 Cano
1237 462 1319 508 suit
1336 462 1392 508 ad
1411 480 1541 509 suum
1565 462 1791 517 theorema

324 536 663 602 adstruendum,
702 536 932 584 admittere
965 538 1162 602 alioquin
1197 538 1424 585 debuisset
1458 538 1680 585 connubia
1713 537 1791 585 illa

324 612 473 659 omnia
506 623 779 659 sacramenta
812 630 932 670 esse,
965 614 1011 659 in
1046 613 1209 677 quibus
1243 615 1356 661 actio
1393 614 1634 661 sacerdotis
1669 613 1790 661 haud

325 688 654 743 intervenisset,
693 706 772 736 seu
806 689 960 736 haberi
987 699 1310 736 sacramentum
1335 691 1433 737 sine
1459 691 1662 738 ministro
1688 707 1790 755 pro—

325 763 489 812 ferente
521 764 728 822 formam,
760 765 878 830 quod
903 775 1021 813 esset
1044 765 1285 812 absurdum
1310 783 1361 813 ac
1386 766 1613 814 doctrinae
1637 766 1791 814 catho-

325 838 436 888 licae
468 841 731 888 contrarium
761 844 877 904 (63).

418 918 626 964 Secundo.
649 918 773 965 Unde
799 918 870 965 alii
897 918 1121 965 deducunt
1137 919 1198 965 ita
1215 919 1261 965 in
1280 918 1513 966 connubiis
1532 918 1789 965 christianis

325 993 496 1057 seiungi
540 1004 807 1042 contractum
842 1011 868 1040 a
901 1004 1199 1051 sacramento,
1239 1004 1288 1041 ut
1321 995 1398 1042 illa
1430 995 1666 1042 constituat
1697 1011 1792 1041 ma-

323 1070 477 1117 teriam
511 1072 643 1135 quain
675 1080 833 1118 vocant
864 1081 1068 1117 remotam
1101 1072 1363 1118 sacramenti
1387 1109 1396 1127 ,
1441 1071 1513 1117 cui
1554 1070 1790 1117 accedente

325 1145 464 1193 forma
509 1163 588 1211 per
625 1145 759 1193 verba
793 1146 1044 1194 sacerdotis
1077 1147 1399 1194 sacramentum
1443 1145 1686 1209 exsurgat,
1732 1145 1791 1192 ad

322 1239 424 1269 eum
449 1221 649 1279 modum,
681 1240 768 1287 quo
790 1240 922 1287 aqua,
953 1240 1068 1287 quae
1087 1233 1155 1270 est
1171 1223 1355 1270 materia
1372 1234 1532 1270 remota
1560 1222 1787 1287 baptismi,

323 1307 367 1344 et
403 1297 532 1363 panis
567 1315 618 1344 ac
648 1298 800 1346 vinum
819 1337 828 1355 ,
867 1317 980 1364 quae
1026 1309 1129 1347 sunt
1168 1311 1333 1347 remota
1365 1299 1548 1347 materia
1588 1299 1793 1346 cuchari-

322 1373 436 1421 stiae
468 1374 643 1421 nonnisi
683 1392 760 1439 per
790 1374 1024 1422 verborum
1058 1374 1345 1440 prolationem
1380 1375 1476 1422 eius
1512 1376 1589 1439 qui
1624 1375 1784 1430 abluit,

322 1459 400 1496 aut
444 1449 682 1498 sacerdotis
723 1451 1019 1498 consecrantis
1066 1461 1341 1499 sacramenta
1391 1451 1583 1498 evadunt
1614 1489 1623 1507 ,
1673 1450 1793 1497 iuxta

323 1526 472 1573 tritum
507 1526 617 1573 illud
650 1526 884 1590 Augustini
935 1527 1115 1574 effatum
1144 1546 1153 1573 z
1198 1527 1368 1574 Accedit
1409 1528 1585 1574 verbum
1618 1526 1676 1573 ad
1709 1527 1792 1573 ele-

323 1613 535 1658 mentum,
574 1613 613 1650 et
645 1604 694 1668 fit
725 1614 1039 1650 sacramentum
1061 1605 1176 1666 (64).

418 1680 463 1742 *T
459 1680 579 1726 ertio.
622 1679 706 1726 Sed
741 1680 817 1726 alii
851 1680 946 1745 pari
981 1681 1075 1728 iure
1109 1680 1374 1728 intulerunt:
1415 1698 1518 1743 ergo
1552 1697 1654 1726 cum
1688 1696 1794 1726 con-

325 1763 488 1802 tractus
523 1755 617 1803 sive
650 1756 861 1803 naturalis
891 1756 984 1804 sive
1006 1756 1150 1803 civilis
1177 1766 1332 1803 natura
1360 1773 1442 1803 sua
1465 1755 1693 1803 subiaceat
1715 1773 1794 1820 po-

325 1831 470 1878 testati
503 1831 778 1896 principum,
813 1832 859 1878 in
888 1831 1045 1879 horum
1079 1832 1160 1879 erit
1193 1831 1374 1879 arbitrio
1407 1849 1482 1879 eas
1517 1831 1792 1878 conditiones

325 1905 544 1953 moderari
579 1917 711 1971 atque
743 1907 998 1963 decernere,
1038 1924 1152 1972 quae
1184 1917 1447 1955 concurrant
1475 1923 1659 1953 necesse
1692 1916 1787 1962 est,

325 1992 373 2028 ut
390 1982 610 2046 legitimus
628 1983 864 2040 habeatur,
886 1982 1015 2049 prout
1031 1984 1076 2030 in
1095 1983 1249 2031 ceteris
1268 1983 1565 2031 contractibus
1585 1981 1791 2029 omnibus

326 2058 531 2105 usuvenit
563 2058 620 2105 ad
654 2058 875 2106 societatis
908 2059 1099 2116 honum,
1137 2059 1534 2124 quemadmodum,
1571 2058 1634 2104 uti
1669 2057 1792 2105 vide-

416 2240 486 2287 ·(63)
508 2242 837 2275 Animadvertendum
858 2244 965 2276 tamen
983 2244 1049 2283 est,
1065 2252 1103 2276 ex
1124 2243 1205 2276 cani
1220 2243 1368 2276 doctrina
1382 2240 1540 2275 eiusmodi
1554 2239 1791 2273 distinctionem

328 2292 436 2325 locum
448 2293 565 2326 habere
579 2294 690 2328 inillis
705 2296 880 2337 coniugiis,
896 2305 979 2337 quae
994 2297 1045 2329 vel
1061 2296 1221 2329 celberata
1235 2297 1354 2328 fuerint
1378 2297 1452 2327 ante
1474 2294 1602 2327 concilii
1623 2293 1791 2325 tridentini

325 2353 404 2379 sess.
417 2347 529 2378 XXIV.
544 2347 662 2380 decret.
678 2350 727 2380 De
741 2348 883 2388 reform.
900 2351 1053 2382 matrim.
1068 2358 1138 2390 cap.
1153 2351 1179 2381 1.
1195 2349 1464 2390 publicationem,
1480 2347 1532 2379 vel
1549 2347 1580 2378 in
1594 2346 1674 2378 locis
1689 2346 1791 2378 omni-

322 2397 383 2430 bus
396 2398 642 2441 celebrarentur,
658 2399 691 2432 in
706 2401 823 2441 quibus
837 2402 922 2433 idem
935 2401 1098 2434 decretum
1112 2402 1310 2443 publicatum
1322 2410 1386 2434 non
1398 2402 1464 2441 est,
1479 2399 1532 2432 vel
1545 2399 1599 2432 ubi
1614 2399 1793 2440 promulga-

323 2451 394 2482 tum
410 2451 473 2483 suit
496 2451 537 2483 iis
560 2451 639 2484 soils
657 2452 691 2483 in
714 2452 860 2493 casibus,
875 2453 908 2484 in
921 2453 1039 2494 quibus
1055 2454 1171 2494 quavis
1184 2454 1225 2485 de
1237 2462 1334 2485 causa
1347 2451 1518 2493 contigerit
1540 2450 1794 2483 benedictionem

325 2503 555 2536 sacerdotalem
579 2513 644 2536 non
668 2505 789 2537 haberi.
804 2507 897 2546 Nam,
913 2508 949 2537 ut
963 2514 1022 2538 suo
1037 2506 1109 2538 loco
1122 2505 1328 2538 ostendemus
1340 2530 1350 2546 ,
1373 2506 1456 2538 hanc
1475 2505 1543 2546 ipse
1556 2503 1795 2536 distinctionem

326 2563 390 2587 non
405 2556 552 2597 admisit,
568 2557 680 2590 saltem
694 2566 858 2598 expresse,
872 2558 928 2590 ubi
941 2558 1118 2590 sacerdotis
1131 2557 1313 2590 benedictio
1328 2557 1522 2591 nubentibus
1546 2556 1664 2588 collata
1686 2556 1792 2588 fuerit.

420 2609 485 2649 (64)
507 2611 577 2642 Hoc
591 2611 640 2642 est
652 2610 741 2651 quod
753 2610 968 2650 contendunt3
984 2611 1017 2642 et
1029 2610 1075 2642 ita
1083 2610 1247 2651 exponunt
1259 2610 1397 2641 mentem
1407 2608 1486 2641 Cani
1497 2608 1554 2650 qni
1567 2617 1604 2640 ea
1618 2608 1795 2640 abutuntur

326 2660 369 2692 ad
393 2661 614 2695 temerandum
637 2671 746 2695 veram
773 2663 925 2696 ecclesiae
947 2663 1124 2695 catholicae
1144 2662 1185 2695 de
1208 2663 1270 2695 hoc
1292 2663 1492 2694 sacramento
1525 2661 1716 2693 doctrinam.
1745 2663 1794 2692 An

322 2712 392 2744 iure
410 2713 460 2745 vel
482 2722 545 2746 non
569 2714 603 2746 id
624 2715 677 2747 isti
702 2715 912 2756 contendant,
937 2715 1057 2756 pariter
1077 2714 1192 2747 idoneo
1213 2715 1286 2746 loco
1309 2713 1536 2754 expendemus.
1560 2714 1691 2746 Certum
1710 2713 1797 2745 enim

324 2765 373 2796 est
396 2765 565 2807 plerosque
587 2767 738 2808 antiquos
751 2768 933 2809 theologoe,
952 2768 1007 2809 qui
1024 2767 1103 2800 cani
1121 2766 1285 2799 doctrinae
1308 2766 1560 2807 adstipulantur,
1585 2766 1618 2798 id
1641 2766 1793 2804 inficiari,

326 2817 362 2848 ut
380 2819 490 2857 postea
513 2818 704 2853 videbimus.
771 2820 773 2822 ’
