1912 3180
314 165 402 211 236
567 179 646 209 un.
677 178 706 208 1.
738 176 851 208 ssscr.
881 176 1051 209 Ain-sm.
1082 177 1132 207 ns
1167 175 1344 208 nram.
1375 175 1516 208 cmm.

311 256 393 304 etsi
428 264 579 302 sancte
611 252 852 310 celebrata,
890 253 951 301 ita
983 265 1032 301 ut
1065 254 1280 317 coniuges
1314 253 1373 301 ab
1415 254 1602 302 invicem
1647 271 1775 320 sepa-

313 340 484 385 rentur,
522 327 598 375 ubi
634 328 896 392 praesertim
930 329 1076 392 agitur
1108 329 1166 376 de
1199 328 1438 394 zelotypia,
1476 329 1532 376 de
1560 330 1776 395 suspicio-

313 404 443 452 nibus
477 404 666 452 alicuius
703 404 1001 461 infidelitatis,
1041 416 1116 452 aut
1148 405 1278 452 etiam
1312 404 1366 452 de
1398 405 1587 468 negotiis
1610 415 1778 470 tempo-

311 480 476 528 ralibus
495 518 504 536 ,
533 479 723 544 aliisque
745 481 961 528 eiusmodi
986 498 1072 527 non
1099 481 1254 544 paucis
1283 482 1398 543 (41).
1423 481 1549 536 Quod
1572 481 1610 528 si
1630 481 1775 529 locum

311 557 421 604 haec
454 556 620 603 habent
652 556 765 603 inter
799 557 992 620 legitime
1014 556 1297 613 coniunctos,
1326 557 1402 620 qui
1434 568 1649 604 noverunt
1676 575 1777 622 pro-

311 631 456 696 prium
480 631 675 695 nuptiale
699 632 853 679 foedus
873 649 972 678 esse
994 649 1175 694 prorsus
1197 632 1434 679 insolubile
1450 670 1459 688 ,
1481 632 1610 696 quid,
1647 650 1780 697 quae-

312 724 390 765 so,
429 707 598 755 eveniet
632 707 747 754 inter
782 707 903 763 illos,
942 707 1018 770 qui
1060 707 1182 754 nullo
1219 725 1323 755 vero
1362 708 1539 755 vinculo
1585 709 1776 772 copulati

314 793 445 839 sunt,
485 801 674 848 quorum
708 782 958 830 coniunctio
993 799 1080 829 non
1115 782 1256 829 solum
1292 783 1503 830 rationem
1532 801 1618 830 non
1648 783 1781 830 habet

314 860 575 907 sacramenti
595 897 605 916 ,
634 859 710 906 sed
732 875 877 922 neque
896 868 1141 905 contractus
1157 896 1167 915 ‚
1190 858 1260 905 cui
1288 858 1508 906 inhabiles
1528 859 1629 906 sacti
1647 858 1781 906 sunt?

313 936 498 991 Eorum,
537 935 716 999 inquam
735 972 744 990 ,
785 934 859 998 qui
885 951 972 982 non
998 934 1130 981 modo
1154 952 1180 981 a
1204 934 1416 997 religione
1449 952 1535 982 non
1560 935 1781 982 deterren-

313 1021 384 1058 tur
405 1029 432 1057 a
455 1011 729 1074 separatione
753 1020 929 1066 mutua,
957 1026 1110 1056 verum
1135 1010 1267 1056 etiam
1286 1049 1296 1066 ‚
1321 1010 1406 1057 nisi
1426 1027 1572 1057 coram
1595 1010 1781 1058 ecclesia

314 1087 502 1143 nubant,
541 1086 597 1133 ad
632 1086 950 1150 separationem
981 1086 1266 1150 impelluntur
1282 1125 1291 1143 ,
1328 1097 1377 1133 ut
1400 1104 1449 1133 se
1470 1104 1497 1133 a
1520 1096 1636 1133 statu
1658 1086 1783 1133 habi-

314 1161 420 1209 tuali
447 1162 612 1225 peccati
646 1160 869 1225 eripiant?
893 1161 978 1216 Qui
1012 1161 1342 1208 sacramentalis
1366 1162 1533 1225 gratiae
1557 1161 1781 1226 praesidio

313 1254 401 1285 non
435 1236 699 1284 adiuvantur
733 1247 823 1283 tum
859 1237 916 1283 ad
952 1255 1052 1284 sese
1085 1237 1270 1285 honeste
1303 1237 1581 1300 diligendos,
1609 1248 1699 1284 tum
1723 1238 1779 1284 ad

314 1330 448 1360 onera
482 1313 667 1360 ferenda
703 1313 839 1359 statui
881 1312 1101 1376 coniugali
1142 1313 1296 1359 intime
1341 1312 1551 1359 adnexa?
1586 1313 1782 1360 Profecto

313 1388 452 1436 velint
475 1389 616 1436 nolint
639 1388 750 1452 legis
770 1427 779 1444 ‚
808 1406 898 1453 qua
920 1389 976 1435 de
994 1389 1167 1451 agimus
1187 1427 1196 1445 ‚
1219 1389 1412 1436 fautores
1430 1399 1474 1435 et
1491 1398 1783 1454 propugnato—

316 1482 386 1512 res
403 1503 414 1522 ,
453 1482 696 1530 numquam
730 1465 948 1521 efficient,
992 1475 1040 1511 ut
1065 1465 1217 1512 civiles
1243 1465 1423 1530 nuptiae
1446 1464 1780 1512 indissolubiles

315 1541 581 1606 saepissime
615 1552 749 1606 atque
785 1541 967 1589 stabiles
1004 1542 1110 1588 sint.

412 1617 479 1663 En
512 1616 646 1680 igitur
678 1617 859 1681 copiosa
885 1634 1011 1680 seges
1036 1616 1397 1673 dissolutionum,
1427 1634 1453 1664 a
1477 1617 1639 1682 quibus
1664 1628 1781 1664 certe

318 1710 405 1740 non
439 1710 487 1740 se
521 1693 843 1758 temperabant,
882 1694 958 1757 qui
992 1693 1162 1740 ludicra
1196 1704 1362 1740 tantum
1387 1693 1607 1740 connubia
1629 1693 1780 1740 civilia

317 1779 639 1816 contraxerunt.
670 1769 869 1816 Indidem
903 1786 1015 1816 nova
1038 1769 1236 1833 quotidie
1261 1769 1471 1816 scandala
1497 1769 1542 1814 in
1573 1768 1782 1816 societate

320 1845 620 1910 pullulabunt,
649 1864 762 1911 quae
786 1857 935 1911 aperte
959 1857 1157 1910 pugnant
1190 1864 1292 1893 cum
1329 1846 1507 1911 publica
1531 1846 1775 1893 honestate.

317 1921 428 1968 Nam
463 1921 524 1969 ita
558 1921 614 1968 ab
648 1922 835 1970 invicem
881 1921 1082 1979 divulsi,
1121 1932 1196 1969 aut
1239 1922 1370 1968 aliam
1415 1922 1646 1985 coniugem
1693 1921 1779 1969 sibi

318 1997 601 2054 adsciscunt,
639 2008 682 2045 et
715 2008 819 2045 tunc
851 2016 1013 2046 novum
1045 1998 1268 2046 enascitur
1302 1997 1561 2045 scandalum
1596 1997 1779 2062 polyga-

318 2074 433 2121 miae
462 2075 556 2136 (42)
577 2112 587 2131 ,
625 2087 700 2122 aut
723 2092 748 2121 a
772 2073 868 2138 lege
900 2084 1102 2122 vetantur
1135 2074 1269 2121 aliam
1302 2075 1486 2131 ducere,
1517 2084 1560 2121 et
1582 2074 1778 2121 indicent

414 2196 480 2237 (41)
501 2197 617 2238 Reipsa
633 2197 664 2230 in
680 2197 793 2230 Galliis
807 2197 848 2230 ab
868 2207 920 2230 an.
937 2201 1025 2231 1841.
1037 2197 1078 2230 ad
1097 2207 1148 2230 an.
1167 2203 1255 2231 1850.
1273 2198 1454 2230 tribunalia
1475 2197 1585 2229 civilia
1603 2196 1780 2228 debuerunt

319 2257 490 2290 agnoscere
513 2253 635 2289 10,616.
651 2259 732 2290 quas
745 2251 861 2282 vocant
875 2251 1027 2291 corporis
1043 2251 1287 2291 separationes.
1302 2252 1460 2282 Numerus
1480 2248 1605 2281 medius
1620 2250 1667 2280 est
1682 2247 1779 2287 igitur

322 2305 424 2341 ι,062.
439 2301 531 2334 annis
549 2301 684 2343 singulis
706 2301 970 2343 compte-reuda
988 2302 1130 2343 yeneral
1150 2301 1280 2342 officiel
1297 2301 1339 2334 de
1355 2300 1660 2333 l’admtnistration
1680 2299 1723 2331 de
1746 2299 1782 2331 la

311 2354 441 2394 justice
458 2354 561 2387 civile
575 2363 616 2387 en
631 2357 766 2387 France
782 2364 853 2396 par
869 2355 900 2387 le
920 2355 1026 2396 qarde
1041 2355 1083 2387 de
1098 2364 1228 2387 sceaux
1246 2359 1334 2387 1850.
1352 2354 1525 2386 petitiones
1541 2352 1777 2394 separationum

319 2407 464 2448 corporis
480 2416 532 2439 an.
549 2407 778 2440 1851.fuerunt
796 2413 956 2449 1,191.an.
973 2409 1245 2440 1852.extiterunt
1265 2410 1427 2447 1‚477.an.
1444 2411 1530 2439 1853.
1542 2407 1655 2437 auctus
1668 2407 1714 2437 est
1730 2405 1782 2437 hic

318 2468 473 2493 numerus
501 2469 602 2501 usque
625 2460 666 2492 ad
697 2464 798 2500 i,722.
819 2461 991 2502 postremis
1017 2460 1114 2501 igitur
1140 2461 1191 2492 his
1218 2460 1346 2492 duobus
1361 2459 1472 2499 annis,
1488 2459 1589 2490 crevit
1603 2458 1655 2489 hic
1669 2466 1778 2489 nume-

320 2521 375 2544 rus
391 2517 461 2546 53¹.
478 2512 602 2545 scilicet
616 2516 666 2545 43.
683 2522 740 2554 pro
755 2513 890 2553 singulis
904 2513 1046 2545 centenis
1062 2521 1138 2554 prae
1152 2513 1243 2545 annis
1258 2511 1446 2553 praeteritis.
1468 2513 1503 2543 V.
1517 2510 1780 2551 Gompte-rendu

319 2564 362 2596 de
379 2570 467 2598 1855.
485 2567 662 2598 Moniteur
679 2565 722 2597 du
746 2570 794 2598 11.
807 2566 871 2598 Mai
890 2570 976 2598 1855.

417 2618 482 2657 (³2)
503 2619 632 2651 Praeter
646 2619 794 2660 superius
814 2619 911 2651 allata
923 2618 1133 2658 documenta,
1154 2617 1285 2658 quidam
1305 2617 1417 2657 refert,
1433 2616 1466 2648 in
1482 2616 1656 2658 provinciis
1674 2615 1777 2648 foede·

322 2669 400 2701 ratis
411 2671 576 2703 Amen-icae
587 2671 716 2713 aliquos
729 2671 891 2704 interdum
910 2670 1062 2710 coniungi
1081 2670 1286 2702 matrimonio
1302 2669 1436 2702 diversis
1452 2670 1485 2701 in
1501 2669 1580 2701 locis
1593 2678 1667 2701 cum
1682 2668 1778 2710 pluri·

322 2721 382 2753 bus
397 2722 596 2756 mulieribus.
608 2724 812 2756 contrahunt
825 2723 857 2755 in
871 2732 936 2755 una
951 2723 1130 2765 provincia,
1145 2731 1284 2763 cumque
1298 2721 1405 2754 dotem
1421 2721 1647 2763 dissipaverint
1663 2721 1780 2762 prioris

323 2773 449 2810 uxoris,
465 2774 633 2808 conferunt
648 2785 682 2809 se
701 2776 734 2808 in
753 2776 850 2809 aliam
865 2776 1062 2818 provinciam
1073 2800 1083 2816 ‚
1101 2777 1138 2809 ut
1156 2776 1252 2808 aliam
1269 2775 1388 2808 ducant
1405 2783 1555 2815 uxorem,
1572 2775 1605 2806 et
1621 2775 1666 2807 ita
1684 2782 1780 2814 porro
