1912 3180
355 183 446 214 cn.
471 183 528 214 ιν.
554 184 604 215 ni:
623 184 781 217 Aneun.
802 185 877 216 rno
897 184 1000 216 ines
1019 185 1071 216 nr.
1089 186 1214 217 nnn.
1234 184 1374 217 clvm.
1531 171 1619 217 375

717 292 995 329 ARTlCULUS
1022 293 1070 329 11.

173 391 451 442 Expenduntur
471 397 699 443 argumenta
715 404 786 443 pro
805 393 887 443 lege
904 393 977 432 sub
996 399 1152 445 aspectu
1181 397 1422 446 potissimum
1451 397 1600 436 morali.

823 498 871 562 g.
912 498 947 544 1.

507 598 621 639 Populi
644 598 775 640 religio,
798 607 836 631 ac
858 598 937 640 legis
956 598 1058 640 ipsius
1082 600 1255 633 restrictio.

247 683 383 747 Regio
433 683 672 750 subalpina
706 696 776 733 est
808 685 963 732 intime
1007 684 1249 742 catholica,
1288 687 1488 753 adeoque
1521 707 1626 736 con-

150 759 272 824 iugia
287 760 360 807 vix
379 778 590 826 umquam
614 760 956 809 celebrabuntur
973 761 1144 827 absque
1161 773 1262 810 actu
1279 763 1486 828 religioso
1501 767 1617 827 (50).

150 835 269 883 Nihil
304 837 492 902 proinde
521 837 577 884 ab
605 837 690 884 hac
717 837 814 902 lege
843 848 911 885 est
937 837 1336 903 pertimescendum
1353 878 1363 897 ‚
1391 841 1521 905 quasi
1546 841 1625 889 bo-

149 913 220 961 nis
255 913 455 961 moribus
489 924 609 962 esset
642 915 797 971 noxia,
836 933 889 962 eo
922 914 992 962 vel
1027 915 1199 979 magis,
1227 917 1346 981 quod
1381 917 1526 982 ipsius
1550 935 1624 966 co-

147 988 263 1037 dicis
305 990 452 1038 civilis
499 990 651 1054 regula
686 991 905 1054 generalis
942 991 1053 1039 haec
1085 991 1175 1048 sit,
1211 1002 1261 1039 ut
1293 992 1623 1041 matrimonium

147 1083 226 1130 per
258 1066 586 1115 solemnitatem
620 1067 872 1131 religiosam
902 1068 1141 1116 sanciatur.
1166 1068 1260 1116 Hac
1277 1069 1625 1135 praescriptione

148 1143 361 1191 tributum
393 1144 579 1193 solvitur
607 1145 826 1211 principio
852 1145 916 1192 illi
941 1145 1242 1193 conscientiae
1264 1146 1527 1212 populorum
1553 1165 1626 1211 pe—

149 1220 270 1268 nitus
301 1221 547 1287 insculpto;
577 1222 695 1287 quod
721 1239 880 1287 nempe
902 1232 1027 1269 actus
1052 1222 1312 1286 potissimus
1332 1223 1465 1270 totius
1480 1223 1617 1279 vitae,

149 1306 291 1353 actus,
313 1296 390 1362 qui
410 1297 623 1344 familiam
643 1297 888 1354 constituit,
912 1314 939 1344 a
958 1296 1172 1360 religione
1190 1306 1485 1345 consecretur.
1505 1298 1625 1346 Tunc

148 1390 252 1420 vero
289 1372 432 1421 solum
467 1373 678 1422 validitas
710 1373 982 1421 matrimonii
1007 1372 1151 1421 civilis
1176 1390 1324 1421 coram
1359 1373 1504 1421 iudice
1526 1375 1621 1421 initi

148 1467 175 1496 a
198 1448 296 1513 lege
319 1449 595 1506 decernitur,
624 1467 725 1497 cum
749 1450 1024 1498 consecratio
1059 1449 1266 1514 religiosa
1291 1449 1434 1498 locum
1459 1450 1624 1498 habere

148 1541 235 1573 non
271 1524 464 1590 potuerit
495 1526 612 1587 (51).

766 1649 1012 1713 Responsio.

245 1756 310 1803 Ex
350 1766 543 1821 quatuor
577 1755 777 1820 partibus
813 1755 1035 1804 eiusmodi
1072 1756 1350 1804 ratiocinatio
1379 1756 1618 1813 coalescit;

151 1834 195 1879 1.
219 1833 337 1898 quod
370 1850 424 1880 ea
450 1833 508 1880 sit
537 1832 692 1897 populi
724 1832 984 1897 dispositio,
1011 1843 1060 1880 ut
1083 1833 1272 1897 refugiat
1298 1833 1355 1880 ab
1382 1833 1624 1881 omissione

150 1908 262 1956 ritus
298 1908 495 1973 religiosi
531 1908 575 1954 in
611 1908 924 1956 contrahendis
954 1908 1149 1974 nuptiis;
1180 1909 1360 1974 2.quod
1395 1920 1625 1975 propterea

152 1985 282 2050 pauci
300 1984 539 2032 admodum
560 1984 817 2048 coniugium
836 2002 956 2032 mere
972 1984 1101 2031 civile
1118 1984 1280 2032 inirent
1302 1986 1419 2047 (52);
1444 1987 1487 2033 3.
1504 1987 1620 2051 quod

150 2061 337 2126 spiritus
372 2060 540 2109 codicis
575 2061 772 2125 regulam
807 2060 1057 2126 generalem
1092 2060 1287 2109 insinuet
1318 2078 1372 2109 ao
1403 2061 1547 2109 foveat
1569 2062 1625 2110 de

152 2137 430 2186 celebrandis
464 2137 684 2201 coniugiis
726 2137 813 2184 ritu
853 2136 1086 2201 religioso;
1118 2138 1161 2183 4.
1190 2136 1401 2202 quodque
1441 2137 1541 2186 ideo
1579 2138 1623 2184 in

152 2213 249 2278 lege
273 2214 329 2261 de
352 2214 609 2279 exceptione
643 2223 812 2259 tantum
847 2222 1020 2276 agatur.
1048 2212 1130 2260 His
1164 2212 1429 2277 explanatis,
1457 2213 1625 2260 accedi-

152 2308 252 2338 mus
285 2289 342 2338 ad
377 2307 561 2338 examen
595 2289 950 2354 uniuscuiusque
981 2289 1122 2353 partis
1156 2288 1490 2336 instituendum.

247 2457 314 2498 (50)
333 2456 475 2489 'tornata
488 2455 540 2488 dei
556 2460 607 2489 26.
620 2455 748 2495 Giugno
767 2458 857 2487 1852.
874 2463 947 2496 pag.
964 2458 1113 2488 601-605.

247 2510 316 2603 {2¹2}
332 2508 424 2595 Iliiltii·
441 2563 547 2595 cetera
561 2559 790 2593 animadvertit
802 2560 948 2593 minister
959 2560 1064 2601 regius
1074 2560 1274 2602 siqillorum
1289 2561 1403 2593 mastos
1418 2560 1460 2592 ab
1469 2569 1521 2593 an.
1534 2566 1622 2595 1802.

152 2615 195 2647 ad
205 2623 327 2648 annum
342 2617 432 2648 1814.
443 2615 504 2648 sub
518 2614 633 2656 gallica
645 2614 878 2654 dominatione,
887 2614 920 2646 in
930 2614 1024 2647 cuius
1038 2613 1150 2646 codice
1161 2614 1211 2646 lex
1226 2613 1353 2655 vigebat
1365 2613 1405 2646 de
1418 2613 1624 2647 matrimonio

152 2668 260 2709 civili,
272 2677 312 2701 ne
322 2676 424 2700 unum
437 2667 567 2709 quidem
581 2666 825 2708 subalpinorum
840 2666 1084 2699 matrimonium
1097 2666 1166 2699 sine
1175 2666 1239 2698 ritu
1249 2666 1399 2707 religioso
1410 2668 1623 2707 eontraxisse;

154 2719 299 2762 adeoque
322 2720 407 2753 idem
431 2720 552 2754 factum
577 2719 615 2752 iri
637 2719 670 2752 in
692 2720 856 2760 posterum
881 2728 916 2751 se
939 2718 1111 2752 confidere.
1130 2720 1255 2752 senato
1282 2717 1340 2751 del
1363 2727 1468 2760 reqno
1489 2723 1537 2753 18.
1554 2719 1625 2759 Die.

155 2781 226 2814 pag.
246 2777 313 2806 189.
329 2773 391 2806 col.
412 2777 439 2805 1.
