1918 3186
290 190 380 237 172
557 192 636 237 un.
666 204 695 235 1.
728 202 840 235 secr.
871 203 901 233 1.
930 203 983 234 nn
1007 204 1180 236 mrum.
1210 203 1493 241 Sicnimnnro.

285 282 453 330 lebrata
487 297 538 329 ac
571 289 866 336 sacramenta,
904 279 1080 327 habitas
1114 280 1255 327 fuisse
1289 280 1346 327 ab
1379 280 1569 328 ecclesia
1603 284 1759 346 quovis

286 369 482 423 tempore
498 394 508 413 ,
527 366 677 420 vatque
721 365 1021 421 propugnatas
1068 355 1281 404 adversus
1324 357 1617 406 montanistas
1633 395 1643 414 ‚
1682 359 1759 422 qui

287 450 363 481 eas
397 432 667 479 damnabant
688 433 804 494 (62).
1629 447 1631 450 ’

359 506 553 554 Exinde
585 507 717 574 etiam
748 517 868 571 patet
885 507 1051 555 nullius
1073 507 1205 572 plane
1225 509 1433 555 momenti
1453 525 1554 556 esse
1574 508 1764 556 nonnul-

286 584 428 631 lorum
447 584 740 631 recentiorum
744 583 1060 650 theologorum
1079 584 1526 641 animadversionem,
1555 584 1763 631 nimirum

286 669 452 725 patres,
468 677 521 707 eo
538 660 658 724 quod
677 647 873 707 nondum
890 661 1095 707 materiae
1114 677 1166 707 ae
1177 662 1340 725 formae
1355 661 1572 709 voca-bula
1590 661 1763 709 invecta

286 735 472 791 fuerint,
499 735 670 783 meliori
695 753 784 801 qua
807 745 1044 800 potuerunt
1061 736 1252 793 ratione,
1268 747 1414 803 atque
1437 736 1764 802 aequivalenter

285 810 638 858 benedictionem
679 811 1050 858 commemorasse
1083 810 1241 858 datam
1282 828 1308 858 a
1336 811 1602 868 sacerdote,
1639 811 1763 858 illam

286 887 469 952 quidem
492 896 718 951 tamquam
743 887 951 942 formam,
974 876 1094 934 hunc
1115 904 1229 935 vero
1243 896 1469 951 tamquam
1487 879 1756 934 ministrum.

283 962 465 1010 Verum
481 963 592 1011 haec
627 980 715 1010 non
749 973 816 1010 est
850 963 940 1010 nisi
964 962 1191 1011 ‘divinatio
1236 963 1453 1028 quaedam
1499 980 1612 1011 non
1630 963 1762 1011 modo

280 1032 408 1086 'omni
444 1038 656 1086 destituta
689 1037 1001 1095 fundamento,
1046 1038 1126 1085 sed
1160 1048 1386 1106 praeterea
1417 1038 1590 1087 veritati
1630 1038 1763 1102 plane

284 1115 535 1182 contraria3
563 1130 663 1162 cum
685 1131 839 1162 verum
863 1113 1106 1162 habuerint
1125 1123 1446 1162 sacramentum
1470 1114 1760 1170 matrimonii,

286 1176 420 1237 etiam
439 1190 590 1238 nulla
578 1190 897 1238 interveniente
919 1190 1246 1248 benedictione,
1268 1200 1317 1237 ut
1339 1200 1512 1238 constat
1533 1208 1586 1238 ex
1609 1190 1758 1238 dictis

280 1251 389 1311 Dixi
424 1265 551 1312 nulla
584 1267 885 1312 interveniente
922 1265 1226 1321 benedictione,
1267 1266 1514 1331 siquidem,
1551 1276 1600 1314 ut
1632 1265 1764 1331 paulo

289 1350 390 1387 ante
435 1340 828 1389 animadvertimus
856 1379 866 1398 ,
911 1351 1083 1406 praeter
1125 1341 1366 1389 solemnem
1411 1341 1764 1390 benedictionem

288 1405 421 1463 nulla
436 1416 524 1463 alia
553 1416 816 1482 plerumque
838 1417 1194 1480 agnoscebatur
1183 1435 1228 1463 1n
1253 1417 1436 1482 antiqua
1458 1416 1678 1474 ecclesia,-
1699 1417 1763 1464 uti

286 1487 427 1539 fidem
443 1492 612 1540 faciunt
633 1493 898 1557 euchologia
920 1502 1174 1557 graecorum
1193 1504 1236 1540 et
1253 1493 1558 1550 orientalium,
1587 1510 1640 1540 ac
1661 1492 1764 1539 libri

278 1567 465 1615 'rituales
501 1567 760 1625 latinorum;
789 1586 842 1616 ac
864 1569 921 1615 de
943 1567 1022 1615 illa
1045 1568 1142 1615 sola
1176 1578 1323 1633 patres
1358 1569 1621 1633 loquuntur,
1649 1586 1765 1634 quae

278 1637 586 1706 denegabatur
619 1645 830 1693 secundis
864 1655 907 1692 et
939 1644 1225 1692 ulterioribus
1267 1644 1461 1710 nuptiis,
1500 1661 1616 1709 quae
1649 1640 1764 1692 certe

286 1718 364 1766 illa
386 1719 558 1784 privata
581 1737 669 1768 non
692 1731 799 1778 erat,
821 1738 935 1785 quae
954 1730 1053 1768 ante
1072 1721 1326 1784 ingressum
1344 1720 1390 1766 in
1409 1720 1660 1777 ecclesiam,
1683 1737 1763 1768 seu

285 1805 388 1843 ante
404 1796 558 1862 templi
581 1797 697 1844 fores
720 1797 928 1861 privatim
962 1814 1015 1844 ex
1045 1797 1257 1845 Martenio
1282 1797 1327 1843 in
1352 1796 1541 1844 ecclesia
1564 1796 1764 1844 occiden-

286 1870 363 1919 tali
383 1871 492 1934 'dari
516 1870 831 1922 consueverat.

382 1949 570 2014 Insuper
594 1949 967 1998 scholasticorum
991 1960 1135 1998 aetate
1157 1951 1245 1998 iam
1267 1968 1400 1999 voces
1422 1952 1648 2004 materiae,
1676 1952 1762 2014 for-

286 2042 406 2089 mae,
435 2043 487 2074 ac
508 2027 702 2073 ministri
733 2026 993 2074 obtinebant
1024 2026 1070 2073 in
1099 2044 1146 2075 re
1175 2027 1545 2083 sacramentaria,
1573 2035 1763 2074 attamen

287 2117 344 2146 ne
366 2118 506 2148 unum
535 2100 716 2166 quidem
741 2101 1109 2150 scholasticorum
1138 2102 1337 2150 invenire
1360 2112 1450 2159 est,
1479 2102 1557 2167 qui
1580 2103 1763 2166 formam

284 2176 637 2225 benedictionem
682 2177 1002 2226 sacerdotalem
1035 2179 1278 2236 vocaverit,
1316 2188 1585 2226 contractum
1629 2187 1763 2224 mate-

287 2334 454 2367 ecclesiam
463 2343 542 2368 vero
551 2344 607 2368 eos
618 2336 833 2369 sanctificasse
842 2362 851 2376 ,
863 2346 902 2369 ac
918 2337 1000 2370 ritus
1014 2346 1070 2378 per
1083 2345 1119 2370 se
1130 2337 1349 2370 indifferentes
1358 2337 1393 2368 in
1402 2336 1470 2368 veri
1479 2335 1539 2368 Dei
1548 2335 1672 2367 cultum
1686 2342 1760 2366 con-

284 2388 417 2420 vertisse
427 2412 438 2430 ,
452 2389 490 2421 ut
504 2388 538 2421 in
550 2388 623 2422 aliis
640 2389 762 2421 factum
777 2398 845 2423 esse
859 2390 1002 2422 ostendit
1012 2391 1213 2431 Maraugoni.
1225 2390 1358 2423 Interim
1370 2389 1412 2422 de
1425 2388 1554 2421 coronis
1562 2387 1761 2428 nuptialibus

286 2439 405 2473 librum
427 2441 530 2474 edidit
551 2441 721 2482 Maderus‚
737 2443 835 2483 atque
847 2443 910 2475 hoe
922 2442 1028 2483 ipsum
1039 2443 1264 2483 argumentum
1280 2442 1387 2483 attigit
1402 2440 1588 2473 paschalius
1599 2440 1634 2471 in
1645 2439 1703 2472 lib.
1713 2441 1765 2472 De

285 2496 431 2534 coronis,
441 2503 501 2527 nec
513 2503 578 2527 non
585 2494 818 2527 Rittershusius
826 2495 884 2527 lib.
892 2496 934 2526 11.
943 2496 1082 2527 Sacrar.
1092 2494 1229 2527 lection.
1237 2503 1309 2535 cap.
1321 2494 1395 2526 9..et
1403 2495 1452 2526 10.
1460 2493 1560 2525 Gottl.
1571 2492 1761 2525 Bossechius

286 2547 538 2594 στεφανομοίτα
559 2549 676 2588 sponsi
690 2549 724 2579 et
737 2554 893 2588 sponsae.
910 2548 959 2579 lo.
977 2546 1066 2578 Frid.
1081 2546 1208 2578 Hirtius
1217 2548 1268 2578 De
1280 2547 1415 2578 coronis
1428 2544 1649 2586 nuptialibus
1665 2543 1762 2585 apud

286 2597 458 2631 hebraeos.
474 2600 588 2632 Petrus
604 2600 761 2633 Mulierus
775 2600 999 2633 Dissertation.
1016 2599 1146 2640 scripsit
1157 2601 1209 2631 De
1224 2598 1357 2631 annulo
1374 2598 1550 2640 pronubo,
1569 2598 1667 2638 prout
1681 2598 1759 2629 Gro-

283 2649 349 2682 tius
363 2651 491 2691 scripsit
507 2654 558 2684 De
570 2652 821 2694 paranymphis
834 2652 877 2684 ad
891 2652 1006 2685 matth.
1023 2653 1079 2684 lx.
1100 2656 1150 2684 15.
1164 2660 1203 2683 ac
1221 2653 1270 2683 De
1282 2650 1538 2683 domiducttone
1554 2651 1681 2691 praeter
1692 2649 1759 2682 Sel-

285 2700 405 2734 denum
417 2702 450 2734 in
462 2712 516 2744 op.
535 2705 630 2737 Uxor
644 2704 797 2738 hebraea
814 2705 913 2738 etiam
931 2704 1086 2737 disseruit
1096 2703 1178 2737 Iabn
1193 2704 1228 2735 in
1241 2702 1492 2744 Archaeoloqia
1519 2701 1757 2735 biblicaNien.

286 2756 378 2788 1814.
396 2754 429 2796 §.
447 2757 504 2788 154
520 2764 611 2798 seqq,

385 2807 452 2848 (6¹3)
472 2809 672 2843 ct.›Tertnll.
689 2811 746 2844 lib.
762 2814 814 2845 De
828 2813 1064 2853 monoaamta,
1079 2813 1112 2844 et
1129 2810 1367 2853 depudtcicta.
