<?xml version="1.0" encoding="UTF-8"?>
<!DOCTYPE html PUBLIC "-//W3C//DTD XHTML 1.0 Transitional//EN"
    "http://www.w3.org/TR/xhtml1/DTD/xhtml1-transitional.dtd">
<html xmlns="http://www.w3.org/1999/xhtml" xml:lang="en" lang="en">
 <head>
  <title>
</title>
<meta http-equiv="Content-Type" content="text/html;charset=utf-8" />
  <meta name='ocr-system' content='tesseract 3.04.00' />
  <meta name='ocr-capabilities' content='ocr_page ocr_carea ocr_par ocr_line ocrx_word'/>
</head>
<body>
  <div class='ocr_page' id='page_1' title='image "a603380701perruoft_0362.png"; bbox 0 0 1912 3180; ppageno 0'>
   <div class='ocr_carea' id='block_1_1' title="bbox 305 186 1503 231">
    <p class='ocr_par' dir='ltr' id='par_1_1' title="bbox 305 186 1503 231">
     <span class='ocr_line' id='line_1_1' title="bbox 305 186 1503 231; baseline -0.006 1"><span class='ocrx_word' id='word_1_1' title='bbox 305 186 393 231; x_wconf 83' lang='lat'>340</span> <span class='ocrx_word' id='word_1_2' title='bbox 558 200 636 230; x_wconf 75' lang='lat' dir='ltr'>Lm.</span> <span class='ocrx_word' id='word_1_3' title='bbox 667 198 695 227; x_wconf 89' lang='lat'>1.</span> <span class='ocrx_word' id='word_1_4' title='bbox 725 196 837 227; x_wconf 68' lang='lat' dir='ltr'>secr.</span> <span class='ocrx_word' id='word_1_5' title='bbox 870 196 1040 227; x_wconf 73' lang='lat' dir='ltr'><strong>ALTERA.</strong></span> <span class='ocrx_word' id='word_1_6' title='bbox 1072 196 1123 227; x_wconf 74' lang='lat' dir='ltr'>ni:</span> <span class='ocrx_word' id='word_1_7' title='bbox 1158 196 1332 227; x_wconf 74' lang='lat' dir='ltr'>imam.</span> <span class='ocrx_word' id='word_1_8' title='bbox 1363 196 1503 227; x_wconf 66' lang='lat' dir='ltr'>elvini.</span> 
     </span>
    </p>
   </div>
   <div class='ocr_carea' id='block_1_2' title="bbox 288 272 1770 2475">
    <p class='ocr_par' dir='ltr' id='par_1_2' title="bbox 300 272 1764 489">
     <span class='ocr_line' id='line_1_2' title="bbox 300 272 1764 338; baseline -0.001 -16"><span class='ocrx_word' id='word_1_9' title='bbox 300 275 528 338; x_wconf 89' lang='lat' dir='ltr'>inAnglia,</span> <span class='ocrx_word' id='word_1_10' title='bbox 545 284 594 320; x_wconf 91' lang='lat' dir='ltr'>ut</span> <span class='ocrx_word' id='word_1_11' title='bbox 610 272 754 320; x_wconf 87' lang='lat' dir='ltr'>civilis</span> <span class='ocrx_word' id='word_1_12' title='bbox 776 273 1062 336; x_wconf 82' lang='lat' dir='ltr'><strong>magistratus</strong></span> <span class='ocrx_word' id='word_1_13' title='bbox 1099 272 1277 319; x_wconf 77' lang='lat' dir='ltr'>adesset</span> <span class='ocrx_word' id='word_1_14' title='bbox 1301 273 1418 319; x_wconf 91' lang='lat' dir='ltr'>actui</span> <span class='ocrx_word' id='word_1_15' title='bbox 1450 272 1657 335; x_wconf 81' lang='lat' dir='ltr'>religioso</span> <span class='ocrx_word' id='word_1_16' title='bbox 1679 277 1764 336; x_wconf 83' lang='lat'><strong>(7).</strong></span> 
     </span>
     <span class='ocr_line' id='line_1_3' title="bbox 301 348 1764 413; baseline -0.002 -14"><span class='ocrx_word' id='word_1_17' title='bbox 301 354 496 406; x_wconf 82' lang='lat' dir='ltr'>Poterat,</span> <span class='ocrx_word' id='word_1_18' title='bbox 535 359 582 396; x_wconf 89' lang='lat' dir='ltr'>ut</span> <span class='ocrx_word' id='word_1_19' title='bbox 615 348 749 396; x_wconf 88' lang='lat' dir='ltr'>verbo</span> <span class='ocrx_word' id='word_1_20' title='bbox 785 349 959 405; x_wconf 90' lang='lat' dir='ltr'>dicam,</span> <span class='ocrx_word' id='word_1_21' title='bbox 1000 349 1202 413; x_wconf 91' lang='lat' dir='ltr'>pluribus</span> <span class='ocrx_word' id='word_1_22' title='bbox 1238 348 1342 396; x_wconf 88' lang='lat' dir='ltr'>aliis</span> <span class='ocrx_word' id='word_1_23' title='bbox 1378 349 1524 396; x_wconf 89' lang='lat' dir='ltr'>modis</span> <span class='ocrx_word' id='word_1_24' title='bbox 1559 351 1764 407; x_wconf 89' lang='lat' dir='ltr'>occurri,</span> 
     </span>
     <span class='ocr_line' id='line_1_4' title="bbox 300 424 1453 489; baseline -0.003 -16"><span class='ocrx_word' id='word_1_25' title='bbox 300 427 337 473; x_wconf 92' lang='lat' dir='ltr'>si</span> <span class='ocrx_word' id='word_1_26' title='bbox 371 426 446 472; x_wconf 91' lang='lat' dir='ltr'>hic</span> <span class='ocrx_word' id='word_1_27' title='bbox 480 441 630 473; x_wconf 84' lang='lat' dir='ltr'>revera</span> <span class='ocrx_word' id='word_1_28' title='bbox 664 424 777 488; x_wconf 84' lang='lat' dir='ltr'>legis</span> <span class='ocrx_word' id='word_1_29' title='bbox 814 425 919 472; x_wconf 89' lang='lat' dir='ltr'>finis</span> <span class='ocrx_word' id='word_1_30' title='bbox 955 425 1244 489; x_wconf 88' lang='lat' dir='ltr'>praestitutus</span> <span class='ocrx_word' id='word_1_31' title='bbox 1280 425 1453 472; x_wconf 86' lang='lat' dir='ltr'>fuisset.</span> 
     </span>
    </p>

    <p class='ocr_par' dir='ltr' id='par_1_3' title="bbox 294 501 1770 1328">
     <span class='ocr_line' id='line_1_5' title="bbox 391 501 1768 565; baseline 0.002 -18"><span class='ocrx_word' id='word_1_32' title='bbox 391 502 548 549; x_wconf 92' lang='lat' dir='ltr'>Verum</span> <span class='ocrx_word' id='word_1_33' title='bbox 572 502 702 549; x_wconf 87' lang='lat' dir='ltr'>valde</span> <span class='ocrx_word' id='word_1_34' title='bbox 726 502 809 549; x_wconf 90' lang='lat' dir='ltr'>fuit</span> <span class='ocrx_word' id='word_1_35' title='bbox 830 502 1061 549; x_wconf 87' lang='lat' dir='ltr'>diversus:</span> <span class='ocrx_word' id='word_1_36' title='bbox 1092 501 1270 548; x_wconf 91' lang='lat' dir='ltr'>nonnisi</span> <span class='ocrx_word' id='word_1_37' title='bbox 1296 512 1592 565; x_wconf 87' lang='lat' dir='ltr'>tegumentum</span> <span class='ocrx_word' id='word_1_38' title='bbox 1612 503 1694 549; x_wconf 84' lang='lat' dir='ltr'>suit</span> <span class='ocrx_word' id='word_1_39' title='bbox 1712 504 1768 550; x_wconf 91' lang='lat' dir='ltr'>ad</span> 
     </span>
     <span class='ocr_line' id='line_1_6' title="bbox 298 577 1770 644; baseline 0.003 -21"><span class='ocrx_word' id='word_1_40' title='bbox 298 578 604 626; x_wconf 83' lang='lat' dir='ltr'>involvendam</span> <span class='ocrx_word' id='word_1_41' title='bbox 633 578 862 635; x_wconf 90' lang='lat' dir='ltr'>malitiam,</span> <span class='ocrx_word' id='word_1_42' title='bbox 891 595 1006 644; x_wconf 90' lang='lat' dir='ltr'>quae</span> <span class='ocrx_word' id='word_1_43' title='bbox 1029 578 1148 624; x_wconf 91' lang='lat' dir='ltr'>intus</span> <span class='ocrx_word' id='word_1_44' title='bbox 1173 577 1353 624; x_wconf 91' lang='lat' dir='ltr'>latebat.</span> <span class='ocrx_word' id='word_1_45' title='bbox 1377 578 1646 642; x_wconf 82' lang='lat' dir='ltr'><strong>Praecipuus</strong></span> <span class='ocrx_word' id='word_1_46' title='bbox 1676 596 1770 627; x_wconf 84' lang='lat' dir='ltr'>sco-</span> 
     </span>
     <span class='ocr_line' id='line_1_7' title="bbox 297 652 1767 719; baseline 0.001 -18"><span class='ocrx_word' id='word_1_47' title='bbox 297 671 380 718; x_wconf 91' lang='lat' dir='ltr'>pus</span> <span class='ocrx_word' id='word_1_48' title='bbox 398 664 492 701; x_wconf 88' lang='lat' dir='ltr'>erat</span> <span class='ocrx_word' id='word_1_49' title='bbox 503 671 596 702; x_wconf 89' lang='lat' dir='ltr'>non</span> <span class='ocrx_word' id='word_1_50' title='bbox 614 655 745 702; x_wconf 92' lang='lat' dir='ltr'>modo</span> <span class='ocrx_word' id='word_1_51' title='bbox 765 665 910 703; x_wconf 91' lang='lat' dir='ltr'>actum</span> <span class='ocrx_word' id='word_1_52' title='bbox 930 653 1106 701; x_wconf 89' lang='lat' dir='ltr'>civilem</span> <span class='ocrx_word' id='word_1_53' title='bbox 1118 671 1144 700; x_wconf 90' lang='lat' dir='ltr'>a</span> <span class='ocrx_word' id='word_1_54' title='bbox 1158 652 1365 716; x_wconf 86' lang='lat' dir='ltr'>religioso</span> <span class='ocrx_word' id='word_1_55' title='bbox 1383 654 1656 719; x_wconf 81' lang='lat' dir='ltr'>discerpere3</span> <span class='ocrx_word' id='word_1_56' title='bbox 1680 673 1767 703; x_wconf 94' lang='lat' dir='ltr'>non</span> 
     </span>
     <span class='ocr_line' id='line_1_8' title="bbox 296 729 1763 794; baseline 0.001 -18"><span class='ocrx_word' id='word_1_57' title='bbox 296 730 426 778; x_wconf 91' lang='lat' dir='ltr'>modo</span> <span class='ocrx_word' id='word_1_58' title='bbox 444 731 643 779; x_wconf 87' lang='lat' dir='ltr'>dividere</span> <span class='ocrx_word' id='word_1_59' title='bbox 660 742 932 779; x_wconf 88' lang='lat' dir='ltr'>contractum</span> <span class='ocrx_word' id='word_1_60' title='bbox 951 729 1127 777; x_wconf 90' lang='lat' dir='ltr'>civilem</span> <span class='ocrx_word' id='word_1_61' title='bbox 1151 730 1408 794; x_wconf 82' lang='lat' dir='ltr'>nuptiarum</span> <span class='ocrx_word' id='word_1_62' title='bbox 1426 748 1452 777; x_wconf 92' lang='lat' dir='ltr'>a</span> <span class='ocrx_word' id='word_1_63' title='bbox 1470 742 1763 787; x_wconf 88' lang='lat' dir='ltr'>sacrament0;</span> 
     </span>
     <span class='ocr_line' id='line_1_9' title="bbox 294 806 1767 870; baseline 0 -17"><span class='ocrx_word' id='word_1_64' title='bbox 294 823 446 854; x_wconf 84' lang='lat' dir='ltr'>verum</span> <span class='ocrx_word' id='word_1_65' title='bbox 481 807 614 854; x_wconf 91' lang='lat' dir='ltr'>etiam</span> <span class='ocrx_word' id='word_1_66' title='bbox 648 808 780 855; x_wconf 90' lang='lat' dir='ltr'>tacite</span> <span class='ocrx_word' id='word_1_67' title='bbox 813 807 1045 853; x_wconf 91' lang='lat' dir='ltr'>insinuare</span> <span class='ocrx_word' id='word_1_68' title='bbox 1079 816 1213 854; x_wconf 90' lang='lat' dir='ltr'>totam</span> <span class='ocrx_word' id='word_1_69' title='bbox 1248 806 1444 870; x_wconf 90' lang='lat' dir='ltr'>coniugii</span> <span class='ocrx_word' id='word_1_70' title='bbox 1472 807 1701 854; x_wconf 91' lang='lat' dir='ltr'>rationem.</span> <span class='ocrx_word' id='word_1_71' title='bbox 1722 807 1767 853; x_wconf 88' lang='lat' dir='ltr'>in</span> 
     </span>
     <span class='ocr_line' id='line_1_10' title="bbox 295 882 1768 948; baseline 0.001 -19"><span class='ocrx_word' id='word_1_72' title='bbox 295 883 389 930; x_wconf 90' lang='lat' dir='ltr'>solo</span> <span class='ocrx_word' id='word_1_73' title='bbox 423 892 648 931; x_wconf 89' lang='lat' dir='ltr'>contractu</span> <span class='ocrx_word' id='word_1_74' title='bbox 680 882 799 930; x_wconf 90' lang='lat' dir='ltr'>civili</span> <span class='ocrx_word' id='word_1_75' title='bbox 835 882 1084 946; x_wconf 90' lang='lat' dir='ltr'>adaequate</span> <span class='ocrx_word' id='word_1_76' title='bbox 1117 882 1392 939; x_wconf 80' lang='lat' dir='ltr'>consistere,</span> <span class='ocrx_word' id='word_1_77' title='bbox 1421 899 1473 929; x_wconf 90' lang='lat' dir='ltr'>ac</span> <span class='ocrx_word' id='word_1_78' title='bbox 1497 883 1768 948; x_wconf 87' lang='lat' dir='ltr'>persuadere</span> 
     </span>
     <span class='ocr_line' id='line_1_11' title="bbox 294 957 1766 1023; baseline 0 -18"><span class='ocrx_word' id='word_1_79' title='bbox 294 959 537 1006; x_wconf 84' lang='lat' dir='ltr'>essentiam</span> <span class='ocrx_word' id='word_1_80' title='bbox 583 958 777 1021; x_wconf 90' lang='lat' dir='ltr'>coniugii</span> <span class='ocrx_word' id='word_1_81' title='bbox 820 957 882 1004; x_wconf 86' lang='lat' dir='ltr'>ita</span> <span class='ocrx_word' id='word_1_82' title='bbox 922 958 1129 1005; x_wconf 84' lang='lat' dir='ltr'>constitui</span> <span class='ocrx_word' id='word_1_83' title='bbox 1174 958 1475 1023; x_wconf 89' lang='lat' dir='ltr'>complerique</span> <span class='ocrx_word' id='word_1_84' title='bbox 1509 977 1589 1023; x_wconf 87' lang='lat' dir='ltr'>per</span> <span class='ocrx_word' id='word_1_85' title='bbox 1623 959 1766 1007; x_wconf 89' lang='lat' dir='ltr'>solum</span> 
     </span>
     <span class='ocr_line' id='line_1_12' title="bbox 294 1034 1768 1100; baseline 0.001 -18"><span class='ocrx_word' id='word_1_86' title='bbox 294 1046 565 1083; x_wconf 90' lang='lat' dir='ltr'>contractum</span> <span class='ocrx_word' id='word_1_87' title='bbox 601 1034 776 1082; x_wconf 90' lang='lat' dir='ltr'>civilem</span> <span class='ocrx_word' id='word_1_88' title='bbox 800 1072 809 1090; x_wconf 92' lang='lat'>,</span> <span class='ocrx_word' id='word_1_89' title='bbox 836 1044 886 1081; x_wconf 92' lang='lat' dir='ltr'>ut</span> <span class='ocrx_word' id='word_1_90' title='bbox 909 1044 1234 1082; x_wconf 89' lang='lat' dir='ltr'>sacramentum</span> <span class='ocrx_word' id='word_1_91' title='bbox 1252 1073 1262 1091; x_wconf 96' lang='lat'>,</span> <span class='ocrx_word' id='word_1_92' title='bbox 1291 1052 1371 1082; x_wconf 92' lang='lat' dir='ltr'>seu</span> <span class='ocrx_word' id='word_1_93' title='bbox 1393 1046 1443 1082; x_wconf 93' lang='lat' dir='ltr'>ut</span> <span class='ocrx_word' id='word_1_94' title='bbox 1466 1035 1554 1100; x_wconf 90' lang='lat' dir='ltr'>ipsi</span> <span class='ocrx_word' id='word_1_95' title='bbox 1577 1035 1768 1100; x_wconf 85' lang='lat' dir='ltr'>loquun-</span> 
     </span>
     <span class='ocr_line' id='line_1_13' title="bbox 294 1109 1768 1176; baseline 0.001 -19"><span class='ocrx_word' id='word_1_96' title='bbox 294 1122 392 1167; x_wconf 86' lang='lat' dir='ltr'>tur,</span> <span class='ocrx_word' id='word_1_97' title='bbox 431 1121 556 1157; x_wconf 86' lang='lat' dir='ltr'>actus</span> <span class='ocrx_word' id='word_1_98' title='bbox 591 1120 667 1156; x_wconf 93' lang='lat' dir='ltr'>aut</span> <span class='ocrx_word' id='word_1_99' title='bbox 699 1109 812 1157; x_wconf 90' lang='lat' dir='ltr'>ritus</span> <span class='ocrx_word' id='word_1_100' title='bbox 847 1109 1081 1173; x_wconf 85' lang='lat' dir='ltr'>religiosus</span> <span class='ocrx_word' id='word_1_101' title='bbox 1106 1127 1193 1158; x_wconf 92' lang='lat' dir='ltr'>non</span> <span class='ocrx_word' id='word_1_102' title='bbox 1218 1110 1388 1158; x_wconf 89' lang='lat' dir='ltr'>sitnisi</span> <span class='ocrx_word' id='word_1_103' title='bbox 1419 1111 1528 1176; x_wconf 92' lang='lat' dir='ltr'>quid</span> <span class='ocrx_word' id='word_1_104' title='bbox 1564 1112 1768 1160; x_wconf 85' lang='lat' dir='ltr'>acciden-</span> 
     </span>
     <span class='ocr_line' id='line_1_14' title="bbox 294 1186 1761 1253; baseline 0.002 -20"><span class='ocrx_word' id='word_1_105' title='bbox 294 1187 409 1243; x_wconf 87' lang='lat' dir='ltr'>tale,</span> <span class='ocrx_word' id='word_1_106' title='bbox 448 1203 501 1233; x_wconf 92' lang='lat' dir='ltr'>ac</span> <span class='ocrx_word' id='word_1_107' title='bbox 535 1186 853 1251; x_wconf 89' lang='lat' dir='ltr'>superveniens</span> <span class='ocrx_word' id='word_1_108' title='bbox 901 1187 1017 1234; x_wconf 91' lang='lat' dir='ltr'>actui</span> <span class='ocrx_word' id='word_1_109' title='bbox 1065 1186 1154 1234; x_wconf 90' lang='lat' dir='ltr'>iam</span> <span class='ocrx_word' id='word_1_110' title='bbox 1189 1187 1235 1233; x_wconf 93' lang='lat' dir='ltr'>in</span> <span class='ocrx_word' id='word_1_111' title='bbox 1268 1204 1349 1234; x_wconf 91' lang='lat' dir='ltr'>suo</span> <span class='ocrx_word' id='word_1_112' title='bbox 1383 1205 1484 1235; x_wconf 88' lang='lat' dir='ltr'>esse</span> <span class='ocrx_word' id='word_1_113' title='bbox 1517 1188 1761 1253; x_wconf 87' lang='lat' dir='ltr'>completo,</span> 
     </span>
     <span class='ocr_line' id='line_1_15' title="bbox 295 1262 1662 1328; baseline 0.001 -18"><span class='ocrx_word' id='word_1_114' title='bbox 295 1263 498 1328; x_wconf 84' lang='lat' dir='ltr'>adeoque</span> <span class='ocrx_word' id='word_1_115' title='bbox 531 1263 703 1328; x_wconf 90' lang='lat' dir='ltr'>possit,</span> <span class='ocrx_word' id='word_1_116' title='bbox 732 1262 942 1311; x_wconf 91' lang='lat' dir='ltr'>incolumi</span> <span class='ocrx_word' id='word_1_117' title='bbox 978 1264 1078 1328; x_wconf 89' lang='lat' dir='ltr'>ipsa</span> <span class='ocrx_word' id='word_1_118' title='bbox 1108 1280 1174 1321; x_wconf 89' lang='lat' dir='ltr'>re,</span> <span class='ocrx_word' id='word_1_119' title='bbox 1202 1263 1363 1311; x_wconf 85' lang='lat' dir='ltr'>adesse</span> <span class='ocrx_word' id='word_1_120' title='bbox 1387 1275 1463 1312; x_wconf 91' lang='lat' dir='ltr'>aut</span> <span class='ocrx_word' id='word_1_121' title='bbox 1486 1264 1662 1313; x_wconf 88' lang='lat' dir='ltr'>abesse.</span> 
     </span>
    </p>

    <p class='ocr_par' dir='ltr' id='par_1_4' title="bbox 288 1340 1769 2323">
     <span class='ocr_line' id='line_1_16' title="bbox 390 1340 1769 1406; baseline 0.002 -20"><span class='ocrx_word' id='word_1_122' title='bbox 390 1340 541 1387; x_wconf 89' lang='lat' dir='ltr'>Talem</span> <span class='ocrx_word' id='word_1_123' title='bbox 576 1357 736 1405; x_wconf 89' lang='lat' dir='ltr'>nempe</span> <span class='ocrx_word' id='word_1_124' title='bbox 769 1340 911 1388; x_wconf 86' lang='lat' dir='ltr'>fuisse</span> <span class='ocrx_word' id='word_1_125' title='bbox 934 1357 1118 1404; x_wconf 90' lang='lat' dir='ltr'>scopum</span> <span class='ocrx_word' id='word_1_126' title='bbox 1153 1340 1288 1388; x_wconf 88' lang='lat' dir='ltr'>huius</span> <span class='ocrx_word' id='word_1_127' title='bbox 1313 1340 1425 1404; x_wconf 88' lang='lat' dir='ltr'>legis</span> <span class='ocrx_word' id='word_1_128' title='bbox 1450 1342 1769 1406; x_wconf 86' lang='lat' dir='ltr'>proponendae</span> 
     </span>
     <span class='ocr_line' id='line_1_17' title="bbox 292 1416 1766 1484; baseline 0.001 -20"><span class='ocrx_word' id='word_1_129' title='bbox 292 1427 444 1481; x_wconf 89' lang='lat' dir='ltr'>aperte</span> <span class='ocrx_word' id='word_1_130' title='bbox 481 1416 621 1482; x_wconf 91' lang='lat' dir='ltr'>liquet</span> <span class='ocrx_word' id='word_1_131' title='bbox 655 1434 707 1465; x_wconf 84' lang='lat' dir='ltr'>ex</span> <span class='ocrx_word' id='word_1_132' title='bbox 742 1417 879 1464; x_wconf 88' lang='lat' dir='ltr'>altero</span> <span class='ocrx_word' id='word_1_133' title='bbox 913 1418 1085 1482; x_wconf 90' lang='lat' dir='ltr'>capite,</span> <span class='ocrx_word' id='word_1_134' title='bbox 1124 1417 1242 1482; x_wconf 93' lang='lat' dir='ltr'>quod</span> <span class='ocrx_word' id='word_1_135' title='bbox 1277 1418 1569 1465; x_wconf 90' lang='lat' dir='ltr'>sanciendum</span> <span class='ocrx_word' id='word_1_136' title='bbox 1603 1436 1766 1484; x_wconf 88' lang='lat' dir='ltr'>propo—</span> 
     </span>
     <span class='ocr_line' id='line_1_18' title="bbox 292 1493 1765 1559; baseline 0.002 -19"><span class='ocrx_word' id='word_1_137' title='bbox 292 1494 425 1541; x_wconf 91' lang='lat' dir='ltr'>nitur.</span> <span class='ocrx_word' id='word_1_138' title='bbox 466 1494 642 1541; x_wconf 89' lang='lat' dir='ltr'>Etenim</span> <span class='ocrx_word' id='word_1_139' title='bbox 679 1494 874 1542; x_wconf 90' lang='lat' dir='ltr'>secundo</span> <span class='ocrx_word' id='word_1_140' title='bbox 910 1493 1007 1542; x_wconf 93' lang='lat' dir='ltr'>loco</span> <span class='ocrx_word' id='word_1_141' title='bbox 1037 1493 1293 1541; x_wconf 86' lang='lat' dir='ltr'>dicebatur:</span> <span class='ocrx_word' id='word_1_142' title='bbox 1333 1496 1381 1540; x_wconf 85' lang='lat' dir='ltr'>in</span> <span class='ocrx_word' id='word_1_143' title='bbox 1414 1512 1519 1542; x_wconf 85' lang='lat' dir='ltr'>casu</span> <span class='ocrx_word' id='word_1_144' title='bbox 1551 1513 1633 1559; x_wconf 85' lang='lat' dir='ltr'>quo</span> <span class='ocrx_word' id='word_1_145' title='bbox 1666 1513 1765 1543; x_wconf 86' lang='lat' dir='ltr'>con-</span> 
     </span>
     <span class='ocr_line' id='line_1_19' title="bbox 290 1570 1758 1634; baseline 0.002 -18"><span class='ocrx_word' id='word_1_146' title='bbox 290 1572 470 1617; x_wconf 84' lang='lat' dir='ltr'>secratio</span> <span class='ocrx_word' id='word_1_147' title='bbox 499 1571 703 1634; x_wconf 74' lang='lat' dir='ltr'>reliqiosa</span> <span class='ocrx_word' id='word_1_148' title='bbox 737 1571 1007 1618; x_wconf 74' lang='lat' dir='ltr'>matrimonii</span> <span class='ocrx_word' id='word_1_149' title='bbox 1039 1570 1155 1617; x_wconf 81' lang='lat' dir='ltr'>haud</span> <span class='ocrx_word' id='word_1_150' title='bbox 1183 1572 1373 1633; x_wconf 80' lang='lat' dir='ltr'>potuerit</span> <span class='ocrx_word' id='word_1_151' title='bbox 1409 1571 1544 1617; x_wconf 84' lang='lat' dir='ltr'>locum</span> <span class='ocrx_word' id='word_1_152' title='bbox 1579 1572 1758 1628; x_wconf 83' lang='lat' dir='ltr'>habere,</span> 
     </span>
     <span class='ocr_line' id='line_1_20' title="bbox 289 1646 1762 1711; baseline 0.002 -17"><span class='ocrx_word' id='word_1_153' title='bbox 289 1648 610 1694; x_wconf 78' lang='lat' dir='ltr'>matrimonium</span> <span class='ocrx_word' id='word_1_154' title='bbox 642 1649 784 1711; x_wconf 84' lang='lat' dir='ltr'>ipsum</span> <span class='ocrx_word' id='word_1_155' title='bbox 815 1664 959 1694; x_wconf 84' lang='lat' dir='ltr'>coram</span> <span class='ocrx_word' id='word_1_156' title='bbox 991 1646 1131 1693; x_wconf 84' lang='lat' dir='ltr'>iudice</span> <span class='ocrx_word' id='word_1_157' title='bbox 1167 1647 1364 1693; x_wconf 81' lang='lat' dir='ltr'>contrahi</span> <span class='ocrx_word' id='word_1_158' title='bbox 1389 1649 1563 1710; x_wconf 82' lang='lat' dir='ltr'>poterit.</span> <span class='ocrx_word' id='word_1_159' title='bbox 1589 1648 1762 1704; x_wconf 87' lang='lat' dir='ltr'>Quibus</span> 
     </span>
     <span class='ocr_line' id='line_1_21' title="bbox 292 1723 1765 1790; baseline 0.003 -21"><span class='ocrx_word' id='word_1_160' title='bbox 292 1724 338 1770; x_wconf 91' lang='lat' dir='ltr'>in</span> <span class='ocrx_word' id='word_1_161' title='bbox 364 1723 512 1771; x_wconf 82' lang='lat' dir='ltr'>verbis</span> <span class='ocrx_word' id='word_1_162' title='bbox 540 1733 679 1771; x_wconf 90' lang='lat' dir='ltr'>totum</span> <span class='ocrx_word' id='word_1_163' title='bbox 709 1724 850 1771; x_wconf 88' lang='lat' dir='ltr'>latens</span> <span class='ocrx_word' id='word_1_164' title='bbox 872 1724 996 1772; x_wconf 86' lang='lat' dir='ltr'>virus</span> <span class='ocrx_word' id='word_1_165' title='bbox 1020 1723 1290 1779; x_wconf 87' lang='lat' dir='ltr'>continetur,</span> <span class='ocrx_word' id='word_1_166' title='bbox 1319 1723 1663 1790; x_wconf 83' lang='lat' dir='ltr'>hypocrisisque</span> <span class='ocrx_word' id='word_1_167' title='bbox 1691 1743 1765 1774; x_wconf 85' lang='lat' dir='ltr'>va-</span> 
     </span>
     <span class='ocr_line' id='line_1_22' title="bbox 293 1799 1762 1865; baseline 0.003 -21"><span class='ocrx_word' id='word_1_168' title='bbox 293 1800 486 1847; x_wconf 86' lang='lat' dir='ltr'>ferrima.</span> <span class='ocrx_word' id='word_1_169' title='bbox 510 1799 621 1847; x_wconf 89' lang='lat' dir='ltr'>Nam</span> <span class='ocrx_word' id='word_1_170' title='bbox 645 1799 898 1848; x_wconf 87' lang='lat' dir='ltr'>decernitur</span> <span class='ocrx_word' id='word_1_171' title='bbox 920 1800 1249 1847; x_wconf 88' lang='lat' dir='ltr'>matrimonium</span> <span class='ocrx_word' id='word_1_172' title='bbox 1274 1799 1452 1864; x_wconf 89' lang='lat' dir='ltr'>plenum</span> <span class='ocrx_word' id='word_1_173' title='bbox 1476 1812 1519 1850; x_wconf 92' lang='lat' dir='ltr'>et</span> <span class='ocrx_word' id='word_1_174' title='bbox 1542 1802 1762 1865; x_wconf 88' lang='lat' dir='ltr'>integrum</span> 
     </span>
     <span class='ocr_line' id='line_1_23' title="bbox 291 1875 1765 1934; baseline 0.003 -12"><span class='ocrx_word' id='word_1_175' title='bbox 291 1875 475 1933; x_wconf 88' lang='lat' dir='ltr'>haberi,</span> <span class='ocrx_word' id='word_1_176' title='bbox 504 1892 604 1923; x_wconf 88' lang='lat' dir='ltr'>cum</span> <span class='ocrx_word' id='word_1_177' title='bbox 629 1893 778 1924; x_wconf 87' lang='lat' dir='ltr'>coram</span> <span class='ocrx_word' id='word_1_178' title='bbox 807 1876 902 1924; x_wconf 91' lang='lat' dir='ltr'>solo</span> <span class='ocrx_word' id='word_1_179' title='bbox 930 1876 1078 1924; x_wconf 90' lang='lat' dir='ltr'>iudice</span> <span class='ocrx_word' id='word_1_180' title='bbox 1106 1876 1220 1924; x_wconf 92' lang='lat' dir='ltr'>laico</span> <span class='ocrx_word' id='word_1_181' title='bbox 1256 1877 1503 1926; x_wconf 88' lang='lat' dir='ltr'>celebratur</span> <span class='ocrx_word' id='word_1_182' title='bbox 1520 1916 1530 1934; x_wconf 96' lang='lat'>,</span> <span class='ocrx_word' id='word_1_183' title='bbox 1569 1877 1682 1925; x_wconf 89' lang='lat' dir='ltr'>adeo</span> <span class='ocrx_word' id='word_1_184' title='bbox 1715 1890 1765 1926; x_wconf 92' lang='lat' dir='ltr'>ut</span> 
     </span>
     <span class='ocr_line' id='line_1_24' title="bbox 290 1951 1757 2019; baseline 0.003 -20"><span class='ocrx_word' id='word_1_185' title='bbox 290 1953 503 2016; x_wconf 90' lang='lat' dir='ltr'>coniuges</span> <span class='ocrx_word' id='word_1_186' title='bbox 529 1953 715 2017; x_wconf 79' lang='lat' dir='ltr'>legitimi</span> <span class='ocrx_word' id='word_1_187' title='bbox 740 1953 912 2001; x_wconf 89' lang='lat' dir='ltr'>censeri</span> <span class='ocrx_word' id='word_1_188' title='bbox 936 1951 1141 2010; x_wconf 85' lang='lat' dir='ltr'>debeant,</span> <span class='ocrx_word' id='word_1_189' title='bbox 1166 1954 1261 2019; x_wconf 93' lang='lat' dir='ltr'>qui,</span> <span class='ocrx_word' id='word_1_190' title='bbox 1276 1954 1443 2002; x_wconf 91' lang='lat' dir='ltr'>omisso</span> <span class='ocrx_word' id='word_1_191' title='bbox 1467 1965 1757 2012; x_wconf 86' lang='lat' dir='ltr'>sacramento,</span> 
     </span>
     <span class='ocr_line' id='line_1_25' title="bbox 289 2029 1762 2096; baseline 0.003 -20"><span class='ocrx_word' id='word_1_192' title='bbox 289 2046 557 2077; x_wconf 90' lang='lat' dir='ltr'>consensum</span> <span class='ocrx_word' id='word_1_193' title='bbox 602 2048 733 2077; x_wconf 88' lang='lat' dir='ltr'>suum</span> <span class='ocrx_word' id='word_1_194' title='bbox 777 2030 967 2077; x_wconf 86' lang='lat' dir='ltr'>invicem</span> <span class='ocrx_word' id='word_1_195' title='bbox 1009 2046 1156 2078; x_wconf 89' lang='lat' dir='ltr'>coram</span> <span class='ocrx_word' id='word_1_196' title='bbox 1203 2029 1316 2078; x_wconf 90' lang='lat' dir='ltr'>laico</span> <span class='ocrx_word' id='word_1_197' title='bbox 1362 2031 1672 2096; x_wconf 85' lang='lat' dir='ltr'>praebuerint,</span> <span class='ocrx_word' id='word_1_198' title='bbox 1711 2050 1762 2080; x_wconf 87' lang='lat' dir='ltr'>ac</span> 
     </span>
     <span class='ocr_line' id='line_1_26' title="bbox 288 2106 1761 2172; baseline 0.003 -21"><span class='ocrx_word' id='word_1_199' title='bbox 288 2106 529 2154; x_wconf 92' lang='lat' dir='ltr'>dummodo</span> <span class='ocrx_word' id='word_1_200' title='bbox 563 2106 674 2169; x_wconf 90' lang='lat' dir='ltr'>legis</span> <span class='ocrx_word' id='word_1_201' title='bbox 709 2106 983 2172; x_wconf 89' lang='lat' dir='ltr'>praescripto</span> <span class='ocrx_word' id='word_1_202' title='bbox 1017 2106 1268 2171; x_wconf 89' lang='lat' dir='ltr'>paruerint,</span> <span class='ocrx_word' id='word_1_203' title='bbox 1298 2117 1390 2155; x_wconf 93' lang='lat' dir='ltr'>tuto</span> <span class='ocrx_word' id='word_1_204' title='bbox 1425 2125 1561 2172; x_wconf 87' lang='lat' dir='ltr'>posse</span> <span class='ocrx_word' id='word_1_205' title='bbox 1592 2116 1761 2157; x_wconf 86' lang='lat' dir='ltr'>contra-</span> 
     </span>
     <span class='ocr_line' id='line_1_27' title="bbox 290 2182 1761 2247; baseline 0.002 -19"><span class='ocrx_word' id='word_1_206' title='bbox 290 2182 445 2229; x_wconf 89' lang='lat' dir='ltr'>hentes</span> <span class='ocrx_word' id='word_1_207' title='bbox 492 2182 718 2245; x_wconf 83' lang='lat' dir='ltr'>negligere</span> <span class='ocrx_word' id='word_1_208' title='bbox 757 2182 1021 2229; x_wconf 89' lang='lat' dir='ltr'>sacramenti</span> <span class='ocrx_word' id='word_1_209' title='bbox 1058 2183 1416 2246; x_wconf 86' lang='lat' dir='ltr'>susceptionem,</span> <span class='ocrx_word' id='word_1_210' title='bbox 1456 2193 1606 2247; x_wconf 89' lang='lat' dir='ltr'>utpote</span> <span class='ocrx_word' id='word_1_211' title='bbox 1640 2202 1761 2232; x_wconf 88' lang='lat' dir='ltr'>cere-</span> 
     </span>
     <span class='ocr_line' id='line_1_28' title="bbox 288 2258 1162 2323; baseline -0.001 -19"><span class='ocrx_word' id='word_1_212' title='bbox 288 2259 484 2306; x_wconf 88' lang='lat' dir='ltr'>moniam</span> <span class='ocrx_word' id='word_1_213' title='bbox 520 2258 644 2323; x_wconf 87' lang='lat' dir='ltr'>parvi</span> <span class='ocrx_word' id='word_1_214' title='bbox 680 2258 900 2306; x_wconf 84' lang='lat' dir='ltr'>nulliusve</span> <span class='ocrx_word' id='word_1_215' title='bbox 935 2258 1162 2306; x_wconf 89' lang='lat' dir='ltr'>momenti.</span> 
     </span>
    </p>

    <p class='ocr_par' dir='ltr' id='par_1_5' title="bbox 290 2334 1758 2475">
     <span class='ocr_line' id='line_1_29' title="bbox 383 2334 1758 2403; baseline 0.001 -22"><span class='ocrx_word' id='word_1_216' title='bbox 383 2335 541 2382; x_wconf 89' lang='lat' dir='ltr'>Verum</span> <span class='ocrx_word' id='word_1_217' title='bbox 570 2334 752 2399; x_wconf 90' lang='lat' dir='ltr'>quidem</span> <span class='ocrx_word' id='word_1_218' title='bbox 777 2345 844 2382; x_wconf 91' lang='lat' dir='ltr'>est</span> <span class='ocrx_word' id='word_1_219' title='bbox 867 2334 923 2382; x_wconf 90' lang='lat' dir='ltr'>ab</span> <span class='ocrx_word' id='word_1_220' title='bbox 946 2352 1020 2390; x_wconf 92' lang='lat' dir='ltr'>eo,</span> <span class='ocrx_word' id='word_1_221' title='bbox 1049 2335 1126 2398; x_wconf 90' lang='lat' dir='ltr'>qui</span> <span class='ocrx_word' id='word_1_222' title='bbox 1150 2334 1291 2398; x_wconf 89' lang='lat' dir='ltr'>legem</span> <span class='ocrx_word' id='word_1_223' title='bbox 1320 2335 1566 2403; x_wconf 88' lang='lat' dir='ltr'>proposuit,</span> <span class='ocrx_word' id='word_1_224' title='bbox 1596 2352 1758 2383; x_wconf 90' lang='lat' dir='ltr'>sermo-</span> 
     </span>
     <span class='ocr_line' id='line_1_30' title="bbox 290 2410 1758 2475; baseline 0.001 -19"><span class='ocrx_word' id='word_1_225' title='bbox 290 2428 386 2456; x_wconf 90' lang='lat' dir='ltr'>nem</span> <span class='ocrx_word' id='word_1_226' title='bbox 423 2410 518 2458; x_wconf 85' lang='lat' dir='ltr'>fieri</span> <span class='ocrx_word' id='word_1_227' title='bbox 550 2410 607 2457; x_wconf 91' lang='lat' dir='ltr'>de</span> <span class='ocrx_word' id='word_1_228' title='bbox 634 2427 742 2458; x_wconf 89' lang='lat' dir='ltr'>casu</span> <span class='ocrx_word' id='word_1_229' title='bbox 778 2428 866 2475; x_wconf 93' lang='lat' dir='ltr'>quo</span> <span class='ocrx_word' id='word_1_230' title='bbox 897 2412 1154 2457; x_wconf 85' lang='lat' dir='ltr'>consecratio</span> <span class='ocrx_word' id='word_1_231' title='bbox 1189 2411 1392 2475; x_wconf 62' lang='lat' dir='ltr'>religiosa</span> <span class='ocrx_word' id='word_1_232' title='bbox 1427 2410 1542 2457; x_wconf 83' lang='lat' dir='ltr'>haud</span> <span class='ocrx_word' id='word_1_233' title='bbox 1569 2412 1758 2474; x_wconf 82' lang='lat' dir='ltr'>potuerit</span> 
     </span>
    </p>
   </div>
   <div class='ocr_carea' id='block_1_3' title="bbox 286 2593 1757 2846">
    <p class='ocr_par' dir='ltr' id='par_1_6' title="bbox 286 2593 1757 2846">
     <span class='ocr_line' id='line_1_31' title="bbox 382 2593 1757 2636; baseline 0.001 -11"><span class='ocrx_word' id='word_1_234' title='bbox 382 2594 426 2633; x_wconf 91' lang='lat'>(7)</span> <span class='ocrx_word' id='word_1_235' title='bbox 447 2596 495 2626; x_wconf 89' lang='lat' dir='ltr'>De</span> <span class='ocrx_word' id='word_1_236' title='bbox 519 2603 584 2635; x_wconf 88' lang='lat' dir='ltr'>qua</span> <span class='ocrx_word' id='word_1_237' title='bbox 601 2595 710 2626; x_wconf 74' lang='lat' dir='ltr'>tamen</span> <span class='ocrx_word' id='word_1_238' title='bbox 731 2594 857 2636; x_wconf 84' lang='lat' dir='ltr'>anglica</span> <span class='ocrx_word' id='word_1_239' title='bbox 877 2594 982 2627; x_wconf 81' lang='lat' dir='ltr'>forma</span> <span class='ocrx_word' id='word_1_240' title='bbox 1002 2595 1067 2626; x_wconf 85' lang='lat' dir='ltr'>iam</span> <span class='ocrx_word' id='word_1_241' title='bbox 1090 2594 1394 2636; x_wconf 85' lang='lat' dir='ltr'>animadvertimus,</span> <span class='ocrx_word' id='word_1_242' title='bbox 1416 2594 1445 2626; x_wconf 83' lang='lat' dir='ltr'>ei</span> <span class='ocrx_word' id='word_1_243' title='bbox 1471 2593 1575 2626; x_wconf 85' lang='lat' dir='ltr'>inesse</span> <span class='ocrx_word' id='word_1_244' title='bbox 1601 2594 1757 2635; x_wconf 85' lang='lat' dir='ltr'>pernicio-</span> 
     </span>
     <span class='ocr_line' id='line_1_32' title="bbox 286 2645 1755 2687; baseline 0.003 -12"><span class='ocrx_word' id='word_1_245' title='bbox 286 2653 357 2676; x_wconf 85' lang='lat' dir='ltr'>sum</span> <span class='ocrx_word' id='word_1_246' title='bbox 380 2645 576 2686; x_wconf 85' lang='lat' dir='ltr'>principium</span> <span class='ocrx_word' id='word_1_247' title='bbox 588 2671 597 2686; x_wconf 93' lang='lat'>,</span> <span class='ocrx_word' id='word_1_248' title='bbox 626 2647 715 2687; x_wconf 90' lang='lat' dir='ltr'>quod</span> <span class='ocrx_word' id='word_1_249' title='bbox 738 2647 878 2679; x_wconf 83' lang='lat' dir='ltr'>liberum</span> <span class='ocrx_word' id='word_1_250' title='bbox 905 2646 1169 2679; x_wconf 82' lang='lat' dir='ltr'>contrahentibus</span> <span class='ocrx_word' id='word_1_251' title='bbox 1195 2647 1397 2687; x_wconf 85' lang='lat' dir='ltr'>relinquatur</span> <span class='ocrx_word' id='word_1_252' title='bbox 1422 2645 1609 2687; x_wconf 81' lang='lat' dir='ltr'>coniugium</span> <span class='ocrx_word' id='word_1_253' title='bbox 1634 2655 1730 2679; x_wconf 91' lang='lat' dir='ltr'>suum</span> <span class='ocrx_word' id='word_1_254' title='bbox 1745 2672 1755 2686; x_wconf 92' lang='lat'>,</span> 
     </span>
     <span class='ocr_line' id='line_1_33' title="bbox 286 2697 1754 2742; baseline 0.003 -14"><span class='ocrx_word' id='word_1_255' title='bbox 286 2699 382 2737; x_wconf 84' lang='lat' dir='ltr'>prout</span> <span class='ocrx_word' id='word_1_256' title='bbox 393 2697 539 2740; x_wconf 85' lang='lat' dir='ltr'>libuerit,</span> <span class='ocrx_word' id='word_1_257' title='bbox 555 2708 612 2740; x_wconf 87' lang='lat' dir='ltr'>per</span> <span class='ocrx_word' id='word_1_258' title='bbox 627 2702 735 2733; x_wconf 83' lang='lat' dir='ltr'>actum</span> <span class='ocrx_word' id='word_1_259' title='bbox 751 2700 938 2742; x_wconf 86' lang='lat' dir='ltr'>religiosum</span> <span class='ocrx_word' id='word_1_260' title='bbox 952 2708 1156 2741; x_wconf 81' lang='lat' dir='ltr'>consecrare,</span> <span class='ocrx_word' id='word_1_261' title='bbox 1171 2702 1228 2732; x_wconf 85' lang='lat' dir='ltr'>aut</span> <span class='ocrx_word' id='word_1_262' title='bbox 1240 2699 1404 2732; x_wconf 85' lang='lat' dir='ltr'>omittere:</span> <span class='ocrx_word' id='word_1_263' title='bbox 1422 2699 1511 2740; x_wconf 88' lang='lat' dir='ltr'>quod</span> <span class='ocrx_word' id='word_1_264' title='bbox 1524 2699 1558 2731; x_wconf 92' lang='lat' dir='ltr'>in</span> <span class='ocrx_word' id='word_1_265' title='bbox 1571 2699 1628 2733; x_wconf 90' lang='lat' dir='ltr'>illo</span> <span class='ocrx_word' id='word_1_266' title='bbox 1644 2709 1754 2741; x_wconf 83' lang='lat' dir='ltr'>regno,</span> 
     </span>
     <span class='ocr_line' id='line_1_34' title="bbox 286 2750 1753 2795; baseline 0.003 -14"><span class='ocrx_word' id='word_1_267' title='bbox 286 2750 374 2790; x_wconf 87' lang='lat' dir='ltr'>quod</span> <span class='ocrx_word' id='word_1_268' title='bbox 388 2751 429 2782; x_wconf 84' lang='lat' dir='ltr'>ad</span> <span class='ocrx_word' id='word_1_269' title='bbox 444 2752 666 2792; x_wconf 83' lang='lat' dir='ltr'>paganismum</span> <span class='ocrx_word' id='word_1_270' title='bbox 685 2753 811 2795; x_wconf 80' lang='lat' dir='ltr'>magnis</span> <span class='ocrx_word' id='word_1_271' title='bbox 824 2753 973 2795; x_wconf 78' lang='lat' dir='ltr'>passibus</span> <span class='ocrx_word' id='word_1_272' title='bbox 991 2752 1118 2786; x_wconf 74' lang='lat' dir='ltr'>accedit</span> <span class='ocrx_word' id='word_1_273' title='bbox 1129 2778 1138 2794; x_wconf 92' lang='lat'>,</span> <span class='ocrx_word' id='word_1_274' title='bbox 1154 2753 1273 2786; x_wconf 86' lang='lat' dir='ltr'>mirum</span> <span class='ocrx_word' id='word_1_275' title='bbox 1288 2761 1354 2785; x_wconf 86' lang='lat' dir='ltr'>non</span> <span class='ocrx_word' id='word_1_276' title='bbox 1369 2754 1433 2794; x_wconf 83' lang='lat' dir='ltr'>est;</span> <span class='ocrx_word' id='word_1_277' title='bbox 1449 2754 1500 2785; x_wconf 83' lang='lat' dir='ltr'>ast</span> <span class='ocrx_word' id='word_1_278' title='bbox 1511 2753 1546 2785; x_wconf 88' lang='lat' dir='ltr'>in</span> <span class='ocrx_word' id='word_1_279' title='bbox 1559 2753 1689 2794; x_wconf 85' lang='lat' dir='ltr'>regione</span> <span class='ocrx_word' id='word_1_280' title='bbox 1703 2762 1753 2786; x_wconf 84' lang='lat' dir='ltr'>ca·</span> 
     </span>
     <span class='ocr_line' id='line_1_35' title="bbox 286 2802 1572 2846; baseline 0.003 -13"><span class='ocrx_word' id='word_1_281' title='bbox 286 2802 405 2834; x_wconf 85' lang='lat' dir='ltr'>tholica</span> <span class='ocrx_word' id='word_1_282' title='bbox 418 2826 426 2842; x_wconf 82' lang='lat'>,</span> <span class='ocrx_word' id='word_1_283' title='bbox 443 2803 475 2835; x_wconf 90' lang='lat' dir='ltr'>in</span> <span class='ocrx_word' id='word_1_284' title='bbox 489 2811 553 2844; x_wconf 88' lang='lat' dir='ltr'>qua</span> <span class='ocrx_word' id='word_1_285' title='bbox 569 2804 631 2836; x_wconf 84' lang='lat' dir='ltr'>tide</span> <span class='ocrx_word' id='word_1_286' title='bbox 645 2806 772 2838; x_wconf 85' lang='lat' dir='ltr'>tenetur</span> <span class='ocrx_word' id='word_1_287' title='bbox 786 2805 1030 2839; x_wconf 85' lang='lat' dir='ltr'>matrimonium</span> <span class='ocrx_word' id='word_1_288' title='bbox 1042 2814 1112 2839; x_wconf 83' lang='lat' dir='ltr'>esse</span> <span class='ocrx_word' id='word_1_289' title='bbox 1126 2805 1375 2845; x_wconf 81' lang='lat' dir='ltr'>sacramentum,</span> <span class='ocrx_word' id='word_1_290' title='bbox 1389 2805 1462 2846; x_wconf 84' lang='lat' dir='ltr'>quis</span> <span class='ocrx_word' id='word_1_291' title='bbox 1472 2805 1572 2838; x_wconf 78' lang='lat' dir='ltr'>serat?</span> 
     </span>
    </p>
   </div>
  </div>
 </body>
</html>
