1912 3180
323 210 410 255 226
573 224 652 254 mn.
682 223 711 253 1.
742 221 854 253 secr.
884 221 1053 252 ALTERA.
1087 221 1138 252 nn
1167 221 1343 253 numu.
1373 220 1513 253 civim.

414 301 543 346 Esto:
571 299 729 345 Verum
747 298 831 345 hac
851 298 895 344 in
916 297 1179 363 hypothesi,
1201 298 1320 362 quod
1338 298 1491 345 civiles
1516 300 1788 350 coniunctio-

320 394 395 423 nes
429 393 531 423 vera
564 374 769 438 coniugia
804 375 919 431 sint,
958 375 1057 421 licet
1091 391 1177 422 non
1213 385 1487 422 sacramenta
1510 413 1519 430 ‚
1562 392 1662 422 cum
1696 377 1785 425 dis-

319 450 526 498 solubilia
551 460 707 497 natura
731 468 814 497 sua
836 449 925 497 sint
947 450 1166 497 eiusmodi
1191 451 1418 513 coniugia,
1453 468 1505 498 ac
1540 453 1791 500 necessario

318 544 404 574 non
428 527 473 572 in
497 527 653 591 paucis
685 527 863 574 casibus
887 544 1042 574 ansam
1069 526 1307 590 praebeant
1333 527 1558 585 divortiis,
1585 539 1635 575 ut
1658 546 1791 594 supe-

318 603 432 650 riore
449 603 634 651 articulo
652 603 943 658 ostendimus,
966 602 1094 649 sacile
1111 602 1209 658 fiet,
1232 612 1281 649 ut
1306 603 1388 650 viri
1408 641 1417 659 ,
1445 603 1618 651 vivente
1644 604 1793 652 adhuc

316 679 453 743 priori
487 697 620 745 quam
655 680 872 727 duxerant
906 695 1042 725 uxore
1063 716 1073 735 ,
1119 679 1390 736 secundam,
1438 679 1610 726 tertiam
1645 698 1696 728 ac
1730 681 1791 729 ita

318 773 449 820 porro
473 756 836 821 superinducant.
862 757 912 801 ln
937 772 1027 819 quo
1050 754 1331 819 polygamiae
1365 755 1488 802 iuxta
1522 756 1792 805 christianae

318 833 546 896 religionis
580 833 822 881 doctrinam
859 830 1084 896 turpitudo
1109 831 1336 888 consistit,
1364 832 1483 897 quod
1508 832 1679 880 scilicet
1701 833 1789 881 alia

315 909 383 957 vel
407 910 523 957 aliae
544 910 762 957 ducantur
794 908 1023 972 coniuges,
1061 908 1197 973 priori
1233 908 1382 956 adhuc
1415 909 1670 974 superstite.

414 988 503 1034 Nec
537 997 630 1042 est,
659 985 778 1050 quod
814 984 1038 1049 quispiam
1073 984 1277 1041 obiiciat,
1307 985 1540 1049 supposito
1574 986 1785 1050 repudio,

313 1063 621 1127 dissolutoque
663 1071 895 1126 propterea
938 1061 1084 1126 quoad
1120 1060 1346 1108 vinculum
1380 1061 1515 1126 priori
1550 1062 1784 1126 coniugio,

315 1156 401 1186 non
433 1138 626 1202 amplius
656 1137 820 1185 habere
849 1137 993 1186 locum
1027 1137 1351 1202 polygamiam‚
1381 1137 1460 1185 sed
1484 1155 1583 1186 esse
1606 1139 1786 1187 totidem

310 1231 470 1262 uxores
489 1213 768 1262 successivas
786 1224 916 1278 prout
932 1214 978 1260 in
995 1213 1208 1262 viduitate
1224 1214 1454 1278 contingit.
1471 1214 1591 1262 Haec
1609 1215 1788 1279 quidem

313 1290 502 1355 pulchra
531 1301 636 1338 sunt
657 1290 816 1339 verba:
846 1301 891 1338 at
914 1291 1079 1355 primo,
1120 1290 1231 1338 haec
1270 1291 1370 1355 ipsa
1405 1290 1565 1339 solutio
1593 1291 1788 1354 coniugii

315 1366 429 1413 inter
457 1366 726 1414 christianos
748 1384 818 1413 res
838 1376 930 1423 est,
954 1384 1071 1431 quae
1096 1365 1479 1414 indissolubilitati
1497 1366 1562 1412 illi
1581 1366 1790 1414 adversa-

314 1452 401 1499 tur,
423 1460 538 1507 quae
556 1460 643 1490 non
662 1460 790 1490 secus
810 1460 861 1490 ac
877 1443 1043 1498 unitas,
1061 1442 1292 1491 christiani
1311 1453 1378 1490 est
1394 1442 1663 1490 matrimonii
1687 1460 1790 1507 pro-

313 1518 504 1582 prietas,
537 1519 739 1583 adeoque
758 1519 819 1566 ita
838 1519 1129 1576 disserentes,
1164 1518 1269 1565 dum
1298 1536 1435 1565 unum
1466 1529 1608 1566 vltant
1631 1536 1791 1584 scopu-

313 1594 421 1652 lum,
445 1595 677 1643 stultorum
695 1613 817 1643 more
835 1595 880 1641 in
899 1595 1036 1642 alium
1056 1595 1310 1650 incurrunt;
1338 1595 1501 1641 deinde
1517 1633 1526 1651 ‚
1556 1596 1789 1660 supposita

312 1671 444 1723 etiam
472 1690 551 1736 per
573 1672 715 1735 legale
743 1672 980 1720 divortium
1010 1672 1231 1720 solutione
1254 1672 1415 1736 prioris
1440 1671 1658 1735 coniugii,
1688 1689 1789 1719 suo-

312 1748 510 1796 oessivae
534 1749 716 1813 nuptiae
740 1749 811 1796 sin
835 1749 982 1796 minus
1008 1748 1204 1796 formalis
1223 1786 1233 1805 ,
1262 1748 1418 1795 saltem
1443 1748 1685 1795 materialis
1709 1766 1787 1795 cu—

314 1824 490 1871 iusdam
521 1834 564 1871 et
591 1824 746 1887 legalis
783 1825 1063 1889 polygamiae
1098 1824 1290 1888 speciem
1325 1824 1566 1880 haberent,
1596 1835 1640 1871 et
1663 1824 1789 1889 poly-

312 1900 485 1963 gamiae
517 1900 776 1947 scandalum
800 1938 810 1956 ‚
849 1900 950 1947 licet
984 1900 1178 1965 quodam
1202 1900 1299 1947 velo
1323 1910 1590 1956 contectum,
1624 1900 1788 1964 populo

311 1974 584 2023 exhiberent.
616 1975 789 2022 Etenim
823 1975 862 2022 si
895 1975 1150 2038 coniugium
1185 1975 1315 2023 civile
1349 1976 1470 2022 iuxta
1503 1975 1782 2023 adversarios

310 2069 463 2099 verum
497 2062 565 2099 est
597 2052 852 2115 coniugium
875 2090 884 2108 ,
922 2051 1142 2116 quidquid
1176 2051 1335 2115 legulei
1361 2051 1416 2098 de
1439 2051 1570 2115 legali
1597 2050 1787 2099 divortio

311 2127 488 2185 dicant,
528 2129 800 2176 christianus
835 2128 1027 2193 populus
1062 2128 1107 2174 in
1142 2146 1195 2175 ea
1228 2128 1446 2175 sententia
1479 2127 1780 2193 permanebit,

311 2204 425 2252 inter
454 2205 723 2254 christianos
756 2206 1035 2269 coniugium,
1074 2206 1113 2252 si
1147 2223 1298 2253 verum
1333 2215 1425 2261 est,
1465 2222 1518 2252 eo
1551 2205 1652 2268 ipso
1687 2222 1787 2252 esse

312 2280 647 2339 indissolubile,
687 2300 767 2329 seu
810 2299 897 2329 non
933 2282 1044 2330 solvi
1079 2282 1166 2329 nisi
1201 2299 1281 2346 per
1313 2279 1515 2343 coniugis
1561 2290 1776 2326 mortem:

311 2359 519 2423 quocirca
544 2359 666 2416 dum,
693 2359 869 2406 vivente
902 2359 1039 2423 priori
1073 2358 1277 2421 coniuge,
1305 2357 1443 2404 altera
1476 2354 1675 2411 ducitur,
1705 2373 1783 2419 po-

312 2434 533 2499 lygamiae
566 2435 732 2482 crimen
766 2435 926 2483 adesse
948 2435 1052 2482 licet
1072 2434 1205 2498 legali
1241 2433 1398 2481 umbra
1429 2441 1691 2480 contectum.
1717 2431 1782 2478 Ad

312 2510 534 2559 hominem
551 2549 561 2568 ‚
601 2522 650 2558 ut
683 2511 877 2558 diximus
897 2549 907 2567 ,
937 2511 1192 2574 arguimus:
1222 2511 1261 2558 si
1286 2509 1540 2572 coniugium
1563 2507 1693 2555 civile
1717 2519 1785 2555 est

311 2586 506 2634 validum
523 2626 533 2645 ,
562 2588 685 2645 dum,
711 2588 887 2636 vivente
919 2587 1067 2652 priore
1100 2586 1313 2650 coniuge,
1342 2603 1503 2634 novum
1527 2584 1664 2631 initur
1686 2601 1786 2632 con-

311 2662 505 2725 iugium,
544 2664 785 2712 materialis
820 2664 948 2712 adest
973 2663 1242 2730 polygamia.
1280 2664 1446 2711 Revera
1478 2662 1534 2709 iis
1571 2661 1615 2707 in
1650 2661 1778 2717 locis,

312 2738 357 2784 in
381 2739 543 2802 quibus
578 2742 803 2789 decretum
838 2741 1122 2789 tridentinum
1147 2758 1234 2788 non
1258 2750 1327 2787 est
1349 2739 1648 2804 publicatum,
1676 2755 1780 2785 con-

312 2813 477 2877 iugium
513 2816 640 2863 civile
673 2835 759 2865 non
796 2817 937 2865 solum
962 2835 1013 2864 ex
1039 2816 1417 2872 adversariorum,
1449 2816 1527 2863 sed
1552 2833 1603 2863 ex
1628 2813 1774 2878 ipsius
