1912 3180
217 209 302 255 440
475 223 555 254 tm.
584 223 613 254 1.
643 222 755 254 sacr.
784 221 955 254 ALTERA.
985 222 1037 254 m:
1064 221 1238 255 mrum.
1262 221 1401 261 civim.

214 303 258 349 in
282 301 446 365 quibus
469 300 691 348 decretum
728 300 1014 348 tridentinum
1049 300 1320 366 publicatum
1358 316 1444 347 non
1479 311 1567 356 est,
1587 318 1673 350 va-

211 378 302 424 lida
326 386 429 423 sunt
452 376 733 423 matrimonia
755 375 1031 423 clandestina
1047 414 1057 433 ,
1085 376 1192 441 quia
1214 392 1319 441 vera
1337 392 1389 423 ac
1406 386 1501 422 rata
1518 376 1671 423 eadem

210 452 452 500 declaravit
468 451 682 509 ecclesia;
706 462 750 499 at
778 452 1047 517 ubicumque
1080 451 1190 499 illud
1220 451 1443 499 decretum
1471 451 1672 516 publica-

210 540 302 576 tum
338 537 437 585 est,
471 528 702 591 coniugia,
743 546 858 593 quae
891 529 1012 575 iuxta
1047 528 1231 575 formam
1265 545 1292 575 a
1323 527 1510 575 concilio
1542 546 1672 593 prae-

208 604 420 668 scriptam
444 604 665 652 celebrata
690 622 778 652 non
806 604 967 652 fuerint
983 642 993 660 ‚
1022 604 1146 651 irrita
1171 613 1277 651 sunt
1297 614 1430 668 atque
1454 603 1667 661 invalida,

207 680 426 745 quidquid
460 681 637 728 tandem
665 680 734 728 lex
768 680 911 728 civilis
948 680 1161 727 statuerit.
1192 679 1517 727 Matrimonium
1551 679 1671 744 quod

206 757 349 804 inscio
382 774 565 821 prorsus
599 756 720 804 civili
753 756 1012 819 magistratu
1038 772 1186 803 coram
1220 755 1416 813 duobus,
1437 766 1513 804 aut
1529 755 1671 803 tribus

206 832 395 880 testibus
419 871 429 889 ,
467 843 511 880 et
541 849 688 880 coram
723 831 918 896 parocho
950 831 1084 878 etiam
1117 831 1254 878 invito
1287 830 1556 888 celebretur,
1593 848 1670 879 va-

206 908 347 955 lidum
381 918 449 955 est
481 924 534 955 ac
565 917 742 954 ratum:
790 906 910 970 quod
943 906 982 952 si
1017 923 1105 953 non
1150 905 1294 953 solum
1334 905 1670 969 magistratibus

208 983 411 1031 civilibus
440 983 720 1031 adstantibus
735 1020 745 1038 ,
774 981 854 1029 sed
878 998 1026 1029 coram
1048 981 1256 1029 universo
1280 989 1437 1029 senatu
1459 1019 1469 1038 ‚
1500 997 1552 1029 ac
1580 990 1671 1028 tota

207 1060 341 1107 etiam
380 1068 608 1123 spectante
646 1057 853 1114 civitate,
891 1057 1074 1104 absente
1115 1057 1339 1105 ordinario
1372 1057 1442 1105 vel
1475 1055 1669 1121 parocho

207 1145 282 1182 aut
305 1134 533 1181 sacerdote
549 1133 607 1180 ab
624 1133 781 1181 eodem
815 1132 1050 1198 deputato,
1078 1143 1364 1180 attentaretur
1395 1133 1666 1196 coniugium,

207 1210 376 1257 nullum
411 1226 463 1257 ac
496 1209 668 1256 irritum
701 1219 822 1256 esset
854 1209 1056 1266 omnino,
1094 1226 1175 1257 nec
1209 1209 1560 1265 matrimonium,
1588 1208 1668 1256 sed

208 1286 529 1334 concubinatus
564 1285 690 1333 soret.

301 1360 363 1408 Ac
394 1361 450 1408 de
484 1361 556 1407 his
590 1360 723 1408 rebus
747 1377 830 1408 nos
855 1361 1068 1408 hactenus
1094 1360 1301 1426 loquutos
1335 1360 1444 1408 satis
1479 1360 1564 1415 sit;
1601 1358 1671 1406 ul-

206 1437 342 1484 terius
384 1436 589 1500 progredi
631 1437 929 1502 potuissemus
957 1475 967 1493 ‚
1013 1437 1162 1484 finem·
1184 1447 1329 1484 tamen
1369 1453 1500 1502 quem
1541 1434 1671 1483 nobis

205 1513 518 1577 proposuimus
559 1522 788 1560 assecutos
829 1530 910 1560 nos
952 1529 1053 1560 esse
1095 1511 1362 1559 confidimus
1385 1550 1395 1568 ‚
1439 1511 1672 1560 ostendere

206 1588 376 1635 scilicet
405 1598 617 1652 quantum
642 1606 694 1635 ex
719 1588 839 1635 omni
869 1598 996 1652 parte
1029 1587 1282 1635 habendum
1309 1587 1368 1635 sit
1392 1597 1436 1634 et
1459 1586 1671 1634 antichri-

205 1664 397 1711 stianum
427 1675 471 1711 et
500 1664 859 1711 anticatholicum
878 1703 887 1720 ,
918 1663 1038 1729 quod
1072 1664 1364 1711 communiter
1390 1662 1669 1727 appellamus

204 1739 532 1786 matrimonium
566 1739 694 1787 civile
725 1739 996 1804 ubicumque
1018 1738 1254 1786 concilium
1285 1738 1572 1786 tridentinum
1597 1755 1670 1785 so-

204 1814 408 1862 lemniter
445 1814 789 1878 publicationem
823 1814 994 1861 habuit.
1035 1814 1351 1878 Inquisivimus
1387 1814 1434 1860 in
1468 1813 1669 1861 eiusdem

205 1890 350 1937 civilis
384 1890 651 1937 matrimonii
686 1901 916 1944 naturam,
953 1890 1073 1937 unde
1113 1901 1293 1947 natum,
1331 1907 1555 1956 quamque
1582 1890 1670 1937 late

203 1983 488 2030 progressum
523 1966 668 2013 fuerit.
703 1966 993 2014 Excussimus
1015 1976 1060 2014 et
1082 1966 1223 2029 legem
1258 1967 1304 2013 in
1339 1984 1389 2014 se
1420 1976 1464 2013 et
1491 1966 1537 2013 in
1563 1982 1669 2013 con-

204 2042 428 2099 sectariis,
466 2059 579 2106 quae
612 2042 734 2090 illam
766 2043 1045 2090 comitantur.
1068 2043 1253 2089 Demum
1278 2042 1449 2089 nullum
1476 2041 1670 2105 neglexi-

203 2135 304 2165 mus
334 2129 713 2182 argumentorum,
752 2119 916 2183 quibus
951 2119 1063 2182 legis
1099 2119 1292 2166 fautores
1320 2129 1364 2166 et
1398 2119 1445 2165 in
1478 2118 1670 2166 comitiis

204 2193 426 2250 electivis‚
453 2203 496 2240 et
521 2194 568 2240 in
595 2204 749 2241 senatu
773 2194 1008 2259 subalpino
1030 2195 1151 2242 omni
1179 2194 1326 2242 studio
1354 2194 1670 2241 contenderant

204 2269 509 2317 demonstrare
547 2270 897 2318 convenientiam
934 2270 1045 2334 legis
1079 2270 1249 2335 ipsius,
1288 2287 1511 2335 quamque
1543 2269 1667 2316 utilis

203 2345 313 2392 foret
348 2345 597 2410 subalpinis
620 2383 630 2402 ,
670 2346 709 2393 si
745 2347 968 2393 communi
1012 2347 1223 2410 suffragio
1258 2346 1535 2411 probaretur.
1569 2345 1666 2401 Quo

204 2422 250 2467 in
284 2421 380 2469 loco
413 2421 609 2470 vidimus
645 2422 947 2471 cavillationes
971 2434 1015 2470 et
1039 2423 1321 2471 fraudulenta
1354 2422 1540 2470 artificia
1569 2422 1669 2486 qui-

202 2496 287 2544 bus
323 2498 369 2543 in
403 2498 750 2561 argumentando
784 2499 856 2546 usi
892 2509 1010 2546 sunt.

299 2574 394 2621 Non
427 2574 529 2621 ideo
556 2574 819 2640 cuiusquam
850 2575 1018 2623 nomini
1046 2575 1280 2622 detrahere
1314 2575 1559 2629 voluimus,
1591 2583 1668 2621 aut

204 2650 458 2713 quempiam
491 2649 681 2697 laedere.
720 2651 838 2698 Satis
873 2651 991 2698 enim
1024 2651 1254 2708 novimus,
1289 2649 1407 2715 quod
1447 2667 1547 2697 cum
1582 2650 1667 2698 fer-

204 2733 278 2770 vet
304 2724 569 2789 disputatio,
592 2725 886 2782 incalescunt,
909 2727 1155 2790 agitantur,
1184 2736 1317 2791 atque
1337 2725 1471 2772 veluti
1501 2726 1667 2791 impetu

205 2799 447 2848 efferuntur
468 2791 617 2848 ¹animi
652 2813 694 2850 et
733 2802 958 2851 veritatem
994 2803 1175 2867 saepius
1209 2819 1295 2850 non
1329 2801 1497 2849 vident.
1526 2802 1579 2849 At
1605 2802 1670 2850 si-

1906 2490 1912 2510 u
1902 2012 1912 2476 Q‘---—-—.-.—..-...„„—-—.
1909 1972 1912 1980 n

1899 2613 1912 2669 -a‘nn
1903 2537 1912 2601 nm-
