1912 3180
313 186 402 232 352
570 198 651 230 mn.
681 198 712 228 1.
742 194 857 227 sacr.
886 194 1059 227 ALTERA.
1089 194 1142 226 nt:
1175 194 1350 227 numu.
1379 193 1520 227 ctvlu.

309 295 410 326 esse
443 279 557 323 inter
582 275 696 321 duas
721 273 803 320 has
828 271 1137 338 hypotheses?
1171 271 1452 337 Quicumque
1485 273 1605 319 enim
1640 275 1779 339 sapit,

308 353 429 401 haud
464 350 708 405 dubitabit,
737 367 791 397 se
809 365 891 414 pro
925 349 1070 414 prima
1104 348 1343 414 hypothesi
1377 348 1631 407 declarare,
1668 368 1785 416 quae

307 429 403 478 sola
437 426 717 476 rationabilis
750 435 839 482 est,
867 424 1067 490 alioquin
1093 425 1215 472 Deus
1249 424 1548 473 subiiceretur
1581 426 1780 484 homini,

309 504 467 568 religio
490 521 517 552 a
539 504 631 551 Deo
654 503 758 550 data
779 501 1051 567 dependeret
1075 500 1133 548 ab
1161 501 1392 549 hominum
1427 501 1609 550 arbitrio
1623 540 1634 559 ,
1664 503 1784 568 quod

308 591 378 629 cst
409 579 656 627 absurdum
693 596 745 627 ac
779 578 902 627 dictu
935 578 1138 642 impium.
1169 577 1255 633 Qui
1291 577 1474 625 alteram
1509 579 1788 644 profiteretur

307 656 594 723 hypothesim
610 695 620 714 ,
654 652 983 705 consectaretur
1011 654 1334 718 despotismum
1369 655 1620 703 absolutum
1639 694 1650 714 ,
1687 657 1787 704 effi-

308 744 516 800 ceretque
547 734 690 782 Deum
716 751 768 781 ac
787 728 1050 795 >religionem
1074 730 1132 778 ab
1154 747 1207 778 eo
1230 730 1381 778 datam
1417 732 1757 780 instrumentum
1771 771 1782 789 ,

307 828 397 877 quo
437 810 714 875 legislatores
749 818 976 857 uterentur
1009 807 1067 855 ad
1102 807 1216 855 fines
1259 825 1368 855 suos
1392 846 1402 865 ,
1440 808 1783 866 modificarent,

308 898 692 953 temperarentque
732 895 862 951 prout
900 885 1014 950 ipsis
1058 884 1254 932 libuerit.
1300 885 1459 948 Legem
1497 885 1790 934 destituerent

308 965 429 1013 omni
463 964 640 1017 virtute,
677 980 812 1028 quam
847 961 1027 1009 haurire
1062 970 1217 1026 posset
1239 978 1267 1008 a
1291 960 1532 1025 religione,
1573 980 1656 1010 nec
1689 962 1787 1010 reli-

308 1041 456 1105 gionis
499 1041 588 1088 nisi
623 1039 791 1087 nudum
825 1055 984 1086 nomen
1019 1037 1314 1087 admitterent.
1351 1038 1480 1095 Quod
1509 1049 1629 1087 esset
1663 1039 1789 1087 atbe-

308 1117 473 1165 ismum
519 1115 762 1181 practicum
803 1114 1028 1179 profiteri,
1061 1131 1115 1162 ac
1146 1114 1376 1163 destruere
1421 1131 1575 1163 omnes
1616 1114 1788 1179 obliga-

311 1193 486 1250 tiones,
526 1209 639 1257 quas
673 1191 830 1255 religio
859 1190 1123 1256 praescribit
1151 1207 1203 1238 ac
1241 1191 1401 1254 exigit,
1435 1200 1569 1256 atque
1610 1208 1786 1239 omnem

310 1269 559 1317 libertatem
593 1278 790 1316 evertere
824 1267 1096 1331 religiosam.

406 1345 626 1402 Quocirca
659 1345 747 1393 nisi
781 1344 850 1392 lex
885 1343 1031 1396 civilis
1068 1343 1272 1407 religioni
1307 1343 1481 1402 subsit,
1513 1361 1566 1392 ac
1600 1362 1650 1393 se
1682 1361 1789 1392 con-

311 1423 525 1471 scientiae
553 1422 718 1470 civium
749 1421 1076 1477 accommodet,
1111 1420 1189 1485 qui
1222 1420 1483 1484 religionem
1524 1421 1789 1486 profitentur

312 1517 403 1547 una
425 1517 527 1547 cum
550 1497 914 1561 obligationibus,
942 1514 1056 1561 quas
1081 1498 1183 1561 ipsa
1207 1496 1416 1560 iniungit,
1441 1515 1686 1562 numquam
1710 1514 1790 1562 pro

310 1592 362 1623 se
394 1575 577 1622 habebit
605 1574 850 1622 libertatem
883 1573 1209 1630 conscientiae,
1237 1583 1389 1621 contra
1415 1591 1516 1621 vero
1550 1591 1649 1621 eam
1684 1591 1789 1639 pes-

308 1652 537 1701 sumdaret
563 1669 615 1699 ac
645 1644 829 1716 prorsus
862 1650 1172 1706 labefactaret;
1208 1650 1444 1714 impediret
1475 1650 1645 1716 quippe
1677 1667 1789 1715 quo-

310 1730 460 1776 minus
493 1729 615 1776 cives
645 1727 953 1775 satisfacerent
985 1726 1350 1790 obligationibus,
1390 1744 1503 1791 quas
1536 1727 1602 1774 eis
1633 1726 1788 1791 religio

310 1803 597 1870 praescribit,
635 1814 678 1852 et
711 1803 876 1869 quibus
921 1802 1154 1851 servandis
1190 1820 1243 1849 ex
1277 1803 1551 1850 conscientia
1595 1802 1789 1851 obstrin-

309 1892 490 1945 guntur.

407 1958 500 2005 Iam
523 1974 628 2005 vero
651 1956 753 2004 talis
773 1956 884 2003 foret
899 1956 970 2003 lex
993 1956 1050 2003 de
1072 1956 1354 2003 matrimonio
1379 1955 1643 2020 simpliciter
1666 1955 1784 2003 civili

311 2034 459 2100 quoad
489 2050 583 2091 eos,
612 2033 690 2098 qui
717 2033 979 2097 profitentur
1011 2032 1272 2096 religionem
1303 2032 1583 2080 catholicam.
1612 2033 1787 2081 Etenim.

311 2128 400 2159 non
434 2108 567 2157 modo
601 2108 728 2156 liberi
763 2108 969 2156 catholici
1003 2118 1156 2156 essent
1184 2107 1242 2156 ab
1271 2108 1541 2171 obligatione
1575 2109 1685 2156 ritus
1722 2127 1789 2156 re-

311 2187 460 2250 ligiosi
496 2184 704 2234 servandi
740 2185 786 2232 in
828 2196 1056 2233 contractu
1098 2184 1319 2249 coniugali
1360 2185 1587 2240 ineundo,
1634 2202 1786 2232 verum

310 2263 444 2311 etiam
473 2271 734 2326 cogerentur
756 2261 989 2309 admittere
1012 2272 1238 2326 tamquam
1263 2261 1518 2324 coniugium
1543 2260 1787 2323 legitimum

312 2339 376 2396 id,
406 2338 527 2404 quod
555 2356 608 2386 ex
633 2337 854 2385 catholica
878 2338 967 2384 fide
991 2355 1077 2386 non
1113 2347 1233 2386 esset
1266 2337 1355 2385 nisi
1389 2335 1710 2384 concubinatus
1746 2347 1788 2383 et

311 2415 577 2472 fornicatio;
617 2425 877 2479 cogerentur
910 2414 1062 2462 subire
1096 2415 1432 2463 consecutiones
1466 2429 1637 2469 omnes,
1671 2429 1788 2477 quae

311 2509 363 2538 ex
393 2491 623 2556 illegitima
651 2502 694 2539 et
723 2491 961 2539 fornicaria
987 2491 1300 2539 coniunctione
1333 2490 1624 2556 proveniunt;
1664 2506 1789 2551 coge-

313 2577 463 2614 rentur
496 2568 730 2616 admittere
770 2568 833 2614 uti
875 2567 1096 2631 legitimos
1132 2567 1266 2624 filios,
1301 2583 1413 2631 quos
1448 2564 1638 2612 ecclesia
1679 2582 1787 2629 spu-

313 2643 403 2690 rios
438 2661 539 2691 esse
567 2644 791 2700 declarat;
830 2654 1094 2708 cogerentur
1127 2644 1183 2691 ad
1217 2653 1360 2699 actus,
1399 2659 1512 2706 quos
1548 2641 1703 2704 religio
1737 2658 1790 2688 ac

311 2734 424 2766 sana
456 2719 604 2767 ethica
638 2730 688 2768 ut
721 2719 899 2769 illicitos
929 2737 982 2768 ac
1013 2719 1268 2767 immorales
1301 2719 1515 2765 damnant
1548 2735 1601 2764 ac
1636 2734 1788 2781 repro-

310 2794 444 2850 bant;
467 2794 789 2859 impedirentur
812 2796 1064 2861 relinquere
1081 2813 1161 2844 seu
1179 2795 1351 2844 solvere
1369 2793 1590 2842 invalidas
1608 2793 1787 2857 nuptias
