1912 3180
334 175 423 220 310
588 187 667 218 mn.
698 186 728 216 1.
757 185 870 217 sacr.
901 184 1072 216 ALTERA.
1101 185 1153 216 m:
1187 184 1360 216 unum.
1397 184 1535 217 mvm.

332 264 550 312 eiusmodi
576 279 626 310 ac
651 262 916 309 facinorosis
941 262 1198 309 hominibus
1231 262 1441 309 coalescit
1473 273 1606 327 atque
1638 266 1802 312 consti-

334 341 484 388 tuitur.
526 339 689 387 Poterit
722 338 901 404 quidem
936 338 1173 386 multitudo
1206 356 1307 386 esse
1340 339 1484 402 magis
1509 339 1712 387 minusve
1736 357 1804 388 re-

330 417 489 479 ligiosa
506 454 516 473 ,
555 416 657 481 plus
692 416 896 463 minusve
919 416 976 462 ab
1000 416 1148 463 officio
1183 415 1453 472 desciscere,
1485 426 1676 462 attamen
1702 415 1805 463 reli-

330 493 484 555 giosus
509 509 669 540 sensus
687 492 732 538 in
751 509 804 539 ea
822 510 1005 557 prorsus
1031 510 1118 539 non
1142 492 1459 555 exstinguitur,
1487 492 1622 540 immo
1646 492 1807 556 iugiter

331 569 513 616 virescit
548 569 594 615 in
629 569 791 617 animis
838 568 1122 616 observantia
1157 578 1200 614 et
1233 568 1497 633 obsequium
1537 585 1640 632 erga
1684 568 1805 615 illam

332 645 588 708 religionem
605 683 615 702 ,
645 645 691 691 in
711 662 801 710 qua
818 662 844 691 a
862 644 1027 692 teneris
1051 643 1307 706 unguiculis
1326 644 1528 691 instituta
1545 655 1589 691 et
1605 643 1693 691 alta
1717 656 1799 691 est.

331 723 375 768 Si
413 733 649 787 propterea
677 732 971 787 proponatur,
1007 732 1084 769 aut
1112 721 1328 768 condatur
1362 721 1455 777 lex,
1495 738 1610 785 quae
1645 721 1706 768 sit
1738 739 1806 768 re·-

330 799 486 862 ligioni
522 799 763 855 contraria,
804 797 900 844 fieri
935 814 1023 845 non
1058 807 1204 862 potest
1237 796 1345 862 quin
1380 797 1595 844 excitetur
1627 796 1806 861 publica

332 875 601 939 indignatio,
641 886 774 940 atque
808 874 940 921 etiam
977 873 1114 920 animi
1149 874 1323 921 aversio
1354 885 1447 921 tum
1476 883 1630 921 contra
1663 873 1805 937 legem

330 953 476 1017 ipsam
492 950 509 1009 ,*
531 963 623 1000 tum
647 962 800 1000 contra
823 968 900 998 eos
917 989 927 1008 ,
957 951 1033 1015 qui
1059 950 1201 1014 legem
1236 950 1358 998 illam
1393 960 1645 1015 proponunt
1675 947 1808 1015 eique

331 1030 692 1093 patrocinantur,
724 1027 865 1075 multo
888 1045 992 1076 vero
1020 1028 1164 1091 magis
1184 1028 1230 1074 in
1249 1045 1343 1084 eos,
1359 1028 1438 1092 qui
1457 1045 1554 1074 eam
1581 1028 1801 1075 sanciunt.

429 1105 559 1161 Quod
590 1105 628 1152 si
660 1105 745 1152 hoc
774 1121 929 1152 verum
963 1116 1056 1161 est,
1085 1121 1138 1151 ac
1161 1104 1217 1152 de
1244 1104 1443 1169 qualibet
1478 1104 1691 1168 religione
1714 1104 1805 1152 dici

334 1191 494 1245 potest,
511 1181 652 1229 'multo
670 1181 814 1244 magis
839 1181 1053 1228 affirmari
1078 1181 1123 1228 id
1141 1180 1271 1228 debet
1293 1181 1350 1228 de
1374 1181 1589 1244 religione
1614 1181 1805 1229 sanctis-

332 1258 474 1315 sima,
514 1275 721 1322 quaeque
744 1274 939 1305 amorem
975 1256 1240 1322 populorum
1276 1257 1361 1304 sibi
1394 1256 1616 1313 vindicat,
1655 1257 1806 1304 cuius-

332 1333 452 1380 modi
478 1330 545 1380 est
575 1333 727 1396 religio
763 1332 1012 1390 catholica,
1052 1349 1104 1379 ex
1139 1350 1228 1397 qua
1263 1342 1325 1379 tot
1356 1332 1474 1379 bona
1508 1332 1552 1378 in
1588 1331 1801 1397 populum

329 1410 572 1457 universim
608 1420 741 1475 atque
774 1409 820 1455 in
856 1409 1060 1456 homines
1094 1408 1295 1472 singulos
1330 1409 1611 1473 proveniunt.
1652 1409 1702 1455 In
1739 1426 1807 1456 re-

331 1485 524 1549 ligione,
555 1486 737 1550 inquam
752 1524 761 1542 ,
791 1485 1010 1533 catholica
1026 1524 1035 1541 ,
1063 1503 1178 1550 quae
1200 1486 1332 1532 unice
1354 1502 1458 1532 vera
1482 1496 1576 1542 est,
1599 1502 1806 1550 quaeque

331 1561 554 1608 evidentia
587 1579 668 1626 pro
695 1579 744 1609 se
773 1572 835 1609 tot
869 1561 1004 1608 habet
1032 1559 1339 1608 credibilitatis
1376 1571 1658 1623 argumenta,
1686 1578 1804 1625 quae

331 1654 418 1684 non
444 1638 534 1684 iam
552 1638 598 1683 in
616 1637 826 1702 opinione
843 1648 1015 1685 tantum
1034 1636 1279 1684 subiectiva
1304 1636 1678 1701 quemadmodum
1703 1654 1805 1701 pro-

331 1714 638 1762 testantismus
652 1753 662 1771 ,
688 1724 765 1762 aut
788 1714 877 1761 alia
900 1712 1127 1779 quaelibet
1149 1723 1271 1760 secta
1294 1713 1351 1760 ab
1374 1712 1570 1760 humana
1594 1713 1805 1778 superbia

335 1807 387 1836 ac
430 1790 736 1854 perduellione
782 1801 936 1855 parta,
977 1790 1055 1837 sed
1091 1799 1180 1837 tota
1214 1789 1392 1836 divinae
1426 1789 1528 1836 fidei
1564 1789 1767 1836 innititur
1788 1828 1798 1845 ,

331 1883 536 1931 quaeque
575 1867 748 1914 radices
782 1867 1025 1914 altissimas
1062 1866 1107 1912 in
1142 1866 1273 1914 corde
1308 1865 1435 1922 fixit;
1474 1866 1519 1912 in
1554 1865 1769 1929 religione
1791 1904 1802 1922 ,

331 1942 514 2006 inquam
531 1981 540 1998 ,
575 1942 796 1990 catholica
811 1981 820 1999 ,
849 1960 966 2008 quae
988 1942 1091 1991 licet
1115 1942 1336 1989 interdum
1361 1952 1487 1990 aestu
1509 1941 1803 2006 cupiditatum

329 2017 490 2075 iacere,
519 2029 562 2065 et
586 2019 717 2083 quasi
752 2019 1041 2083 languescere
1072 2018 1298 2074 videatur,
1328 2030 1473 2066 tamen
1507 2018 1634 2065 hisce
1661 2017 1807 2065 defer-

330 2094 641 2151 vescentibus,
683 2094 813 2143 sacile
846 2095 1031 2142 resumit
1055 2095 1288 2159 imperium
1319 2112 1477 2152 suum,
1508 2094 1732 2142 reviviscit
1753 2111 1807 2141 ac

329 2170 572 2233 germinat;
613 2189 728 2236 quae
763 2171 955 2236 denique
990 2170 1091 2219 talis
1126 2181 1223 2228 est,
1257 2182 1305 2218 ut
1338 2172 1434 2218 eius
1469 2171 1804 2235 pulchritudine

328 2258 371 2294 et
404 2247 638 2295 sanctitate
671 2248 905 2312 capiantur
938 2266 1025 2296 non
1060 2248 1191 2313 pauci
1217 2265 1271 2295 ex
1293 2247 1405 2312 ipsis
1431 2247 1801 2312 protestantibus,

329 2324 406 2388 qui
443 2323 553 2371 tales
588 2341 675 2371 non
712 2335 816 2371 sunt
848 2342 901 2371 ex
935 2324 1156 2371 destinata
1191 2323 1386 2379 malitia,
1421 2334 1553 2388 atque
1576 2323 1632 2369 ad
1656 2335 1805 2370 aman-

330 2399 531 2447 tissimae
565 2400 719 2447 matris
754 2400 970 2463 gremium
1005 2410 1300 2457 revertuntur,
1330 2409 1379 2446 ut
1402 2399 1669 2447 suavissima
1694 2398 1805 2446 inte—

330 2476 434 2522 riori
471 2493 581 2540 pace
610 2476 826 2523 fruantur.
858 2475 966 2522 Cum
993 2475 1142 2540 itaque
1166 2476 1362 2540 populus
1386 2474 1631 2523 catholicus
1656 2486 1807 2523 cernat

327 2550 467 2614 legem
494 2552 704 2617 proponi,
727 2569 843 2617 quae
862 2569 970 2599 suae
995 2551 1197 2614 religioni
1224 2552 1504 2607 adversatur,
1527 2567 1623 2598 eam
1650 2551 1804 2598 intime

328 2626 486 2683 laedit,
526 2629 879 2694 gravissimaque
904 2627 1042 2676 afficit
1066 2627 1249 2684 iniuria,
1278 2645 1367 2676 non
1392 2638 1536 2692 potest
1560 2645 1647 2675 non
1671 2628 1805 2682 vehe-

331 2714 498 2750 menter
531 2705 778 2768 permoveri
814 2715 856 2753 et
888 2708 1061 2753 concuti
1088 2743 1097 2762 ,
1138 2705 1272 2752 immo
1306 2703 1551 2769 perturbari
1586 2722 1638 2752 ac
1671 2704 1802 2751 irasci

330 2777 546 2838 adversus,
579 2781 742 2843 legem,
783 2792 825 2829 et
859 2782 1072 2830 adversus
1108 2780 1405 2844 legislatores,
1443 2781 1518 2844 qui
1556 2781 1800 2845 improvide
