1912 3180
283 194 373 240 358
534 208 615 240 Lm.
644 207 674 237 1.
704 205 818 237 sncr.
848 205 1021 237 ALTERA.
1050 206 1103 238 m:
1139 207 1314 239 unum.
1344 207 1484 240 cmm.

376 286 431 331 Et
453 285 563 330 haec
585 284 642 330 de
653 282 868 329 libertate
892 284 1192 331 conscientiae
1215 284 1347 348 paulo
1377 285 1520 333 susius
1548 294 1752 353 persequi

279 361 513 408 debuimus
531 397 541 414 ‚
585 375 638 406 eo
670 358 790 423 quod
826 358 1027 407 columen
1063 360 1350 424 praecipuum
1381 361 1461 418 sit,
1490 362 1562 409 cui
1597 380 1753 412 omnes

279 435 387 498 legis
421 435 478 481 de
511 434 795 482 matrimonio
836 434 956 482 civili
998 435 1190 483 fautores
1227 435 1530 484 innitebantur
1563 438 1621 485 ad
1655 456 1752 487 eam

275 510 633 575 promovendam.

923 640 963 698 g.
1006 638 1082 682 111.

750 772 923 805 Distinctio
942 771 1025 803 civis
1046 772 1078 804 et
1096 772 1275 805 christiani.

367 897 724 954 Matrimonium,
766 897 827 944 ait
861 906 1115 944 senatorum
1149 896 1286 954 alter,
1323 907 1495 961 spectat
1516 897 1573 945 ad
1604 897 1749 946 homi-

273 989 398 1029 nem,
438 972 495 1020 ad
528 973 694 1030 civem,
722 973 778 1020 ad
802 972 1116 1020 christianum.
1145 972 1260 1020 Hinc
1287 972 1447 1037 triplex
1476 972 1617 1020 oritur
1638 974 1749 1022 ordo

272 1048 470 1096 idearum
488 1087 498 1106 ,
537 1067 654 1115 quae
687 1048 818 1096 certis
851 1048 1053 1096 formulis
1087 1049 1398 1106 continentur3
1439 1050 1484 1096 1.
1513 1049 1560 1095 in
1593 1049 1746 1098 codice

269 1125 477 1181 rationis;
517 1127 561 1172 2.
590 1126 637 1171 in
670 1125 824 1173 codice
856 1124 1004 1188 legum
1039 1124 1263 1181 civilium;
1303 1127 1347 1172 3.
1371 1125 1417 1171 in
1451 1125 1604 1173 codice
1638 1126 1742 1174 reli-

267 1200 431 1262 gionis.
461 1201 526 1247 Ex
553 1200 627 1249 his
661 1201 897 1265 principiis
931 1201 1018 1249 tela
1050 1201 1187 1249 ordiri
1222 1201 1353 1249 debet
1380 1201 1437 1249 de
1470 1202 1743 1251 matrimonii

267 1274 496 1333 doctrina3
535 1295 587 1325 ac
619 1278 681 1325 ita
716 1295 874 1343 reapse
907 1295 957 1326 se
990 1289 1226 1341 gesserunt
1256 1277 1598 1341 D'Aguesseau‚
1638 1279 1743 1327 Por-

268 1352 371 1400 talis
388 1391 398 1409 ,
435 1370 473 1400 s.
495 1354 788 1418 Augustinus,
822 1372 859 1401 s.
888 1355 1093 1410 Thomas,
1122 1354 1402 1402 Iustinianus
1429 1364 1473 1407 et
1494 1354 1738 1419 Napoleon.

363 1429 458 1476 Non
493 1429 656 1476 debent
689 1430 903 1478 confundi
936 1431 1044 1478 civis
1083 1440 1124 1477 et
1157 1430 1438 1478 christianus.
1471 1431 1557 1478 Lex
1597 1430 1742 1480 civilis

265 1513 484 1552 statuatur
516 1515 687 1568 oportet
723 1505 781 1553 ad
815 1506 1000 1553 rationis
1034 1522 1234 1553 normam
1251 1543 1261 1562 ,
1302 1505 1529 1570 politices,
1569 1523 1743 1569 germa-

267 1597 438 1645 naeque
483 1581 665 1629 moralis
689 1620 699 1639 ,
737 1598 819 1629 nec
862 1581 1025 1629 inferre
1059 1580 1229 1645 pedem,
1255 1582 1494 1645 profanum
1527 1581 1660 1629 debet
1694 1582 1739 1630 in

265 1671 442 1702 sacrum
477 1655 707 1719 religionis
732 1657 980 1704 dominium
1003 1658 1119 1719 (28).

359 1731 481 1779 Alter
502 1749 606 1780 vero
632 1750 685 1780 ex
715 1733 966 1791 oratoribus
993 1733 1181 1780 adiecit:
1222 1733 1478 1796 coniugium
1513 1743 1581 1780 est
1614 1743 1738 1782 actus

263 1809 560 1857 essentialiter
592 1810 805 1867 socialis;
842 1811 1005 1858 mirum
1040 1810 1228 1875 proinde
1261 1821 1330 1858 est
1368 1810 1415 1856 in
1449 1810 1635 1858 dubium
1671 1829 1740 1859 re-

263 1886 409 1933 vocari
445 1903 579 1951 posse
596 1924 606 1944 ,
643 1897 791 1934 utrum
820 1897 960 1935 status
996 1887 1141 1935 civilis
1169 1887 1287 1934 circa
1310 1886 1422 1933 illud
1447 1887 1581 1951 plena
1603 1887 1739 1934 liber-

264 1971 350 2009 tate
373 1980 424 2010 ac
447 1973 663 2027 potestate
686 1964 870 2011 fruatur.
900 1963 1068 2027 Religio
1094 1963 1374 2028 supervenit,
1403 1973 1536 2028 atque
1559 1963 1615 2010 ad
1641 1982 1736 2012 cae-

263 2038 351 2084 lum
383 2039 530 2087 evehit
563 2050 692 2104 pacta
724 2040 851 2088 hisce
884 2039 930 2086 in
965 2040 1095 2087 terris
1134 2039 1261 2086 inita.
1301 2041 1381 2087 Est
1414 2049 1611 2103 potestas
1640 2042 1737 2102 (ci—

261 2115 391 2178 vilis)
428 2126 472 2163 et
500 2128 568 2164 est
602 2127 796 2181 potestas
832 2116 1022 2165 nobilior
1053 2133 1105 2164 ac
1138 2116 1321 2172 divina,
1360 2133 1477 2181 quae
1510 2117 1733 2181 confirmat

261 2209 312 2239 ac
346 2192 569 2240 benedicit.

356 2269 739 2325 Quemadmodum
769 2269 968 2317 naturale
992 2280 1059 2318 est
1081 2269 1203 2317 nasci
1239 2286 1291 2317 ac
1324 2269 1463 2325 mori,
1502 2279 1637 2333 atque
1659 2286 1731 2317 ec-

258 2345 396 2393 elesia
428 2345 502 2394 his
535 2346 664 2394 factis
700 2346 896 2403 assistit,
936 2363 1018 2394 nec
1050 2357 1199 2394 tamen
1234 2346 1468 2394 immutare
1490 2363 1543 2393 ea
1566 2355 1727 2410 potest,

259 2420 326 2468 sic
359 2421 490 2469 debet
522 2421 732 2469 assistere
766 2421 935 2487 nuptiis
969 2423 1086 2484 (29).

263 2562 379 2593 Τναῐιέ
391 2562 442 2594 du
457 2564 612 2604 mariaqe
623 2586 634 2601 ,
657 2562 700 2595 de
722 2562 759 2595 la
774 2564 962 2604 puissancc
987 2562 1150 2595 maritale
1164 2564 1198 2595 et
1213 2562 1256 2595 de
1271 2562 1308 2595 la
1319 2563 1505 2604 puissance
1518 2559 1729 2602 paternella.

261 2613 352 2645 Paris
371 2619 407 2646 18
430 2619 459 2646 5.

357 2620 476 2698 Eadem
497 2668 594 2700 habet
611 2668 731 2700 Baston
747 2668 779 2700 in
796 2676 855 2700 sua
871 2667 1112 2700 concordance
1137 2667 1181 2700 de
1204 2667 1269 2699 lois
1291 2666 1412 2699 civiles
1426 2667 1460 2698 el
1476 2664 1536 2698 des
1551 2664 1615 2698 lois
1629 2665 1732 2698 eccle·

259 2718 441 2757 siastiques
455 2718 498 2750 de
513 2721 650 2753 France
664 2720 832 2753 touchant
848 2720 880 2753 le
890 2721 1056 2761 mariaqe.
1071 2720 1162 2752 Paris
1179 2721 1267 2752 1824.
1282 2727 1357 2760 pag.
1372 2720 1428 2750 124
1443 2725 1533 2758 seqq.

353 2770 420 2811 (28)
437 2773 561 2804 senato
576 2773 634 2805 del
648 2782 762 2815 reqno.
784 2777 830 2807 17.
847 2774 992 2807 Dicemb.

352 2822 417 2864 (29)
440 2823 523 2856 lbid.
539 2833 610 2866 pag.
627 2829 695 2858 197.
