1918 3186
277 245 368 276 cir.
397 242 461 277 ul.
490 243 543 275 nr
566 241 777 275 mmsrno.
808 242 900 273 mr.
930 242 975 274 n.
1007 241 1161 275 maun.
1191 238 1409 282 ruminor«
1533 224 1592 272 83

125 338 288 379 nense,
326 331 370 369 et
404 321 589 368 refertur
616 321 691 366 25.
714 336 792 384 qu.
818 320 862 365 3.
891 337 931 367 c.
955 319 1098 369 Nulli.
1127 320 1201 367 Sic
1229 317 1465 368 concilium
1488 319 1596 367 late-

125 414 315 446 ranense
344 398 409 444 De
440 397 625 444 simonia
657 412 696 443 c.
723 396 833 443 Cum
861 396 908 441 in
942 396 1140 443 ecclesiae
1174 410 1359 460 corpore.
1388 395 1461 443 Sic
1491 412 1597 444 con-

122 474 272 522 cilium
301 472 630 522 constantiense
668 471 753 519 sub
782 470 971 519 Martino
998 472 1047 518 V.
1077 472 1123 519 in
1163 472 1251 519 fine
1290 466 1483 520 concilii.
1523 472 1596 521 Sic

122 549 327 597 Clemens
359 548 422 594 De
449 548 655 612 privileq.
678 547 901 611 Beliqiosi.
932 546 1005 593 Sic
1033 546 1295 595 Ambrosius
1326 547 1406 594 lib.
1431 548 1465 594 1.
1489 548 1597 613 Epi-

123 624 334 672 stolarum
359 640 429 688 ep.
446 623 610 687 Lquae
638 621 847 669 scribitur
870 620 927 669 ad
950 621 1174 685 vigilium.
1205 623 1403 678 Quorum
1423 641 1507 687 ego
1533 634 1597 671 to-

121 698 329 748 stimonia
355 716 444 746 non
477 696 702 755 adscribo,
731 715 814 745 nec
836 697 1053 762 expendo.
1081 736 1090 744 .
1119 698 1271 746 ‚Certe
1293 700 1528 747 Evaristus
1549 699 1597 746 in

121 775 264 841 Epist.
293 791 475 823 suorum
500 774 775 822 decretorum
800 773 1129 821 matrimonium
1151 774 1475 822 clandestinum
1499 776 1600 823 sino

120 852 348 900 sacerdote
365 860 654 908 contractum,
682 860 851 897 tantum
874 849 1001 898 abest
1014 888 1024 907 ‚
1045 860 1094 898 ut
1110 861 1433 898 sacramentum
1457 851 1598 899 ecele—

122 929 219 976 siae
233 929 420 975 fateatur
433 965 444 984 ,
465 937 514 974 ut
536 926 832 974 adulterinum
850 925 983 972 etiam
1001 925 1334 973 contubernium
1352 920 1595 991 appellet.»

217 1006 321 1052 Post
343 1002 455 1052 baec
479 1003 662 1051 recurrit
679 1002 828 1049 Canus
852 1002 908 1049 ad
934 1002 1287 1067 iurisperitorum
1311 1003 1591 1059 sententiam,

120 1098 309 1145 quorum
343 1079 557 1127 iudicium
590 1079 676 1126 hac
710 1079 756 1125 in
790 1088 914 1143 parte
948 1078 1138 1143 praefert
1171 1079 1337 1126 iudicio
1362 1072 1598 1127 scholasti-

118 1172 295 1212 corum,
322 1171 376 1202 eo
398 1154 518 1219 quod
547 1153 612 1200 illi
642 1154 900 1217 negaverint
921 1154 1250 1202 matrimonium
1280 1154 1465 1218 gratiam
1489 1172 1595 1203 con-

121 1231 255 1288 ferre;
272 1231 427 1296 «quod
462 1230 683 1295 profecto,
722 1230 784 1278 ait
806 1230 980 1287 Canus,
1019 1230 1270 1294 intelligunt
1293 1231 1348 1278 de
1371 1241 1596 1279 contractu

119 1308 257 1365 civili,
287 1325 419 1374 quem
443 1307 578 1354 latius
611 1317 824 1371 usurpato
851 1306 1068 1354 vocabulo
1097 1317 1420 1355 sacramentum
1448 1307 1597 1372 appel-

120 1384 229 1432 lant.
246 1384 301 1431 At
317 1401 418 1432 cum
438 1383 766 1431 administratio
783 1382 1067 1432 sacerdotalis
1086 1383 1256 1431 accedit
1271 1421 1283 1440 ‚
1304 1401 1390 1431 non
1409 1383 1597 1431 obscure

122 1459 368 1525 iurisperiti
396 1460 602 1517 tradunt,
630 1476 711 1524 per
732 1469 876 1506 actum
901 1459 1142 1507 sacerdotis
1165 1451 1464 1507 consecrantis
1491 1451 1596 1508 con-

123 1535 293 1598 iugium
328 1536 515 1599 gratiam
549 1534 737 1583 conferri
756 1572 766 1591 ‚
805 1533 995 1599 ideoque
1029 1551 1116 1582 non
1149 1534 1282 1583 licere
1316 1553 1398 1599 pro
1431 1552 1484 1583 eo
1517 1550 1596 1601 pe—

122 1610 298 1658 cuniam
330 1611 555 1676 accipere,
594 1610 700 1676 quia
735 1621 1059 1658 sacramentum
1093 1610 1440 1659 ecclesiasticum
1474 1621 1591 1659 est.»

215 1686 546 1752 Subsequentes
574 1697 777 1735 auctores
810 1686 886 1734 his
917 1687 1086 1733 addunt
1118 1687 1371 1734 testimonia
1394 1696 1590 1752 patrum,

123 1762 201 1827 qui
232 1771 488 1810 constanter
521 1763 689 1827 gratiae
721 1762 1013 1810 conferendae
1044 1762 1135 1809 vim
1169 1762 1430 1810 sacerdotati
1459 1762 1596 1809 bene·

122 1836 304 1885 dictioni
337 1837 557 1894 tribuunt;
586 1838 847 1885 nominatim
870 1855 975 1886 vero
998 1838 1224 1903 proferunt
1247 1837 1562 1884 Tertullianum
1581 1875 1590 1893 ‚

124 1903 200 1976 qui
224 1912 304 1959 lib.
327 1914 384 1960 11.
405 1914 471 1961 Ad
493 1931 621 1962 umor.
650 1931 750 1979 cap.
765 1914 879 1961 VIII.
905 1914 1069 1962 «Unde
1098 1914 1398 1970 sufficiamus,
1424 1914 1590 1978 inquit,

125 1987 181 2034 ad
210 1990 502 2038 enarrandam
536 1990 787 2038 felicitatem
817 1991 916 2038 eius
939 1990 1235 2046 matrimonii,
1262 1989 1381 2054 quod
1405 1989 1595 2037 ecclesia

124 2063 352 2121 conciliat,
388 2075 433 2112 et
463 2066 695 2113 confirmat·
734 2066 926 2123 oblatio,
963 2077 1007 2114 et
1039 2066 1237 2129 obsiqnat
1282 2065 1547 2111 benedictio?
1567 2084 1592 2110 »

126 2140 356 2187 Proserunt
378 2140 481 2188 item
499 2140 769 2190 Clementem-
789 2136 902 2189 alex.
920 2143 998 2207 qui
1017 2142 1094 2188 lib.
1111 2143 1168 2187 11.
1187 2141 1593 2206 Strmnat.-loquens

124 2215 181 2263 de
202 2216 483 2264 matrimonio
505 2216 726 2273 «Eorum,
754 2217 833 2281 qui
855 2227 956 2263 sunt
977 2216 1255 2281 sanctificati,
1278 2216 1364 2273 ait,
1392 2226 1593 2264 sanctum

123 2308 324 2357 quoque,
350 2302 400 2339 ut
422 2301 554 2356 puto,
582 2308 734 2339 semen
756 2302 838 2340 est.
863 2291 926 2339 Ae
957 2291 1087 2339 nobis
1119 2291 1302 2357 quidem
1333 2291 1465 2340 debet
1493 2309 1599 2340 esse

124 2368 448 2424 sanctificatus,
483 2385 571 2415 non
608 2368 750 2415 solum
784 2368 990 2433 spiritus,
1020 2368 1099 2415 sed
1131 2378 1175 2416 et
1206 2385 1376 2425 mores,
1403 2378 1447 2415 et
1467 2369 1589 2424 vita,

124 2454 168 2491 et
199 2461 359 2509 corpus
387 2446 504 2507 (1);»
528 2461 609 2492 nec
627 2461 714 2492 non
739 2461 777 2491 s.
797 2443 1076 2492 Ambrosium
1103 2444 1245 2509 Epist.
1267 2445 1381 2491 xlx.
1404 2444 1460 2491 ad
1476 2444 1596 2508 vigi-

125 2519 233 2567 lium
256 2521 542 2569 scribentem:
570 2540 592 2565 α
607 2520 716 2567 Cum
742 2520 888 2585 ipsum
921 2521 1175 2586 coniugium
1207 2520 1426 2568 velamine
1448 2538 1595 2568 sacer-

126 2595 262 2643 dotali
286 2607 328 2645 et
354 2597 665 2645 benedictione
698 2597 963 2645 sanctificari
998 2607 1222 2662 oporteat,
1260 2595 1482 2661 quomodo
1516 2614 1594 2662 po-

128 2681 212 2719 test
238 2673 490 2737 coniugium
516 2672 628 2730 dici,
661 2673 739 2720 ubi
769 2690 857 2720 non
885 2683 954 2721 est
982 2673 1085 2720 fidei
1110 2671 1592 2735 concordia?(2)»tum

225 2794 271 2835 (ι)
292 2794 376 2828 mit.
391 2797 503 2829 venet.
518 2797 653 2829 Potterii
666 2798 746 2829 tom.
763 2798 788 2830 1.
802 2805 874 2837 pag.
891 2800 962 2829 5³2.
975 2795 1084 2829 conat.
1097 2795 1154 2828 lib.
1167 2797 1222 2828 lv.
1238 2795 1269 2837 ς.
1286 2799 1334 2829 12.
1348 2803 1421 2838 pag.
1436 2800 1509 2830 ⁶⁰2.

223 2846 269 2888 (2)
290 2846 349 2879 Ed.
367 2849 469 2880 Maur.
486 2850 566 2881 tom.
581 2850 607 2881 1.
625 2849 686 2881 col.
702 2851 758 2882 841
775 2857 843 2889 seq.

1502 2900 1528 2928 Χ
