1918 3186
268 206 359 251 184
521 220 601 253 un.
629 218 659 250 1.
688 216 801 250 secr.
831 216 860 249 ι.
882 216 934 249 m:
958 216 1131 251 numu.
1154 216 1435 250 SAannnmo.

266 308 359 345 tum
381 298 428 344 in
452 296 671 358 coniugiis
695 294 1056 353 christianorum,
1080 295 1159 343 sed
1177 295 1296 342 hunc
1310 295 1456 360 ipsum
1470 305 1740 345 contractum

268 373 548 438 appellarunt
580 381 907 419 sacramentum
924 409 935 428 ‚
963 389 1015 419 eo
1038 371 1158 436 quod
1187 371 1456 437 praeseferat
1478 372 1648 419 ratione
1671 373 1740 420 sui

264 449 442 512 signum
467 448 624 495 efficax
648 448 839 511 gratiae,
857 458 992 513 atque
1011 447 1190 495 unionis
1215 447 1381 494 Christi
1405 464 1506 495 cum
1530 447 1735 496 ecclesia.

357 524 502 572 Tertio
536 524 714 572 demum
748 524 1014 573 catholicam
1050 522 1285 572 ecclesiam
1315 542 1397 572 sua
1436 524 1657 572 sentiendi
1697 535 1742 573 et

260 600 421 664 agendi
442 600 613 648 ratione
635 600 965 649 distinctionem
990 610 1262 648 contractum
1286 600 1401 648 inter
1423 610 1468 648 et
1491 617 1741 648 sacramen-

261 688 353 724 tum
367 676 412 723 in
431 676 645 735 fidelium,
661 694 741 725 seu
757 676 1080 742 baptizatorum
1104 676 1323 740 coniugiis
1346 677 1579 725 excludere
1606 677 1738 726 lucu-

260 753 400 801 lenter
420 753 673 801 ostenditur
694 770 748 801 ex
769 752 945 802 concilii
980 752 1208 800 tridentini
1243 752 1460 801 doctrina.
1489 753 1601 800 Nam
1633 770 1739 802 con-

260 828 413 876 cilium
448 846 563 878 sess.
590 829 762 886 XXIV„
785 829 849 876 uti
877 828 1085 894 superius
1117 828 1314 877 vidimus
1335 867 1346 886 ,
1379 829 1469 877 duo
1495 829 1659 886 edixit,
1687 846 1740 877 ac

259 906 305 952 1.
324 905 551 953 Christum
574 905 786 970 passione
810 922 892 967 sua
915 904 1046 953 nobis
1068 906 1371 970 promeruisse
1391 905 1602 969 gratiam,
1623 922 1740 970 quae

259 982 507 1030 naturalem
545 999 742 1029 amorem
778 981 1031 1046 perficeret,
1062 992 1105 1029 et
1134 981 1492 1030 indissolubilem
1524 981 1739 1030 unitatem

258 1058 452 1121 coniugii
488 1068 848 1123 protoparentum
881 1075 935 1105 ac
967 1068 1243 1122 posterorum
1267 1057 1564 1106 confirmaret.
1589 1059 1633 1105 2.
1656 1058 1739 1105 Per

257 1134 477 1181 eiusmodi
506 1134 694 1198 gratiam
713 1172 723 1191 ,
748 1151 838 1199 qua
868 1144 973 1181 sunt
999 1134 1215 1182 instructa
1243 1134 1451 1198 coniugia
1473 1133 1739 1182 christiano-

256 1227 354 1257 rum
373 1248 383 1267 ,
414 1209 528 1258 haec
562 1221 788 1275 praestare
816 1210 1051 1259 connubiis
1078 1210 1303 1259 veteribus
1328 1211 1405 1259 tali
1433 1211 1576 1275 gratia
1598 1211 1739 1259 desti-

258 1286 382 1334 tutis.
423 1287 488 1333 Ex
528 1285 601 1334 his
636 1286 822 1351 proinde
856 1286 1073 1335 discimus
1106 1298 1431 1335 sacramentum
1468 1287 1737 1336 matrimonii

256 1362 491 1410 christiani
511 1361 623 1409 nihil
642 1361 765 1409 aliud
786 1379 887 1410 esse
910 1380 1045 1427 quam
1071 1373 1343 1411 contractum
1366 1363 1515 1428 ipsum
1538 1363 1738 1412 sanctifi-

258 1449 406 1488 catum
425 1477 435 1494 ‚
465 1438 572 1485 dum
595 1455 675 1506 per
698 1454 966 1486 consensum
989 1438 1137 1486 verbis
1163 1456 1243 1486 seu
1267 1438 1451 1487 nutibus
1477 1456 1737 1505 expressum

260 1532 362 1566 eum
386 1515 698 1563 contrahentes
720 1515 977 1563 conficiunt.
1000 1515 1143 1572 Sane,
1171 1515 1210 1563 si
1235 1526 1564 1564 sacramentum
1586 1534 1614 1564 a
1636 1533 1738 1564 con-

257 1603 402 1640 tractu
428 1592 798 1656 distingueretur,
838 1591 969 1657 eique
1000 1601 1227 1656 tamquam
1256 1610 1328 1640 res
1361 1591 1419 1639 ab
1442 1609 1495 1640 eo
1526 1592 1736 1641 distincta

257 1667 514 1725 accederet,
541 1679 591 1716 ut
608 1668 718 1716 scite
742 1667 1053 1717 animadvertit
1076 1667 1196 1717 card.
1215 1667 1458 1725 Gerdilius,
1486 1685 1574 1716 non
1596 1669 1736 1717 dixis-

255 1755 324 1792 set
359 1744 622 1802 concilium,
655 1743 883 1792 Christum
919 1743 1081 1792 fecisse
1117 1744 1446 1792 matrimonium
1482 1762 1735 1792 sacramen-

254 1831 374 1877 tum,
406 1820 485 1868 sed
512 1820 675 1869 fecisse
704 1830 1031 1876 sacramentum
1065 1820 1325 1868 distinctum
1359 1820 1416 1868 ad
1452 1819 1735 1868 sanctifican-

254 1896 361 1943 dum
386 1896 715 1945 matrimonium
734 1935 744 1954 ,
774 1897 1006 1962 eidemque
1039 1896 1371 1960 adiungendum
1395 1899 1480 1959 (8).

352 1972 583 2020 Praeterea
600 2011 610 2029 ,
638 1982 688 2020 ut
716 1973 918 2039 apposite
942 1990 1034 2021 rem
1059 1972 1256 2020 declarat
1276 1972 1571 2020 Bellarminus
1589 2010 1599 2030 ,
1628 1989 1734 2021 con-

255 2049 366 2113 iugii
397 2059 724 2097 sacramentum
757 2049 933 2099 duobus
966 2049 1111 2097 modis
1143 2049 1417 2100 considerari
1448 2059 1606 2115 potest.
1636 2050 1732 2098 Uno

253 2125 385 2174 modo
404 2125 585 2190 quando
603 2126 673 2183 fit,
703 2125 842 2174 altero
865 2120 1046 2192 quando
1067 2137 1296 2191 permanet
1313 2137 1549 2192 postquam
1568 2126 1731 2175 factum

253 2212 337 2249 est.
369 2202 449 2250 Est
471 2202 590 2250 enim
614 2202 944 2251 matrimonium
974 2202 1123 2250 simile
1155 2202 1468 2259 eucharistiae,
1502 2219 1618 2267 quae
1642 2218 1730 2249 non

253 2278 397 2326 solum
430 2277 538 2325 dum
571 2278 647 2334 fit,
688 2278 768 2325 sed
804 2277 937 2326 etiam
974 2278 1082 2325 dum
1109 2289 1359 2343 permanet,
1400 2287 1727 2325 sacramentum

253 2365 335 2402 est.
365 2355 480 2402 Dum
504 2354 622 2402 enim
642 2354 855 2418 coniuges
876 2354 1055 2410 vivunt,
1085 2372 1260 2420 semper
1282 2372 1432 2403 eorum
1454 2354 1643 2402 societas
1657 2371 1730 2400 sa-

252 2441 526 2478 cramentum
555 2441 623 2479 est
652 2429 818 2478 Christi
854 2441 897 2478 et
927 2430 1158 2478 ecclesiae.
1194 2432 1327 2488 Nam,
1365 2441 1415 2478 ut
1444 2431 1542 2495 ipse
1586 2429 1727 2477 conti-

252 2517 379 2563 nuat,
406 2507 558 2571 negari
581 2524 669 2556 non
694 2516 838 2573 potest
860 2506 984 2571 ipsos
1003 2507 1214 2570 coniuges
1237 2506 1371 2554 simul
1392 2505 1697 2554 cohabitantes
1713 2544 1723 2563 ,

251 2582 345 2630 sive
363 2595 589 2632 externam
611 2584 850 2648 coniugum
869 2584 1123 2632 societatem
1140 2595 1184 2631 et
1198 2583 1554 2632 coniunctionem
1571 2620 1581 2639 ,
1611 2600 1726 2648 quae

251 2659 478 2707 materiale
511 2670 580 2708 est
609 2660 863 2726 symbolum
892 2671 1119 2709 externum
1151 2659 1315 2707 Christi
1341 2670 1383 2707 et
1418 2657 1632 2709 ecclesiae
1658 2660 1726 2706 in-

252 2733 557 2783 dissolubilem
606 2735 960 2785 coniunctionem
998 2735 1220 2793 referens,
1263 2735 1642 2800 quemadmodum
1677 2735 1722 2782 in

347 2835 392 2875 (κ)
413 2836 489 2867 Loc.
504 2835 559 2868 cit.
