1918 3186
316 200 373 244 68
582 212 662 243 un.
692 210 721 240 1.
752 207 862 239 secr.
893 206 922 237 1.
953 205 1004 236 ni:
1030 205 1202 238 uuam.
1233 205 1516 238 SAanuENro.

313 288 594 337 eeclesiam.»
622 287 712 332 Iam
746 300 848 331 vero
883 284 922 331 si
956 289 1057 349 quis
1092 294 1253 331 attente
1284 283 1426 331 verba*
1451 283 1562 330 haec
1595 301 1782 350 perpen-

314 364 452 420 derit,
491 362 688 424 colliget,
728 359 1042 406 sacerdotalem
1077 361 1368 425 precationem
1405 359 1597 407 accedere
1627 360 1682 407 ad
1709 378 1782 408 sa-

314 448 582 486 cramentum
616 435 910 492 matrimonii,
944 453 1031 482 non
1059 446 1106 482 ut
1134 446 1455 483 sacramentum
1483 429 1781 493 efficiat,'sed

314 526 361 562 ut
384 522 703 561 sacramentum
729 511 923 574 legitime
939 522 982 558 et
998 529 1096 558 cum
1115 511 1257 559 fructu
1274 512 1542 576 suscipiatur
1556 550 1565 568 ,
1587 529 1639 559 eo
1663 512 1782 577 quod

314 589 556 636 celebretur
589 586 916 633 matrimonium
946 587 991 632 in
1018 587 1130 634 facie
1163 586 1400 643 ecclesiae,
1428 597 1471 633 et
1498 588 1619 634 iuxta
1641 586 1783 634 eccle·

314 661 542 711 siasticum
567 662 697 708 ritum
726 671 768 708 et
794 661 1111 726 praescriptum
1131 661 1186 707 ab
1203 679 1256 708 ea
1273 661 1495 719 ordinem,
1525 678 1614 709 non
1637 671 1782 709 autem

313 738 588 786 clandestina
605 737 787 784 ratione.
801 737 921 783 Nihil
940 737 1073 799 igitur
1090 737 1313 784 continent
1330 737 1385 785 de
1403 738 1476 795 iis,
1498 755 1613 802 quae
1631 755 1784 804 super-

314 814 472 862 struxit
488 813 649 861 Canus.
663 815 726 860 Ne
739 813 840 878 quis
859 829 986 877 porro
1004 812 1123 859 dicat
1141 829 1336 869 sensum,
1354 831 1485 878 quem
1503 814 1689 862 concilio
1706 815 1785 861 tri-

313 890 518 947 buimus,
541 907 594 937 ex
611 899 761 937 nostra
784 888 1139 953 interpretatione
1165 888 1381 953 pendere,
1405 890 1563 936 iuverit
1583 889 1784 936 animad—

313 976 482 1013 vertere
504 965 619 1012 hanc
643 964 1001 1020 instructionem,
1030 981 1144 1028 quae
1168 964 1276 1010 actis
1306 964 1481 1010 concilii
1516 964 1784 1011 coloniensis

315 1042 480 1089 inserta
510 1051 600 1098 est,
629 1057 716 1087 non
740 1039 860 1087 aliud
891 1056 991 1086 esse
1017 1057 1149 1104 quam
1177 1039 1467 1086 Enchiridion
1493 1039 1611 1105 quod
1634 1057 1786 1087 exara-

314 1117 378 1164 vit
402 1115 596 1164 'celebris
631 1116 892 1181 Gropperus.
929 1116 1061 1161 Porro
1096 1115 1342 1181 Gropperus
1377 1133 1512 1178 agens
1547 1115 1603 1162 de
1636 1115 1787 1162 matri—

316 1192 465 1240 monio
494 1191 671 1239 scribit:
706 1192 979 1256 «Superest,
1015 1201 1063 1238 ut
1094 1192 1275 1239 verbum
1299 1202 1342 1238 et
1365 1192 1627 1239 elementum
1653 1191 1787 1239 huius

316 1267 578 1315 sacramenti
614 1266 884 1321 indicemus,
922 1277 965 1313 et
999 1267 1182 1330 gratiam
1218 1268 1399 1332 insuper
1433 1268 1478 1314 in
1513 1285 1564 1315 eo
1597 1267 1785 1314 conferri

317 1342 684 1389 demonstremus.
706 1341 894 1388 Verbum
923 1340 1071 1406 itaque
1106 1341 1238 1388 huius
1273 1343 1557 1399 sacramenti,
1592 1359 1680 1407 quo
1714 1359 1788 1390 ac-

318 1417 499 1464 cedente
531 1417 587 1463 ad
622 1416 885 1464 elementum
921 1416 970 1462 fit
1003 1427 1350 1473 sacramentum,
1384 1416 1431 1462 id
1460 1417 1668 1464 nimirum
1695 1427 1783 1473 est,

318 1511 399 1556 quo
433 1493 554 1539 ambo
588 1509 680 1539 mas
703 1502 742 1538 et
764 1493 949 1556 foemina
977 1494 1108 1554 (cum
1138 1493 1313 1557 pietatis
1340 1503 1565 1558 respectu,
1598 1510 1712 1558 quae
1741 1493 1787 1539 in

318 1569 458 1615 Deum
493 1578 584 1625 est,
623 1567 709 1615 sibi
744 1578 895 1614 mutuo
931 1567 1063 1614 fidem
1099 1568 1372 1630 coniugalem
1407 1569 1514 1615 dant
1547 1569 1791 1634 accipiunt-

321 1662 408 1709 que
434 1646 448 1705 )
492 1662 575 1690 non
609 1645 758 1707 quovis
791 1643 933 1699 modo,
972 1643 1046 1690 secl
1079 1645 1125 1689 in
1157 1644 1241 1689 Dei
1271 1646 1436 1690 nomine
1476 1645 1791 1707 coniunquntur

323 1730 364 1766 et
397 1721 698 1783 copulantur.»
716 1719 888 1766 Exinde
914 1729 1031 1784 patet
1058 1736 1273 1784 quaenam
1302 1720 1432 1766 suerit
1459 1737 1585 1767 mens
1614 1720 1790 1767 concilii

321 1796 455 1843 huius
489 1795 594 1842 dum
630 1795 889 1842 sacerdotali
925 1797 1167 1859 precationi
1197 1796 1388 1843 tribuere
1421 1796 1593 1843 videtur
1626 1797 1789 1843 donum

322 1872 534 1937 Spiritus,
567 1889 725 1937 nempe
754 1889 805 1919 eo
841 1889 975 1919 sensu
1010 1889 1097 1936 quo
1131 1873 1413 1937 exposuimus
1433 1911 1442 1929 ,
1473 1890 1525 1919 eo
1552 1872 1622 1919 vel
1650 1873 1791 1936 magis

323 1947 440 2012 quod
474 1958 621 2012 aperte
646 1947 811 1994 alludat
837 1948 893 1995 ad
922 1949 1215 2013 precationem
1235 1966 1286 1995 ac
1302 1948 1653 1996 benedictionem
1677 1966 1792 2014 quae

325 2023 438 2070 intra
464 2024 699 2070 missarum
727 2023 942 2070 solemnia
960 2024 1088 2070 datur
1105 2025 1282 2089 sponsis
1299 2063 1308 2081 ,
1333 2042 1445 2089 quae
1463 2034 1578 2071 certe
1595 2025 1791 2071 omnium

324 2115 543 2146 consensu
577 2099 760 2146 formam
796 2101 1056 2147 sacramenti
1095 2101 1229 2147 nostri
1266 2118 1353 2147 non
1389 2101 1629 2147 constituit.
1665 2099 1791 2155 Quod

326 2174 363 2220 si
399 2185 717 2222 sacramentum
753 2176 1019 2222 matrimonii
1064 2177 1293 2223 conficitur
1325 2194 1403 2242 per
1443 2175 1790 2223 contrahentium

327 2265 589 2296 consensum
622 2250 767 2297 verbis
802 2251 857 2297 de
891 2252 1110 2316 praesenti
1158 2269 1435 2316 expressum,
1474 2251 1603 2315 plane
1637 2267 1792 2297 conse-

327 2325 475 2389 quitur
507 2326 756 2372 ministrum
791 2327 887 2373 eius
916 2327 1034 2374 haud
1062 2345 1160 2374 esse
1189 2328 1484 2382 sacerdotem,
1519 2326 1596 2373 sed
1626 2336 1792 2372 contra-

327 2399 482 2447 hentes
516 2401 659 2466 ips0s;
700 2402 818 2449 solus
853 2403 1017 2467 quippe
1052 2403 1312 2449 sacramenti
1348 2403 1425 2449 ille
1457 2399 1657 2448 minister
1689 2411 1787 2457 est,

328 2475 404 2539 qui
438 2475 619 2522 formam
654 2478 938 2541 pronunciat:
966 2477 1074 2523 tales
1102 2488 1245 2523 autem
1275 2488 1376 2524 sunt
1403 2495 1455 2524 ex
1478 2477 1665 2523 concilio
1688 2493 1793 2523 con—

330 2549 575 2606 trahentes;
604 2568 707 2614 ergo
740 2569 793 2597 ex
826 2551 979 2598 eodem
1015 2551 1097 2598 soli
1132 2552 1441 2598 contrahentes
1469 2552 1659 2598 ministri
1691 2562 1793 2598 sunt

332 2626 589 2672 sacramenti
624 2626 906 2673 matrimonii.

428 2699 553 2754 Quod
583 2702 619 2747 si
652 2702 763 2747 nihil
799 2701 929 2748 habet
962 2702 1196 2749 concilium
1232 2702 1484 2750 coloniense
1507 2703 1625 2768 quod
1653 2703 1794 2750 faveat

333 2773 477 2829 Cano,
518 2775 605 2822 imo
646 2777 762 2841 quod
798 2778 836 2823 ei
875 2793 960 2824 non
995 2777 1249 2824 adversetur
1294 2778 1338 2824 in
1382 2796 1477 2843 cap.
1517 2779 1623 2834 XL.;
1656 2778 1794 2826 multo
