1918 3186
300 226 389 272 162
560 241 637 272 mn.
668 240 696 270 1.
727 236 839 269 SECT.
871 238 899 268 1.
930 237 981 267 DE
1006 237 1177 269 mmmm.
1208 235 1488 267 SAGRAMENTO.

298 318 511 382 pientium
546 314 884 379 dispositionem
909 313 1117 360 detestari
1143 313 1197 359 ad
1229 330 1328 359 eum
1354 311 1551 368 modum,
1578 329 1668 377 quo
1685 314 1767 361 de·-

298 402 482 438 testatur
514 389 882 445 communionem,
923 400 996 436 aut
1030 388 1353 435 confessionem
1391 387 1666 450 sacrilegam.

393 466 559 514 Obiicit
591 475 817 530 praeterea
850 463 1117 511 matr1monii
1147 472 1416 510 contractum
1442 479 1528 510 non
1552 463 1766 527 distingui

298 560 322 588 a
350 552 623 589 sacramento
639 579 649 597 ‚
674 551 714 588 et
734 540 899 588 idcirco
923 540 961 587 si
986 539 1200 586 ecclesiae
1230 538 1416 586 facultas
1446 557 1534 587 non
1561 541 1769 605 competit

298 617 496 664 mutandi
540 617 836 673 sacramenti,
878 633 1023 681 neque
1060 615 1223 680 pariter
1262 614 1447 662 facultas
1481 616 1521 662 ei
1565 627 1770 681 suppetet

297 693 494 739 mutandi
519 703 766 740 contractus
786 711 796 748 ;
825 702 898 738 aut
920 701 1035 738 certe
1052 708 1105 738 ea
1122 691 1304 738 mutatio
1328 691 1543 756 spectabit
1566 692 1622 739 ad
1647 693 1769 758 prin-

297 768 440 832 cipem
480 768 780 825 laicum,·cui
818 767 1051 815 subiicitur
1090 778 1341 814 contractus
1376 785 1465 832 qua
1498 778 1763 816 contractus.

299 844 364 891 Ita
398 844 579 909 quidem
614 844 818 909 Sarpius⁷
848 843 924 908 qui
954 842 1054 889 heic
1078 843 1241 907 pariter
1264 859 1350 890 non
1376 843 1563 890 advertit
1585 861 1663 909 per
1685 844 1771 892 hoc

300 920 662 984 impedimentum
687 937 773 966 non
797 918 950 982 attingi
981 929 1274 974 contractum,
1302 935 1383 965 nec
1408 918 1596 983 proinde
1622 936 1769 967 sacra-

299 1005 494 1043 mentum
512 1033 522 1052 ,
555 995 632 1043 sed
657 1011 870 1059 personas
905 994 1236 1049 contrahentes,
1270 1010 1386 1057 quae
1419 993 1642 1042 inhabiles
1678 995 1773 1042 red-

300 1071 464 1119 duntur
496 1072 551 1119 ad
584 1070 957 1126 contrahendum,
987 1070 1073 1118 nisi
1111 1080 1374 1117 concurrant
1405 1069 1683 1118 conditiones
1716 1071 1774 1119 ab

300 1146 487 1194 ecclesia
514 1156 718 1194 statutae.
749 1146 876 1202 Quod
905 1163 1008 1193 vero
1041 1145 1221 1193 subiicit
1243 1145 1298 1192 de
1326 1146 1526 1210 principe
1552 1146 1682 1204 laico,
1716 1146 1772 1195 ad

302 1238 431 1286 quem
452 1232 621 1286 spectat
645 1221 861 1269 moderari
889 1230 1158 1268 contractum
1182 1230 1230 1267 ut
1252 1231 1520 1269 contractum
1534 1259 1544 1278 ‚
1571 1239 1653 1271 suo
1676 1222 1773 1271 loco

303 1297 620 1361 expendemus.

401 1372 557 1419 Irridet
591 1373 717 1420 tertio
752 1371 848 1420 loco
881 1389 1013 1419 voces
1049 1371 1150 1418 illas
1183 1389 1210 1418 a
1245 1372 1438 1436 parocho
1460 1389 1514 1419 ex
1537 1373 1775 1421 tridentino

304 1447 582 1494 adhibendas
618 1448 662 1493 in
699 1447 785 1494 ritu
819 1446 1027 1512 nuptiali:
1051 1447 1145 1510 qu
1177 1464 1251 1493 vos
1286 1448 1493 1511 coniunqo
1521 1458 1620 1503 etc„
1643 1459 1775 1514 atque

296 1538 379 1571 'eas
414 1540 544 1570 voces
580 1540 666 1570 non
697 1523 785 1571 alio
814 1523 993 1571 tendere
1024 1533 1243 1580 autumat,
1273 1524 1361 1570 nisi
1388 1535 1436 1571 ut
1464 1523 1585 1572 brevi
1615 1524 1774 1588 dogma

305 1598 407 1645 fidei
444 1598 704 1646 conficiatur
737 1616 812 1646 eas
846 1616 946 1647 esse
980 1598 1164 1646 formam
1199 1600 1478 1646 sacramenti.
1508 1600 1589 1647 Ast
1617 1617 1776 1666 perpe-

305 1680 421 1730 ram,
450 1690 501 1720 ac
525 1690 675 1721 secum
711 1675 806 1739 ipse
840 1691 1045 1738 pugnans
1079 1674 1163 1721 has
1195 1691 1326 1722 voces
1361 1674 1535 1722 deridet
1562 1676 1770 1741 Sarpius,

305 1758 348 1794 et
372 1749 562 1813 imponit
587 1749 773 1797 concilio
793 1787 801 1805 ‚
830 1749 936 1796 dum
961 1749 1093 1796 finem
1122 1749 1281 1806 eidem,
1306 1767 1385 1797 seu
1404 1750 1689 1798 intentionem
1712 1751 1778 1798 as-

307 1824 460 1887 fingst,
488 1842 603 1889 quae
636 1835 729 1872 erat
762 1825 941 1873 omnino
974 1825 1110 1872 menti
1146 1825 1288 1890 ipsius
1323 1826 1499 1873 concilii
1527 1826 1771 1883 contraria;

306 1916 564 1964 persuasum
599 1900 822 1964 siquidem
856 1910 949 1948 erat
982 1900 1171 1948 concilio
1194 1918 1247 1948 ex
1271 1900 1471 1948 eiusdem
1495 1901 1639 1966 Sarpii
1672 1918 1778 1950 con-

306 1974 527 2031 fessione,
566 1974 842 2022 clandestina
873 1976 1082 2039 coniugia
1115 1976 1297 2023 totidem
1329 1993 1431 2023 esse
1464 1986 1771 2033 sacramenta,

308 2050 351 2096 in
386 2050 549 2115 quibus
578 2061 723 2098 tamen
752 2050 830 2098 illa
857 2052 1091 2100 verborum
1124 2052 1311 2107 formula
1343 2069 1431 2100 non
1462 2052 1771 2100 adhibebatur.

306 2125 495 2174 Adnotat
521 2137 665 2174 autem
689 2127 809 2174 card.
826 2128 1164 2185 Pallavicinius,
1193 2128 1311 2193 quod
1331 2128 1369 2175 si
1388 2128 1609 2193 parochus
1636 2128 1770 2176 dicit:

307 2201 400 2264 qu
423 2219 497 2249 vos
521 2204 743 2267 coniunqo,
768 2203 902 2268 probe
926 2203 1186 2267 intelligitur
1208 2221 1259 2250 ex
1284 2203 1635 2259 conditionibus,
1663 2219 1776 2267 quas

308 2277 587 2335 libravimus,
610 2289 652 2325 et
669 2296 722 2325 ex
740 2279 923 2344 reliquis
946 2280 1179 2337 omnibus,
1218 2290 1391 2344 tempus
1419 2278 1529 2325 illud
1566 2295 1777 2344 praesens

310 2355 531 2417 coriiunqo,
559 2371 659 2402 esse
685 2355 909 2419 quoddam
933 2368 1107 2421 tempus
1140 2356 1331 2412 morale,
1362 2365 1490 2420 prout
1511 2354 1691 2402 scholae
1713 2354 1778 2402 lo-

310 2440 519 2494 quuntur,
535 2431 719 2496 perinde
737 2449 788 2479 ac
807 2432 845 2479 si
864 2433 1083 2497 parochus
1107 2432 1293 2480 diceret:
1311 2432 1366 2477 In
1386 2432 1464 2478 hac
1489 2441 1574 2478 tota
1591 2432 1772 2486 actione,

309 2515 545 2567 quae'nunc
564 2509 816 2554 auctoritate
834 2525 928 2555 mea
939 2518 1118 2572 peracta
1136 2519 1217 2562 est,
1241 2525 1314 2571 eqo
1332 2525 1406 2554 vos
1423 2507 1633 2553 coniunxi
1653 2508 1771 2568 (48).

405 2583 470 2629 lta
505 2583 684 2648 quidem
723 2584 960 2648 respondet
994 2583 1320 2631 Pallavicinius.
1344 2583 1440 2629 Dici
1465 2593 1611 2629 tamen
1636 2593 1779 2647 potest

311 2657 582 2711 tantumdem
612 2659 760 2707 valere
792 2659 927 2707 verba
960 2659 1058 2715 illa,
1094 2675 1209 2723 quae
1235 2675 1261 2705 a
1287 2657 1514 2706 sacerdote
1548 2657 1778 2723 proferun-

314 2740 406 2780 tur:
435 2731 527 2797 qu
549 2751 622 2781 vos
647 2736 869 2799 coniunqo,
898 2753 949 2783 ac
977 2736 1083 2783 ista:
1112 2735 1205 2797 qu
1228 2734 1441 2797 confirmo,
1470 2744 1613 2780 ratum
1648 2733 1777 2780 habeo

410 2820 475 2859 (48)
496 2821 566 2853 Lib.
582 2824 636 2855 cit.
652 2826 765 2855 xxm.
782 2833 854 2864 cap.
872 2826 926 2857 lx.
940 2833 972 2855 n.
993 2829 1040 2856 15.
