1918 3186
448 235 539 267 cu».
554 225 614 266 vi.
631 234 683 266 ma:
706 232 839 265 inscr.
862 233 1010 266 coma.
1034 231 1084 266 m·
1107 233 1221 266 sica.
1238 234 1331 266 aar.
1348 234 1395 266 11.
1564 219 1654 266 197

287 312 360 359 Sic
379 310 524 359 'etiam
553 310 722 358 Natalis
754 308 1025 367 Alexander,
1052 311 1255 375 quicum
1280 310 1547 360 ostendisset
1565 312 1661 377 ‘pol—

185 388 283 436 lere
297 387 531 436 ecclesiam
550 395 767 451 potestate
784 402 872 432 non
889 385 1020 433 modo
1038 387 1301 451 prohibendi
1314 425 1324 444 ,
1349 404 1503 435 verum
1526 387 1659 436 etiam

190 465 392 513 irritandi
416 463 622 526 coniugia
645 461 922 509 clandestina
939 498 949 517 ‚
978 461 1095 510 hanc
1118 463 1265 511 attulit
1286 464 1517 512 rationem:
1543 465 1660 513 «Ec-

189 541 353 590 clesiae
377 540 546 588 scilicet
567 538 890 603 dispensationi
914 538 1243 586 matrimonium
1269 540 1489 599 subiacet,
1512 552 1662 606 quate-

187 635 269 665 nus
301 625 542 664 contractus
570 625 632 662 est
659 615 717 662 ad
743 615 1003 662 sacramenti
1034 614 1290 679 dignitatem
1322 628 1488 665 evectus
1505 620 1656 682 (19).»

283 691 529 740 Ludovicus
565 690 752 747 Habert,
798 708 899 738 cum
934 690 1100 755 pariter
1140 693 1374 756 utriusque
1416 694 1661 741 sententiae

187 767 475 815 fundamenta
506 766 786 831 exposuerit,
816 765 903 813 sibi
926 765 1080 813 obiicit
1101 765 1357 814 adhaerenti
1381 768 1580 833 opinioni
1603 769 1660 818 de

186 844 417 892 sacerdote
449 843 652 890 ministro
669 881 679 899 ,
707 843 785 907 qui
807 842 1088 890 bendictione
1121 843 1386 907 pronunciat
1405 843 1541 892 verba
1570 846 1659 894 for—

185 937 308 968 mae:
340 920 508 983 «Ergo‚
547 919 752 984 inquies,
797 919 922 984 prius
956 919 1197 983 perfectum
1230 930 1298 968 est
1330 921 1657 969 matrimonium

186 997 231 1043 in
255 996 424 1044 ratione
445 1006 698 1044 contractus
722 994 865 1043 civilis
885 1033 894 1052 ,
922 1013 1057 1060 quam
1082 995 1128 1041 in
1146 995 1315 1043 ratione
1338 998 1654 1045 sacramenti.»

184 1072 439 1137 Respondet
471 1082 642 1119 autem:
679 1091 701 1116 «
724 1072 895 1135 Negant
923 1070 1150 1136 sequelam
1177 1071 1352 1136 patroni
1386 1071 1522 1120 huius
1556 1090 1658 1121 sen-

181 1149 367 1206 tentiae,
389 1148 497 1214 quia
520 1148 829 1196 contrahentes
853 1165 1120 1196 consensum
1145 1165 1276 1195 suum
1300 1148 1457 1196 nolunt
1480 1149 1655 1198 firmum

183 1224 303 1281 fieri,
342 1224 432 1272 nisi
466 1241 566 1272 cum
591 1223 647 1271 ab
671 1223 858 1271 ecclesia
891 1223 1022 1270 fuerit
1054 1234 1308 1288 acceptatus
1325 1261 1335 1281 ,
1374 1234 1655 1291 mentemque

182 1317 311 1348 suam
353 1300 576 1365 explicant
619 1300 818 1365 exemplo
852 1299 1038 1347 aliorum
1083 1310 1411 1357 contractuum,
1450 1300 1508 1347 ad
1542 1317 1655 1366 quos

182 1377 280 1440 lege
302 1366 520 1442 principis
550 1377 791 1442 requiritur
813 1375 965 1440 aliqua
988 1375 1246 1424 solemnitas
1265 1396 1274 1424 :
1305 1376 1513 1441 praevius
1537 1377 1655 1424 enim

182 1453 537 1502 contrahentium
560 1470 806 1501 consensus
825 1490 836 1509 ,
862 1470 906 1500 v.
930 1469 995 1515 gr.
1019 1452 1076 1500 de
1094 1453 1232 1501 fundo
1250 1453 1399 1518 aliquo
1420 1453 1654 1504 vendendo

180 1540 226 1577 et
247 1530 434 1577 emendo
450 1567 460 1586 ,
487 1546 574 1577 non
600 1528 733 1576 habet
766 1545 898 1575 suum
931 1528 1068 1575 robur
1089 1539 1133 1581 et
1153 1529 1243 1577 vim
1267 1540 1518 1577 contractus
1535 1566 1545 1586 ,
1573 1529 1654 1578 do-

179 1622 263 1653 nec
295 1605 353 1653 ab
386 1605 583 1653 actuario
616 1604 761 1652 fuerit·
781 1604 1060 1669 conscriptus
1100 1616 1143 1653 et
1182 1605 1470 1669 consignatus
1498 1607 1649 1669 (20).»

179 1681 244 1728 Ex
277 1680 442 1746 quibus
474 1691 596 1746 patet
630 1691 854 1728 auctorem
887 1681 1030 1737 hunc,
1060 1681 1130 1728 cui
1155 1682 1268 1729 bene
1291 1692 1525 1747 perspecta
1559 1694 1654 1731 erat

178 1757 288 1805 Cani
306 1758 493 1823 eiusque
510 1767 795 1822 patronorum
822 1758 1056 1814 sententia,
1080 1757 1354 1815 declarasse,
1377 1758 1526 1824 quoad
1551 1776 1647 1816 eos,

179 1833 257 1897 qui
290 1834 583 1889 contrahunt,
613 1844 714 1880 ante
738 1833 980 1882 sacerdotis
1013 1833 1362 1881 benedictionem
1381 1872 1391 1891 ,
1429 1835 1651 1883 matrimo—

180 1909 304 1955 nium
327 1909 509 1957 .nullum
545 1908 680 1957 robur
712 1926 765 1956 ac
797 1909 1048 1957 firmitatem
1084 1909 1305 1966 obtinere,
1345 1909 1477 1956 etiam
1507 1909 1553 1956 in
1578 1927 1649 1958 ra-

179 1985 297 2032 tione
325 1996 602 2042 contractus,
632 1984 712 2033 sed
737 1984 880 2032 solum
904 1986 951 2032 in
974 1996 1098 2042 actu,
1126 2001 1214 2050 quo
1247 1985 1576 2032 matrimonium
1600 1986 1650 2034 fit

178 2071 503 2108 sacramentum
537 2078 619 2125 per
651 2061 1001 2109 benedictionem
1036 2060 1376 2117 sacerdotalem,
1414 2060 1524 2108 illud
1557 2062 1647 2109 vim

178 2136 407 2201 acquirere
422 2155 435 2190 ,·
473 2135 674 2201 adeoque
706 2136 859 2201 perfici
892 2154 983 2184 una
1016 2135 1177 2192 simul,
1205 2136 1316 2183 etin
1339 2136 1510 2184 ratione
1541 2154 1647 2186 con-

178 2223 343 2259 tractus
377 2223 420 2259 et
454 2213 499 2259 in
535 2212 704 2260 ratione
737 2209 1015 2260 sacramenti.

273 2289 366 2336 Imo
400 2288 585 2336 ulterius
621 2287 988 2353 progrediuntur;
1018 2288 1240 2353 siquidem
1274 2289 1408 2335 etiam
1431 2288 1477 2335 in
1501 2288 1646 2355 hypo-

175 2363 309 2421 thesi,
328 2362 466 2429 .quod
488 2364 532 2412 vi
556 2364 709 2412 emissi
734 2380 980 2412 consensus
1004 2373 1101 2411 ante
1125 2363 1475 2411 benedictionem
1498 2381 1646 2413 sacer-

176 2440 293 2489 dotis
325 2442 512 2488 existere
544 2440 730 2505 incipiat
762 2439 1089 2489 matrimonium
1107 2439 1153 2486 in
1173 2439 1343 2487 ratione
1366 2449 1639 2497 contractus,

177 2528 321 2567 tamen
355 2528 519 2582 negant
544 2527 644 2582 post
677 2516 826 2564 datam
850 2534 877 2563 a
900 2515 1129 2564 sacerdote
1161 2515 1513 2564 benedictionem
1542 2534 1644 2581 per—

176 2609 351 2642 manere
382 2594 712 2643 matrimonium
747 2593 831 2642 sub
866 2593 1033 2641 ratione
1067 2603 1343 2650 contractus,
1370 2592 1464 2641 sive
1497 2592 1640 2641 civilis

270 2740 335 2781 (19)
357 2717 470 2774 Thcol.
486 2741 638 2784 doqmat.
656 2741 780 2774 moral.
802 2743 851 2774 De
875 2749 1024 2774 sacram.
1035 2715 1193 2774 mamm.
1210 2749 1282 2783 cap.
1298 2741 1340 2774 11.
1356 2741 1417 2774 art.
1441 2745 1470 2774 2.
1492 2741 1543 2774 De
1563 2748 1639 2774 con-

173 2801 275 2825 sensu
289 2791 406 2826 claud.
422 2802 515 2836 prop.
527 2799 557 2827 2.

270 2845 335 2887 (20)
356 2848 403 2879 De
418 2847 514 2879 matr.
526 2855 596 2889 cap.
610 2848 665 2879 lv.
