1912 3180
245 189 483 223 CAP 1V DE
507 189 666 223 Ancum.
691 190 768 222 mio
791 190 897 222 LEGE
917 192 970 224 m:
988 192 1114 225 nuru.
1136 191 1221 225 c1v.
1245 192 1337 227 11111.
1361 193 1391 225 1.
1497 180 1587 226 363

213 267 462 316 Generatim
482 269 632 333 plures
647 280 842 317 oratores
856 281 1197 334 assumpserunt
1212 270 1387 319 civilem
1403 281 1593 337 potesta-

116 354 205 391 tem
229 344 388 407 legem,
412 362 528 410 quae
552 346 822 393 matrimonii
847 345 1081 393 christiani
1104 346 1376 396 validitatem
1404 349 1586 406 afficiat,

116 438 195 484 per
228 438 277 468 se
306 421 497 469 condere
530 439 695 487 posse3
733 421 911 469 civilem
946 432 1218 471 contractum
1254 442 1282 473 a
1313 437 1590 475 sacramento

114 499 315 561 separari
349 516 483 563 posse
505 537 515 555 ,
553 509 687 564 atquc
726 499 838 547 adeo
873 498 1048 547 civilem
1084 512 1346 565 potestatem
1380 513 1430 551 ut
1460 521 1590 552 suam

113 572 505 637 independentiam
525 585 721 631 tueatur,
744 574 862 622 hanc
883 574 1026 638 legem
1052 575 1166 623 ferre
1190 577 1367 625 debere.
1386 579 1479 627 Imo
1495 580 1592 644 qui·

110 648 215 696 dam
250 660 401 715 aperte
429 650 578 698 fassus
605 661 673 699 est
701 650 822 699 hunc
850 667 952 699 esse
985 667 1137 698 revera
1170 652 1318 716 ipsius
1346 653 1458 717 legis
1491 672 1592 704 sco-

111 742 216 790 pum
232 763 242 782 ,
264 743 363 773 eam
387 726 779 791 independentiam
802 726 949 776 civilis
965 728 1197 793 potestatis
1221 745 1437 788 asserere,
1454 748 1591 796 quam

111 811 255 850 status
279 802 507 850 vindicare
530 820 620 851 non
644 804 789 852 solum
813 814 1142 868 potest,verum
1159 804 1294 852 etiam
1318 805 1450 854 debet
1465 809 1583 870 (30).

210 879 403 935 Quidam
429 890 659 943 praeterea
682 898 736 928 ex
758 880 1009 928 oratoribus
1044 880 1274 945 professus
1308 892 1377 930 est
1408 882 1590 931 absolu-

112 964 202 1002 tam
237 972 288 1002 se
320 955 434 1002 velle
467 966 612 1003 status
636 955 693 1003 ab
716 956 908 1004 ecclesia
940 955 1269 1020 separationem
1286 994 1296 1013 ,
1330 957 1462 1022 eique
1489 974 1588 1022 pro-

111 1030 305 1095 positum
328 1031 444 1094 legis
469 1032 652 1080 schema
676 1032 822 1080 visum
846 1049 949 1080 esse
972 1032 1108 1080 nimis
1137 1032 1354 1081 ecclesiae
1375 1033 1586 1082 tribuere.

110 1107 256 1155 Media
280 1119 425 1156 aetate
442 1147 452 1166 ‚
482 1109 652 1174 inquit,
680 1109 870 1158 ecclesia
896 1109 1098 1157 benefica
1131 1110 1238 1166 fuit,
1271 1110 1409 1175 inque
1439 1111 1591 1159 omnia

109 1201 223 1248 pene
239 1185 437 1234 humana
454 1187 633 1250 negotia
650 1187 954 1234 auctoritatem
973 1186 1061 1233 sibi
1073 1186 1338 1243 vindicavit;
1355 1196 1425 1234 ast
1441 1186 1488 1233 id
1501 1204 1591 1235 non

108 1278 162 1308 ex
180 1262 360 1327 proprio
379 1263 501 1319 iure,
525 1281 577 1311 ac
594 1262 836 1311 universali
854 1262 1164 1327 proveniebat,
1185 1262 1385 1327 adeoque
1408 1279 1479 1310 res
1497 1273 1593 1311 erat

108 1347 408 1403 temporanea.
433 1340 651 1396 Quocirca
668 1340 811 1404 potuit
827 1350 932 1386 tunc
948 1338 1158 1403 temporis
1189 1348 1381 1386 statuere
1406 1339 1591 1404 impedi-

110 1426 276 1472 menta,
298 1415 477 1483 aliaque
500 1415 719 1464 eiusmodi
745 1425 987 1480 praestare.
1005 1416 1131 1463 Nunc
1147 1432 1251 1463 vero
1268 1425 1463 1479 potestas
1486 1415 1592 1463 civi-

110 1490 167 1539 lis
191 1509 292 1539 sese
309 1492 551 1540 vindicavit
568 1510 595 1539 a
612 1492 801 1540 molesta
818 1503 861 1539 et
879 1491 1133 1556 importuna
1165 1491 1400 1540 clericatus
1434 1491 1586 1540 tutela.

203 1568 533 1616 Matrimonium
571 1579 640 1616 est
679 1568 952 1634 principium
988 1585 1040 1615 ac
1072 1569 1258 1616 materia
1291 1568 1438 1633 prima
1470 1567 1592 1616 vitae

106 1643 276 1701 civilis3
306 1645 514 1710 princeps
544 1645 681 1708 igitur
708 1645 781 1693 ius
812 1644 947 1693 habet
970 1643 1083 1692 illud
1106 1644 1281 1707 legibus
1308 1644 1584 1693 moderandi.

108 1721 226 1778 Quid
251 1722 406 1779 refert,
430 1723 470 1770 si
494 1722 638 1768 amica
654 1731 846 1785 potestas
870 1721 1096 1785 quondam
1121 1721 1193 1768 ius
1218 1721 1339 1768 istud
1364 1719 1590 1768 exercuit?

109 1798 238 1854 Quod
273 1799 399 1863 prius
432 1798 593 1862 agebat
619 1797 808 1846 ecclesia
823 1835 833 1854 ,
862 1797 950 1844 iam
975 1815 1094 1845 nunc
1116 1814 1357 1862 possumus
1381 1814 1435 1844 ex
1458 1796 1589 1844 nobis

109 1875 222 1938 ipsis
257 1885 501 1938 praestare.
540 1875 642 1921 lura
665 1873 1061 1938 praescriptionem
1094 1890 1182 1920 non
1215 1872 1442 1937 patiuntur
1463 1873 1582 1934 (31).

206 1952 494 2017 Aperiantur,
536 1952 684 2017 inquit
711 1950 826 1998 alius
859 1960 1030 2006 orator,
1060 1949 1330 2012 Evangelia:
1365 1949 1428 1995 ibi
1464 1967 1591 2014 repe-

110 2030 248 2076 rietur
281 2029 503 2094 separatio
545 2028 607 2076 rei
650 2027 908 2092 temporalis
941 2043 967 2072 a
1001 2025 1240 2091 spirituali.
1278 2027 1430 2074 Patres
1457 2026 1590 2074 etiam

109 2105 296 2152 alterum
330 2105 386 2152 ab
421 2104 558 2152 altero
587 2104 882 2166 distinguunt.

205 2181 292 2227 Lex
324 2180 499 2229 duobus
528 2180 734 2226 innititur
759 2178 1022 2243 principiis,
1051 2194 1168 2243 quae
1202 2177 1502 2225 humanitaria
1526 2177 1589 2225 si-

110 2255 201 2303 mul
243 2267 347 2304 sunt
381 2267 424 2304 et
456 2255 740 2319 evangelica:
782 2254 1053 2319 separationi
1089 2270 1249 2318 nempe
1284 2253 1347 2301 rei
1383 2253 1530 2301 civilis
1563 2270 1590 2301 a

111 2349 265 2389 sacra,
299 2343 344 2380 et
375 2332 568 2380 libertati
603 2329 904 2380 conscientiae
941 2331 1058 2390 (32).

209 2497 276 2537 (3ο)
298 2498 444 2529 camera
456 2495 613 2527 clettiva.
627 2495 770 2526 Tornata
782 2493 834 2525 dei
847 2497 897 2525 12.
912 2492 1055 2532 Giugno.

209 2549 275 2589 (31)
296 2551 422 2581 Senato
440 2547 498 2580 del
513 2556 628 2588 reqno.
652 2547 793 2579 'tornata
807 2546 859 2578 dei
876 2548 924 2578 17.
936 2545 1007 2576 Dic.
1020 2553 1092 2585 pag.
1108 2549 1159 2577 98.
1176 2549 1227 2577 99.

209 2602 276 2642 (32)
299 2602 382 2634 lbid.
408 2603 495 2634 Haec
519 2601 629 2633 omnia
652 2599 823 2639 desumpta
842 2598 918 2630 sunt
939 2606 977 2629 ex
995 2596 1154 2637 Portalis,
1169 2597 1201 2629 et
1215 2596 1408 2629 Boutteville
1422 2596 1454 2628 in
1470 2595 1593 2629 discus·

113 2654 203 2686 sione
227 2654 402 2687 schematis
425 2655 504 2695 legis
523 2653 565 2685 de
582 2651 790 2685 matrimonio
813 2651 902 2683 circa
924 2649 1070 2682 codicem
1097 2649 1358 2691 napoleonicum.
1373 2648 1425 2681 Cf.
1439 2649 1565 2682 Motivi
1579 2672 1589 2688 ‚

116 2708 294 2747 rapporci,
317 2716 335 2738 0
357 2706 502 2739 discorsi
524 2714 591 2747 per
621 2705 658 2736 la
685 2704 897 2736 discussione
922 2700 979 2734 del
1000 2700 1115 2733 codice
1135 2701 1173 2733 da·
1194 2701 1392 2743 Napoleone
1406 2700 1435 2734 u
1445 2700 1590 2742 arande.

116 2758 296 2791 Trad.ita1.
315 2759 445 2791 Firenze
465 2763 554 2792 1806.
573 2760 653 2790 tom.
672 2759 697 2788 1.
712 2766 743 2798 p.
762 2756 921 2789 [nocivi
938 2753 1035 2786 della
1052 2754 1144 2786 sesta
1162 2753 1256 2796 leyqe
1268 2755 1395 2797 esposti
1406 2753 1455 2788 da
1467 2755 1589 2787 Porta-

114 2811 167 2844 Iis.
186 2810 252 2858 *Sul
271 2810 376 2844 titulo
395 2812 518 2853 quinto
539 2810 597 2843 del
617 2809 840 2842 matrimonio
854 2815 926 2848 pag.
946 2811 985 2839 80
1000 2814 1090 2847 seqq.
