1918 3186
239 171 327 216 216
508 187 587 217 Lm.
615 186 644 217 ι.
674 184 786 215 sncr.
816 184 986 215 ALTERA.
1012 185 1063 215 ni:
1089 184 1262 216 mrum.
1287 185 1427 217 cmm.

236 266 382 311 iunxit
416 265 532 310 homo
566 279 650 308 non
682 272 873 325 separet,
902 261 969 310 >ob
1003 280 1099 309 eam
1135 262 1413 326 potissimum
1456 263 1701 322 rationem,

237 338 355 403 quod
390 349 492 384 sunt
525 346 808 383 sacramenta.
848 337 1084 384 Enimvero
1118 337 1324 401 coniugia
1358 348 1579 397 veterum,
1617 341 1707 388 Deo

238 415 335 478 ipso
370 412 672 478 permittente,
712 429 791 476 per
825 412 1023 460 libellum
1058 414 1233 478 repudii
1262 415 1530 480 quandoque
1564 417 1708 464 solve-

236 491 408 536 bantur.
432 489 527 535 Etsi
551 499 698 535 autem
724 500 826 536 ante
847 489 1163 554 Babylonicam
1187 491 1483 555 captivitatem
1507 493 1579 540 vix
1595 531 1604 549 ,
1633 504 1710 541 aut

237 583 291 612 ne
313 566 386 613 vix
410 565 592 632 quidem
617 582 714 612 eam
741 566 1090 622 concessionem,
1120 584 1197 613 seu
1224 567 1371 631 potius
1390 568 1708 632 indulgentiam

235 639 424 687 duritiae
457 640 605 688 cordis
633 658 783 688 eorum
814 640 994 688 hebraei
1023 640 1068 687 in
1100 642 1270 706 praxim
1301 643 1564 691 deduxerint
1586 646 1703 707 (16);

235 727 337 782 post
372 717 561 764 reditum
598 728 744 765 tamen
776 736 802 765 a
835 718 1090 782 captivitate
1112 756 1121 774 ,
1166 719 1431 782 pedetentim
1465 721 1526 767 ita
1558 721 1706 768 iudaei

235 794 457 858 progressi
483 805 585 841 sunt
610 794 654 840 in
679 794 1015 858 multiplicando
1039 794 1228 842 divortio
1247 833 1256 851 ‚
1286 795 1330 841 in
1355 796 1484 859 peius
1507 796 1707 861 quotidie

235 871 465 918 ruentibus
499 871 721 927 moribus,
753 881 802 917 ut
836 887 889 917 ex
923 870 1081 934 quavis
1116 870 1346 918 levissima
1379 889 1516 918 causa
1548 889 1707 920 uxores

234 946 525 1002 dimitterent,
555 946 673 1011 quod
700 956 818 993 certo
851 957 1027 994 constat
1059 957 1150 994 tum
1187 964 1240 993 ex
1276 948 1501 1013 proposita
1535 965 1561 995 a
1596 948 1710 1012 pha-

234 1022 390 1069 risaeis
425 1023 599 1069 Christo
634 1022 915 1087 quaestione,
955 1034 1047 1070 tum
1073 1040 1125 1070 ex
1151 1023 1326 1070 illorum
1361 1034 1607 1089 temporum
1643 1024 1709 1071 hi-

236 1099 372 1146 storia
400 1100 516 1161 (17).
540 1099 656 1146 Satis
680 1098 810 1146 nobis
845 1099 919 1146 hic
954 1100 1012 1146 sit
1045 1099 1415 1159 animadvertere,
1453 1101 1572 1165 quod
1605 1100 1708 1148 licet

235 1174 451 1220 immerito
484 1184 527 1220 et
559 1184 711 1221 contra
748 1173 859 1237 legis
894 1193 1076 1222 sensum
1110 1186 1153 1222 et
1186 1176 1391 1240 spiritum
1426 1187 1607 1240 agerent
1639 1177 1708 1223 iu-

232 1249 349 1296 daici
385 1249 609 1306 doctores,
642 1250 748 1297 dum
782 1250 958 1298 divortii
990 1268 1150 1299 causas
1190 1251 1301 1299 adeo
1333 1252 1701 1316 multiplicarent,

234 1326 528 1374 nihilominus
563 1337 730 1374 certum
767 1338 835 1375 est
856 1366 865 1384 ,
904 1328 1087 1393 Moysen
1123 1329 1173 1375 ob
1207 1329 1416 1376 duritiam
1449 1329 1621 1384 cordis,
1659 1341 1709 1377 ut

234 1402 431 1466 loquitur
464 1402 669 1450 Christus
706 1402 857 1450 Matth.
885 1404 999 1450 XIX.
1022 1405 1271 1468 permisisse
1290 1404 1464 1452 iudaeis
1488 1405 1709 1452 dimittere

233 1495 394 1526 uxores
429 1496 555 1535 suas,
593 1489 637 1526 et
669 1479 871 1543 quidem,
911 1490 961 1527 ut
993 1479 1154 1543 legitur
1187 1481 1317 1528 Deut.
1345 1482 1493 1527 XXIV.
1532 1492 1710 1546 propter

234 1555 428 1618 aliquam
460 1554 727 1619 foeditatem;
754 1555 859 1603 hinc
883 1555 966 1602 sub
990 1555 1085 1619 lege
1109 1557 1305 1604 mosaica
1340 1557 1595 1620 coniugium
1620 1575 1706 1605 non

234 1641 328 1678 erat
361 1630 540 1678 omnino
560 1627 902 1679 indissolubile.

330 1706 415 1753 Sed
458 1724 602 1771 neque
646 1707 731 1755 hac
772 1707 976 1755 fruuntur
1019 1708 1272 1756 omnimoda
1318 1707 1707 1756 indissolubilitate

234 1782 455 1829 connubia
480 1782 524 1829 in
550 1783 807 1831 infidelitate
843 1795 1065 1832 contracta
1081 1824 1090 1842 ,
1127 1784 1323 1849 alioquin
1348 1784 1470 1832 nullo
1494 1802 1706 1849 umquam

235 1858 278 1902 in
310 1874 419 1904 casu
454 1857 649 1920 legitinsp
678 1870 861 1923 possent
887 1859 1088 1907 dissolvi.
1119 1859 1173 1907 At
1198 1859 1444 1906 infidelium
1480 1860 1708 1907 matrimo-

236 1933 309 1980 nia
343 1933 528 1981 dissolvi
564 1935 831 2000 quandoque
865 1953 998 2000 posse
1031 1947 1198 1983 certum
1244 1936 1408 2001 pariter
1449 1946 1547 1992 est,
1586 1936 1704 2000 quod

236 2010 278 2055 in
304 2009 553 2075 insequenti
587 2010 700 2058 libro
728 2010 1069 2059 declarabimus.
1098 2013 1249 2060 Restat
1271 2012 1406 2075 igitur
1428 2024 1477 2059 ut
1499 2012 1706 2059 christia-

236 2103 390 2133 norum
419 2087 672 2150 coniugium
697 2088 786 2134 iam
809 2098 1162 2136 consummatum
1186 2106 1369 2154 prorsus
1394 2087 1705 2135 indissolubile

235 2161 407 2208 dicatur
430 2172 473 2209 et
497 2162 555 2209 sit
578 2162 634 2210 ob
659 2162 799 2210 solam
831 2163 1045 2211 rationem
1077 2164 1349 2211 sacramenti.
1381 2164 1554 2220 Quibus
1578 2180 1705 2227 prae-

236 2238 403 2295 missis,
439 2247 719 2303 pronum'est
742 2239 948 2303 colligere
981 2240 1245 2288 enunciatae
1278 2240 1418 2288 thesis
1451 2239 1698 2293 veritatem,

230 2314 405 2362 scilicet
435 2314 565 2362 civile
598 2315 854 2379 coniugium
888 2315 1117 2365 absolutae
1151 2315 1379 2364 christiani
1415 2315 1610 2378 coniugii
1635 2314 1705 2360 fir-

238 2390 377 2438 mitati
412 2390 653 2438 adversari.

332 2466 547 2530 Coniugia
591 2466 771 2532 quidem
806 2485 925 2515 mere
958 2468 1106 2516 civilia
1129 2506 1139 2524 ,
1178 2468 1217 2515 si
1251 2469 1295 2514 in
1331 2485 1380 2515 se
1412 2476 1698 2532 spectentur,

238 2553 285 2588 ut
330 2543 458 2591 toties
492 2543 709 2600 diximus,
754 2561 898 2609 neque
931 2554 1254 2592 sacramentum
1288 2553 1392 2591 sunt
1425 2560 1569 2607 neque
1601 2559 1705 2590 con-

334 2688 399 2728 (16)
420 2689 470 2721 Cf.
488 2690 593 2722 Drach
609 2691 666 2723 Du
682 2689 821 2724 divorce
835 2690 924 2724 dans
938 2691 974 2724 la
987 2699 1193 2733 synaqoyue.
1216 2693 1316 2724 Rome
1340 2694 1428 2723 ¹840.
1445 2691 1560 2723 Prem.
1579 2692 1707 2732 epoque

233 2747 304 2781 pag.
322 2742 361 2771 69
379 2748 470 2781 seqq.
944 2783 947 2785 Β

335 2794 400 2833 (17)
427 2794 476 2826 cs.
497 2796 644 2828 seconde
664 2797 792 2838 dpoque
814 2806 885 2838 pag.
905 2803 945 2830 8³
965 2807 1054 2838 seqq.
