1912 3180
274 202 365 234 CAP.
386 203 443 234 lv.
467 203 519 234 m:
542 202 699 234 Ancum.
720 203 797 234 rno
824 202 929 235 LEGE
954 204 1006 235 m:
1031 203 1156 235 uun.
1179 203 1263 234 clv.
1285 201 1377 234 Aur.
1409 203 1437 234 1.
1544 188 1632 233 359

779 350 1027 412 Responsio.

256 512 321 558 Ex
358 511 442 559 hac
476 511 678 575 exposita
723 510 893 557 theoria
937 511 1067 557 unice
1107 513 1309 577 sequitur
1353 529 1487 559 unam
1522 530 1637 560 eam—

157 590 351 653 demque
393 605 483 635 rem
508 588 603 639 sub
649 587 883 652 multiplici
920 599 1125 651 respectu
1160 590 1349 653 spectari
1385 607 1519 654 posse
1537 629 1547 646 ,
1585 608 1636 638 ac

161 682 241 729 per
273 664 472 712 diversos
507 674 743 728 conceptus
779 662 1077 728 apprehendi,
1118 681 1205 711 non
1241 675 1387 712 autem
1413 666 1458 712 in
1484 666 1635 731 plures

161 758 232 788 res
266 741 462 805 discerpi
498 757 631 805 posse
665 751 739 788 aut
771 739 948 787 debere.
983 740 1098 787 Sane
1138 759 1227 788 una
1261 742 1507 807 eademque
1535 761 1637 808 per-

162 833 273 864 sona
295 854 305 871 ,
344 832 461 880 quae
494 826 562 863 est
595 815 753 870 homo,
791 815 904 862 civis
928 826 972 863 et
993 815 1293 872 christianus,
1336 818 1455 864 haud
1494 830 1639 883 potest

159 892 218 940 ob
252 892 472 956 triplicem
507 892 626 940 hunc
662 902 910 956 respectum
935 892 1093 941 intres
1128 893 1271 940 reales
1305 894 1503 959 dispesci
1539 913 1636 960 per-

163 986 321 1024 sonas,
359 968 479 1032 quod
503 978 572 1016 est
598 968 843 1016 absurdum
866 968 938 1016 vel
961 969 1171 1032 cogitare.
1199 970 1272 1018 Sic
1305 971 1635 1019 matrimonium

159 1045 506 1093 christianorum
530 1063 667 1093 unum
703 1057 836 1112 atque
867 1045 1148 1094 individuum
1177 1057 1271 1104 est,
1309 1048 1431 1112 quod
1466 1060 1535 1096 est
1575 1066 1641 1096 sa-

161 1132 436 1170 cramentum
453 1159 463 1175 ,
496 1137 641 1186 neque
669 1140 722 1170 ex
754 1140 807 1171 eo
839 1122 959 1188 quod
995 1123 1186 1187 spectari
1211 1124 1354 1188 possit
1376 1142 1457 1188 per
1479 1126 1642 1173 mentis

161 1198 504 1247 abstractionem
523 1215 575 1246 ac
593 1199 785 1262 logicum
804 1210 1065 1263 conceptum
1080 1209 1128 1246 ut
1140 1210 1389 1248 contractus
1405 1201 1635 1258 naturalis,

164 1274 312 1324 civilis
335 1286 379 1322 et
401 1275 763 1331 sacramentalis,
791 1276 951 1323 exinde
985 1276 1187 1341 sequitur
1209 1294 1310 1324 esse
1339 1287 1428 1325 tres
1463 1278 1641 1325 realita-

164 1362 248 1407 tes,
278 1369 357 1398 seu
381 1363 470 1399 tres
496 1368 566 1398 res
592 1351 648 1398 ab
674 1352 865 1398 invicem
888 1352 1124 1399 distinctas
1143 1390 1152 1408 ‚
1181 1352 1319 1399 multo
1353 1369 1457 1400 vero
1491 1354 1640 1401 minus

163 1428 333 1475 divisas
357 1438 433 1475 aut
462 1427 731 1475 divisibiles.
760 1427 846 1474 Sed
870 1438 938 1474 est
962 1445 1100 1474 unum
1134 1428 1341 1492 idemque
1364 1428 1636 1490 coniugium,

160 1503 280 1568 quod
316 1504 507 1568 spectari
538 1513 684 1568 potest
705 1514 754 1550 ut
777 1504 973 1551 officium
998 1514 1180 1551 naturae
1197 1542 1207 1561 ,
1236 1514 1284 1551 ut
1307 1504 1503 1552 officium
1522 1522 1641 1552 com—

159 1581 415 1637 munitatis,
450 1590 494 1627 et
516 1590 564 1627 ut
587 1580 784 1628 officium
821 1580 1051 1644 religionis
1071 1619 1081 1637 ,
1120 1598 1172 1628 ac
1206 1581 1290 1628 sub
1324 1581 1523 1646 quolibet
1558 1581 1641 1628 hoc

163 1666 367 1722 respectu
401 1657 632 1720 attingitur
664 1674 691 1704 a
724 1656 821 1720 lege
867 1657 1081 1714 naturali,
1121 1675 1147 1704 a
1182 1657 1279 1721 lege
1312 1658 1467 1715 civili,
1507 1668 1550 1705 et
1584 1658 1639 1705 ab

162 1732 353 1781 ecclesia
386 1750 468 1781 seu
501 1733 744 1796 religione,
773 1743 816 1780 et
838 1733 1020 1797 quidem
1056 1733 1141 1781 sub
1176 1734 1422 1798 respectivo
1456 1734 1634 1789 ordine,

160 1826 188 1856 a
210 1809 309 1872 lege
333 1820 517 1856 naturae
541 1826 596 1856 ne
622 1809 699 1856 fiat
720 1819 874 1857 contra
898 1809 1175 1858 honestatem
1194 1848 1204 1866 ,
1233 1828 1366 1874 quam
1396 1827 1450 1856 ea
1477 1810 1636 1872 exigit;

163 1901 190 1931 a
223 1884 320 1947 lege
353 1885 474 1932 civili
510 1902 566 1932 ne
598 1895 751 1932 contra
784 1884 948 1932 bonum
981 1885 1113 1933 civile
1144 1903 1195 1932 ac
1219 1885 1447 1950 politicum
1484 1885 1641 1932 redun-

163 1960 263 2016 det;
292 1960 349 2007 ab
372 1960 562 2008 ecclesia
584 1998 594 2015 ,
628 1977 744 2025 quae
775 1960 914 2008 efficit
935 1971 984 2008 ut
1006 1970 1256 2008 contractus
1291 1959 1533 2017 naturalis,
1562 1962 1639 2025 qui

162 2047 232 2085 est
265 2037 632 2094 fundamentum²
668 2036 893 2100 legitimus
926 2036 985 2084 sit
1017 2046 1061 2083 et
1094 2046 1371 2083 sacramento
1412 2047 1638 2101 tamquam

163 2113 350 2162 materia
374 2113 610 2169 inserviat,
643 2129 724 2160 seu
756 2113 905 2159 verius
939 2123 1008 2160 est
1041 2123 1366 2159 sacramentum
1402 2112 1574 2176 ipsum,
1615 2131 1641 2159 a

166 2208 256 2255 quo
290 2201 541 2238 contractus
576 2190 724 2254 reipsa
759 2207 847 2237 non
882 2190 1185 2253 distinguitur.

261 2267 307 2313 Si
341 2267 494 2332 itaque
526 2276 778 2314 contractus
813 2265 1029 2313 naturalis
1063 2265 1398 2313 fundamentum
1433 2276 1502 2313 est
1533 2282 1639 2313 con-

163 2343 274 2407 iugii
297 2342 551 2398 christiani,
579 2351 622 2389 et
645 2358 735 2406 quo
758 2341 947 2389 ecclesia
970 2351 1196 2406 tamquam
1220 2342 1405 2389 materia
1440 2342 1641 2405 proxima

164 2437 243 2484 per
276 2429 421 2468 actum
457 2419 624 2483 ipsum,
662 2435 752 2483 quo
777 2418 846 2475 fit,
873 2418 1012 2465 utitur
1046 2418 1101 2465 ad
1136 2418 1464 2466 conficiendum
1500 2436 1644 2466 sacra-

165 2506 362 2543 mentum
396 2513 422 2542 a
456 2495 635 2542 Christo
668 2494 858 2542 Domino
905 2494 1179 2550 institutum,
1217 2504 1336 2558 patet
1369 2505 1641 2542 contractum

166 2570 410 2618 naturalem
434 2581 477 2618 et
500 2579 825 2618 sacramentum
855 2587 994 2616 unum
1019 2586 1065 2616 re
1088 2569 1296 2617 constitui
1323 2586 1375 2616 ac
1407 2587 1508 2617 esse
1523 2608 1534 2626 ,
1561 2588 1643 2618 nec

165 2663 304 2693 unum
331 2646 388 2694 ab
415 2647 553 2695 altero
584 2645 780 2710 dispesci
804 2663 1015 2710 umquam
1041 2662 1190 2709 posse.
1208 2646 1316 2692 Nam
1341 2663 1395 2693 ex
1418 2656 1644 2694 contractu

168 2722 217 2769 fit
250 2734 591 2779 sacramentum,
631 2733 674 2769 et
704 2739 781 2787 per
817 2733 1144 2769 sacramentum
1179 2733 1280 2770 actu
1312 2733 1562 2771 contractus
1599 2724 1642 2768 in

166 2816 249 2845 suo
282 2815 383 2846 esse
417 2800 698 2848 constituitur
732 2808 865 2862 atque
900 2799 1150 2863 perficitur;
1180 2799 1341 2847 exinde
1376 2799 1513 2847 oritur
1547 2799 1644 2847 vin-
