1918 3186
414 200 504 231 cn.
524 198 555 230 ι.
578 197 630 230 nn
654 196 828 231 numu.
851 196 1000 229 emus
1022 195 1200 228 mrum.
1222 195 1378 228 tumn.
1539 181 1630 226 223

152 289 293 325 ratum
330 276 483 324 haberi
519 276 662 340 possit
693 292 841 324 coram
874 274 1147 324 conscientia
1183 273 1429 336 (nimirum
1463 272 1632 321 adulte-

148 356 265 401 rium
297 355 417 401 iuxta
451 352 856 416 interpretationem
902 350 1243 415 protestantium
1261 352 1307 413 );
1345 360 1416 398 ast
1455 367 1509 398 ex
1547 350 1634 398 hoc

150 447 392 496 numquam
427 429 654 494 quispiam
689 428 854 475 inferre
881 427 1045 491 poterit
1073 427 1271 475 voluisse
1299 426 1528 474 Christum
1563 444 1633 475 re·

149 507 298 571 gulam
316 506 473 569 figere,
496 522 549 552 ac
567 505 806 552 decernere
828 520 1065 568 quousque
1090 504 1201 567 leqes
1223 504 1372 551 civiles
1394 503 1632 551 divortium

149 582 323 646 possint
351 581 616 645 permittere.
647 580 1020 645 Quandoquidem
1056 580 1182 635 ratio,
1211 597 1299 645 qua
1324 580 1421 645 ipse
1454 579 1635 645 exponit

146 651 471 721 legislationem
490 657 731 705 mosaicam
751 656 906 703 Matth.
924 656 1037 702 XIX.
1058 657 1083 701 8
1103 672 1232 720 seqq.
1250 656 1463 704 iustificat
1486 656 1630 720 legem

146 734 337 790 civilem,
369 751 486 798 quae
514 733 658 797 magis
682 733 1042 781 accommodatur
1063 732 1309 795 exigentiae
1333 733 1521 780 actualis
1544 744 1633 780 sta·

147 820 218 858 tus
242 809 423 856 moralis
438 847 448 866 ‚
478 827 612 874 quam
636 809 756 874 quod
780 819 1084 874 expectaretur
1106 825 1133 854 a
1156 807 1421 871 coniugibus
1447 808 1505 855 ad
1530 826 1631 874 per-

146 885 307 932 fectum
341 886 592 933 officiorum
621 886 966 933 christianorum
989 881 1383 949 complementum,
1423 901 1633 949 quaeque

146 962 262 1025 exigi
293 973 519 1027 nequeunt
552 962 789 1010 violentiae
816 979 899 1027 ope
927 963 1078 1023 (28).»

243 1038 418 1086 Scilicet
451 1056 504 1085 ex
534 1038 619 1085 hoc
652 1038 993 1103 protestantium
1027 1036 1205 1085 oraculo
1238 1036 1352 1085 bene
1387 1046 1532 1101 potest
1566 1036 1630 1083 le-

143 1113 321 1177 gislatio
356 1113 500 1161 civilis
519 1152 529 1170 ,
567 1114 773 1178 quamvis
805 1114 1011 1161 Christus
1035 1131 1115 1178 pro
1138 1112 1328 1161 ecclesia
1352 1130 1434 1160 sua
1457 1122 1631 1160 contra-

145 1191 259 1238 rium
275 1191 487 1247 edixerit,
510 1191 762 1255 permittere
781 1190 971 1239 divortia
987 1208 1014 1238 a
1031 1190 1210 1238 Christo
1233 1189 1459 1253 abrogata.
1489 1189 1630 1237 Immo

143 1267 247 1315 licet
272 1267 350 1332 qui
383 1267 567 1314 dimittit
599 1285 780 1315 uxorem
815 1285 943 1315 suam
968 1267 1024 1315 ad
1051 1266 1185 1314 aliam
1219 1265 1487 1323 ducendam,
1527 1283 1630 1313 reus

145 1344 222 1391 fiat
253 1343 462 1390 adulterii
497 1360 646 1391 coram
678 1345 798 1401 Deo,
836 1353 983 1408 potest
1022 1353 1169 1391 tamen
1211 1342 1356 1391 civilis
1401 1341 1624 1406 legislatio

141 1418 331 1467 divortia
364 1419 608 1466 concedere
630 1430 675 1467 et
697 1419 1010 1476 cohonestare,
1038 1436 1095 1466 ne
1114 1417 1321 1466 'videatur
1343 1417 1434 1465 vim
1464 1417 1628 1464 inferre

141 1495 442 1543 conscientiae
476 1495 624 1552 illius,
653 1495 731 1560 qui
756 1496 930 1543 frenum
953 1494 1174 1543 eiusmodi
1198 1494 1397 1551 mordet,
1427 1511 1508 1541 nec
1530 1493 1627 1541 vult

141 1588 192 1618 se
224 1571 391 1618 Christi
425 1571 512 1634 legi
547 1571 823 1619 submittere.
854 1571 996 1636 quue
1020 1571 1104 1619 sub
1128 1581 1382 1637 praetextu,
1413 1570 1534 1637 quod
1558 1587 1627 1617 re-

142 1646 320 1710 ligionis
345 1646 526 1712 quidem
551 1647 611 1693 sit
634 1646 867 1695 interiores
891 1647 1081 1695 affectus
1105 1646 1340 1705 moderari,
1363 1646 1420 1694 ad
1445 1645 1626 1710 legisla-

142 1724 305 1771 tionem
329 1740 432 1771 vero
457 1733 627 1787 spectet
654 1723 830 1771 civilem
853 1724 1112 1789 prospicere
1135 1724 1308 1772 actibus
1333 1723 1626 1772 exterioribus

142 1799 421 1848 subditorum
448 1799 506 1846 ad
528 1800 695 1847 bonum
718 1801 962 1848 societatis.
990 1800 1135 1866 Atque
1157 1800 1376 1849 eiusmodi
1407 1811 1513 1848 sunt
1546 1817 1627 1864 pa-

143 1875 335 1933 radoxa,
373 1893 488 1940 quae
522 1876 643 1940 apud
675 1876 825 1941 plures
861 1877 908 1923 in
942 1876 1194 1941 praesentia
1227 1876 1453 1934 obtinent,
1490 1894 1625 1942 quae-

141 1968 230 2015 que
261 1951 436 2015 legibus
469 1952 715 2000 condendis
752 1952 951 2016 regulam
984 1952 1217 2018 praebent.

237 2027 375 2076 Nobis
406 2045 509 2076 vero
554 2027 685 2076 liceat
717 2046 771 2076 ex
804 2028 1021 2076 hactenus
1068 2029 1163 2078 sive
1198 2028 1444 2077 theoretice
1473 2066 1483 2085 ,
1528 2027 1625 2076 sive

140 2102 336 2167 practice
360 2102 612 2151 constitutis
636 2103 899 2152 concludere
914 2141 924 2161 ‚
947 2122 1026 2169 per
1045 2104 1198 2153 civilia
1219 2104 1427 2168 coniugia
1444 2103 1625 2152 omnino

140 2178 343 2242 derogari
379 2178 578 2225 firmitati
605 2178 857 2236 absolutae,
895 2197 977 2228 seu
1010 2179 1393 2229 indissolubilitati
1428 2179 1624 2244 coniugii

139 2253 400 2311 christiani,
439 2254 618 2319 qualem
653 2272 812 2320 nempe
844 2255 985 2303 voluit
1017 2255 1224 2303 Christus
1249 2256 1296 2303 in
1319 2255 1508 2304 ecclesia
1542 2272 1626 2304 sua

138 2347 240 2379 esse
274 2341 550 2395 perpetuam.
574 2331 668 2379 Hoc
696 2331 892 2395 profecto
916 2349 1004 2379 non
1028 2332 1260 2395 ignorant,
1288 2332 1365 2397 qui
1389 2331 1511 2380 omni
1534 2340 1625 2397 qua

137 2417 325 2472 possunt
340 2407 562 2455 industria
576 2418 619 2455 et
636 2407 806 2456 ratione
829 2426 1086 2472 promovere
1109 2420 1320 2473 satagunt
1342 2409 1483 2473 legem
1508 2409 1622 2458 adeo

139 2484 434 2547 perniciosam
463 2484 520 2531 de
553 2484 834 2532 matrimonio
869 2485 1017 2542 civili,
1046 2496 1089 2533 et
1113 2486 1277 2533 nedum
1312 2486 1368 2533 ab
1402 2485 1623 2534 eiusmodi

139 2561 413 2609 consectario
445 2560 533 2626 legi
567 2561 656 2626 ipsi
691 2561 827 2610 insito
861 2579 949 2611 non
984 2561 1249 2619 abhorrent,
1292 2556 1446 2610 verum
1489 2562 1622 2610 etiam

140 2650 240 2682 eam
283 2635 425 2699 legem
468 2648 695 2703 tamquam
739 2638 1083 2687 instrumentum
1129 2638 1380 2704 provehunt
1411 2639 1467 2687 ad
1502 2639 1625 2688 hunc

237 2758 305 2799 (28)
327 2760 363 2791 ln
378 2769 431 2802 op.
439 2764 637 2803 germanice:
649 2765 831 2806 principia
843 2765 933 2797 tures
941 2764 1102 2797 eanmuct
1113 2763 1369 2798 cothonem-um
1381 2765 1418 2798 ec
1427 2766 1622 2807 procuran-

143 2811 232 2842 tium
245 2811 281 2843 in
298 2813 483 2847 Germania
497 2823 570 2857 cap.
588 2816 629 2848 Π.
