1912 3180
189 195 280 227 cir.
304 194 362 227 iv.
381 194 433 226 ns
451 192 607 226 Ancon.
630 192 706 225 rno
724 191 829 225 tizan
852 191 905 224 ns
923 192 1049 225 nnn.
1071 191 1155 225 civ.
1178 191 1271 224 nr.
1296 193 1326 225 1.
1442 176 1531 223 367

61 282 336 322 contractum
363 273 538 318 irritum
560 288 612 318 ac
629 271 800 317 nullum
821 287 929 325 esse,
958 287 1011 318 eo
1033 270 1153 335 quod
1178 270 1378 319 redditus
1400 269 1534 319 fuerit
1593 329 1596 332 Δ

62 350 121 397 ad
150 348 502 398 contrahendum
529 346 758 394 inhabilis.
781 345 892 392 Nam
922 346 1039 411 «qui
1067 345 1221 404 aliter,
1248 363 1383 412 quam
1407 363 1537 412 prae-

62 435 187 472 sente
217 423 411 489 parocho
428 460 438 479 ,
467 422 612 486 inquit
636 419 947 477 tridentinum,
974 421 1044 469 vel
1079 422 1168 470 alio
1202 422 1455 480 sacerdote,
1482 422 1540 471 de

66 500 211 565 ipsius
240 498 423 564 parochi
448 515 528 546 seu
551 495 764 545 ordinarii
788 495 988 552 licentia,
1017 507 1061 544 et
1085 497 1278 555 duobus,
1303 497 1374 546 vel
1396 498 1540 547 tribus

64 575 279 632 testibus,
311 574 639 622 matrimonium
675 571 935 622 contrahere
969 574 1267 631 attentabunt,
1295 591 1373 623 eos
1397 593 1435 623 s.
1458 575 1542 641 Sy-

65 652 209 700 nodus
233 651 291 698 ad
313 653 378 698 sic
400 649 735 698 contrahendum
757 650 926 696 omnino
949 649 1166 698 inhabiles
1188 651 1356 707 reddit,
1389 662 1433 700 et
1454 652 1540 700 hu-

64 727 257 776 iusmodi
291 743 552 775 coNrnAcTus
586 742 748 776 numos
771 742 822 774 m·
845 741 1004 775 nonnos
1027 743 1128 775 esse
1151 726 1375 785 decernit,
1409 739 1543 794 prout

64 821 142 852 eos
178 803 398 869 praesenti
433 803 610 851 decreto
644 803 792 851 irritos
826 802 956 860 facit,
982 812 1027 851 et
1057 803 1310 851 annullat.»
1334 804 1420 861 Qui
1444 822 1544 870 pro-

67 880 173 927 inde
201 897 251 927 se
279 879 523 928 catholicos
557 879 721 928 iactant
752 896 855 927 esse
888 879 1112 936 sinceros,
1150 879 1414 929 debuissent
1440 891 1544 929 ante

68 956 220 1004 omnia
248 956 305 1003 ad
335 955 421 1004 hoc
449 955 677 1006 attendere
699 956 923 1004 decretum
938 994 948 1012 ,
977 973 1066 1022 quo
1088 973 1177 1005 non
1202 956 1346 1005 solum
1369 956 1544 1005 irritum

63 1041 384 1080 sacramentum
398 1068 410 1087 ,
440 1031 519 1079 sed
543 1042 587 1079 et
610 1032 759 1096 ipsum
794 1032 967 1080 irritum
996 1049 1049 1080 ac
1078 1031 1247 1081 nullum
1275 1042 1547 1082 contractum

71 1125 174 1157 esse
205 1108 475 1156 decernitur.

167 1185 318 1234 Talem
355 1186 504 1252 reipsa
538 1203 640 1235 esse
674 1197 864 1235 mentem
910 1186 1087 1235 concilii
1131 1187 1358 1235 tridentini
1397 1197 1549 1253 aperte

74 1261 340 1327 pronunciat
370 1262 636 1311 Benedictus
667 1263 780 1310 XIV.
819 1283 841 1308 «
875 1263 960 1320 Qui
1001 1273 1177 1328 praeter
1220 1263 1405 1312 formam
1439 1281 1467 1312 a
1499 1280 1550 1312 se

75 1339 397 1404 praescriptam
436 1340 767 1389 matrimonium
808 1341 1068 1388 contrahere
1106 1351 1351 1397 attentant,
1396 1355 1549 1388 eorum

75 1415 317 1464 tridentina
336 1416 539 1481 synodus
559 1434 647 1465 non
666 1428 990 1465 sacramentum
1014 1416 1163 1474 modo,
1187 1416 1268 1465 sed
1286 1425 1551 1464 contractum

74 1495 217 1556 ipsum
250 1493 426 1540 irritum
454 1493 620 1540 diserte
651 1494 934 1558 pronuntiat,
973 1504 1105 1559 atque
1138 1510 1217 1542 eos
1251 1493 1310 1541 ad
1343 1493 1411 1542 sic
1444 1510 1551 1541 eon-

76 1567 340 1616 trahendum
374 1570 544 1615 omnino
578 1569 817 1624 inhabiles,
846 1579 890 1617 et
922 1569 1180 1618 huiusmodi
1214 1579 1469 1618 contractus
1490 1570 1550 1616 ir-

75 1646 182 1692 ritos
215 1661 316 1693 esse
349 1644 547 1693 decernit
576 1647 727 1708 (36).»
749 1645 810 1692 Ac
835 1663 1009 1694 rursum
1046 1645 1151 1693 Pius
1185 1646 1259 1692 IX.
1289 1645 1336 1693 in
1370 1645 1552 1693 damna-

80 1722 198 1770 tione
231 1739 335 1787 opp.
359 1723 407 1770 lo
430 1721 729 1787 Nepomuceni
763 1723 931 1787 Nuytz,
958 1732 1007 1770 ut
1038 1721 1152 1770 alias
1184 1721 1404 1778 vidimus,
1432 1721 1552 1769 idem

79 1797 221 1846 docet.

182 1874 453 1929 Contractus,
483 1875 561 1939 qui
581 1885 763 1922 vocatur
787 1875 928 1922 civilis
952 1875 1239 1929 matrimonii,
1262 1890 1351 1921 non
1373 1883 1442 1921 est
1465 1873 1553 1922 nisi

86 1966 240 1997 recens
267 1950 495 1998 inventum
520 1950 599 1998 toti
624 1950 895 1999 christianae
928 1950 1183 2015 antiquitati
1218 1949 1490 2013 incognitum
1513 1960 1557 1998 et

85 2026 334 2075 inauditum
348 2065 358 2084 ,
379 2038 428 2074 ut
445 2044 472 2075 a
488 2027 618 2076 nobis
642 2027 990 2076 demonstratum
1007 2037 1089 2075 est.
1107 2027 1153 2073 Si
1172 2027 1389 2090 viguisset
1405 2026 1553 2074 medio

85 2119 194 2151 aevo
223 2120 337 2151 nova
367 2102 478 2151 haec
506 2103 735 2152 distinctio
768 2104 882 2151 inter
914 2113 1184 2151 contractum
1219 2102 1395 2150 civilem
1418 2112 1462 2150 et
1483 2119 1556 2150 sa-

87 2189 360 2227 cramentum
384 2218 394 2237 ,
434 2179 627 2246 profecto
660 2180 782 2228 illius
816 2180 973 2228 aetatis
1008 2180 1322 2245 imperatores,
1350 2195 1479 2242 reges
1504 2194 1557 2226 ac

90 2255 347 2321 principes,
397 2256 475 2321 qui
520 2267 749 2322 tantopere
791 2256 1024 2303 inhiabant
1057 2255 1225 2321 nuptiis
1259 2255 1456 2312 illicitis,
1494 2264 1559 2302 tot

89 2332 392 2381 contentiones
421 2351 522 2381 cum
557 2333 800 2398 apostolica
834 2333 940 2382 sede
963 2371 973 2389 ‚
1014 2349 1130 2398 quae
1163 2332 1338 2380 illorum
1374 2331 1557 2379 nefariis

89 2409 321 2458 conatibus
356 2409 525 2457 fortiter
560 2427 611 2457 se
644 2427 694 2458 se
725 2409 1001 2475 opponebat,
1030 2426 1118 2457 non
1153 2408 1439 2465 habuissent,
1476 2425 1559 2456 nec

92 2495 308 2550 tyrannus
334 2486 553 2534 Henricus
582 2487 695 2533 v111.
724 2504 774 2535 se
799 2503 851 2535 ac
884 2503 1067 2550 regnum
1101 2486 1158 2533 ab
1191 2485 1380 2533 ecclesia
1412 2484 1559 2533 catho-

94 2561 179 2609 lica
202 2563 411 2611 scidisset
435 2573 535 2627 post
557 2562 797 2611 exhaustas
820 2579 975 2610 omnes
1001 2562 1351 2610 machinationes
1368 2561 1425 2609 ad
1443 2578 1553 2609 rom.

95 2637 349 2701 pontificem
389 2638 750 2704 expugnandum.
788 2640 897 2687 Nam
937 2638 1188 2702 potuissent
1220 2637 1449 2687 commode
1482 2655 1562 2703 per

192 2817 258 2857 (36)
277 2819 311 2849 ln
334 2817 439 2849 Brevi
460 2816 508 2849 ad
529 2816 694 2849 Hocland.
714 2818 907 2850 missionar.
927 2818 975 2849 14.
991 2816 1078 2858 Sept.
1098 2817 1187 2848 1746.
