1912 3180
337 193 423 237 326
610 205 688 234 unss
720 203 750 233 1.
782 202 894 233 secr.
923 202 1094 233 Anu-zm.
1125 202 1176 233 nr:
1201 202 1372 234 mrum.
1403 201 1543 235 c1v1u.

336 295 493 331 nuente
518 283 721 344 coniuge.
753 281 830 326 Ast
857 281 896 327 is
918 298 1007 327 non
1032 280 1342 328 animadvertit
1371 292 1420 327 ut
1447 281 1685 345 plurimum
1716 285 1809 332 fee-

335 361 499 405 minam
545 374 671 413 esse,
722 375 836 421 quae
881 374 1147 405 consensum
1190 358 1350 405 elicere
1391 357 1519 406 vellet
1555 375 1702 406 coram
1732 375 1811 414 ecf-

336 435 472 481 clesia
491 471 500 489 ‚
528 450 643 498 quae
671 445 829 480 natura
853 451 933 481 sua
956 434 1120 481 debilis
1157 451 1209 480 ac
1246 433 1422 481 infirma
1457 445 1527 482 est
1547 472 1557 489 ‚
1597 435 1810 500 timetque

335 527 383 556 se
415 525 562 555 coram
588 509 847 573 magistratu
873 509 992 557 hunc
1016 511 1061 556 in
1088 509 1219 556 finem
1248 510 1434 566 sistere;
1465 509 1651 575 insuPer
1672 527 1815 575 quae-

336 586 526 641 stiones,
549 602 664 650 quae
681 586 857 633 institui
882 586 1116 640 deberent,
1141 586 1351 650 temporis
1379 603 1547 634 moram
1562 598 1813 652 exposcunt

336 673 469 727 atque
493 662 722 727 impensas
739 701 750 719 ,
779 674 1015 727 antequam
1040 662 1095 709 ad
1123 663 1388 710 sententiam
1414 664 1815 728 separationissdess-

335 740 554 786 veniatur.
594 739 775 787 Interim
811 740 910 803 ipsa
950 738 1180 786 molestias
1215 756 1267 786 ac
1296 739 1556 787 vexationes
1602 739 1770 803 patitur
1797 777 1807 795 ,

336 816 445 881 quid
473 816 606 878 igitur
636 833 693 864 eo
727 816 939 880 temporis
968 815 1199 863 intervallo
1228 828 1353 879 aget,
1395 827 1470 863 aut
1502 816 1727 880 quomodo
1763 833 1813 863 se

337 892 491 955 geret?
516 892 686 941 Deinde
713 891 933 939 eiusmodi
963 891 1165 940 clausula
1198 909 1345 940 nonne
1378 893 1489 940 soret
1521 892 1636 956 legis
1667 893 1812 959 ipsius

338 969 589 1025 damnatio,
630 979 720 1015 tum
762 969 868 1033 quia
903 968 1019 1016 sacto
1053 969 1153 1033 ipso
1187 969 1496 1016 ostenderetur
1538 970 1583 1016 in
1625 969 1812 1017 dubium

340 1045 533 1092 revocari
570 1044 893 1107 legitimitatem
921 1044 1119 1092 civilium
1155 1045 1436 1110 nuptiarum3
1466 1057 1559 1092 tum
1594 1046 1814 1110 quia'e'a-

339 1120 541 1167 rumdem
571 1119 965 1168 di'ssolubilitatem
1001 1120 1069 1167 lex
1105 1121 1206 1185 ipsa
1240 1120 1533 1169 decerneret?
1550 1121 1643 1169 Hoc
1677 1122 1816 1184 igitur

340 1196 550 1259 effugium
587 1196 728 1259 legem
764 1197 880 1244 hanc
915 1214 940 1243 a
974 1197 1176 1261 nequitia
1199 1215 1287 1244 non
1312 1197 1527 1253 solveret,
1555 1198 1639 1245 sed
1669 1197 1815 1244 solum

340 1273 682 1338 imprudentiam
718 1272 985 1336 legislatoris
1021 1273 1301 1337 patefaceret.

436 1350 692 1406 Praeterea,
727 1350 766 1396 si
792 1350 868 1414 qui
900 1349 1087 1405 horum,
1118 1350 1194 1414 qui
1221 1351 1401 1397 inierint
1424 1350 1579 1397 civiles
1603 1348 1813 1415 nuptias,

341 1426 560 1472 scenicam
601 1442 728 1472 suam
763 1425 1139 1482 coniunctionem,
1168 1443 1301 1489 quam
1325 1426 1492 1490 optime
1524 1437 1684 1474 norunt
1718 1426 1821 1472 nul-

342 1502 429 1549 lius
453 1517 553 1549 esse
570 1501 752 1558 valoris,
774 1501 938 1549 vellent
961 1501 1206 1549 dissolvere
1223 1541 1233 1558 ,
1263 1519 1402 1567 seque
1424 1519 1525 1550 cum
1552 1502 1690 1550 altera
1713 1519 1820 1550 con-

342 1580 444 1641 iuge
468 1578 666 1641 legitimo
690 1589 935 1643 sanctoque
958 1578 1134 1626 vinculo
1156 1577 1456 1641 obstringere,
1485 1578 1515 1624 ii
1540 1596 1621 1643 per
1642 1578 1783 1642 legem
1805 1617 1814 1634 ‚

342 1672 459 1719 quae
499 1654 649 1702 civilia
691 1655 834 1702 sancit
874 1655 1082 1718 coniugia
1106 1693 1115 1711 ,
1161 1655 1297 1702 insita
1338 1654 1540 1702 libertate
1573 1655 1630 1702 ad
1664 1670 1818 1702 verum

343 1733 671 1779 matrimonium
707 1731 951 1779 ineundum
977 1731 1021 1777 in
1047 1731 1159 1778 facie
1182 1731 1396 1778 ecclesiae
1431 1732 1676 1796 privantur.
1706 1732 1816 1778 Nam

343 1808 411 1854 lex
432 1808 478 1853 in
497 1807 591 1855 foro
615 1825 698 1855 suo
715 1809 780 1855 uti
801 1808 1046 1872 legitimum
1070 1808 1206 1855 habet
1229 1807 1360 1855 civile
1384 1808 1640 1871 coniugium
1661 1846 1670 1864 ‚
1700 1808 1820 1855 ideo-

343 1901 430 1949 que
455 1884 650 1951 exceptis
685 1885 862 1933 divortii
899 1885 1049 1933 causis
1074 1885 1131 1932 ab
1148 1884 1304 1933 eadem
1329 1885 1425 1950 lege
1450 1885 1630 1932 statutis
1645 1922 1656 1942 ,
1682 1884 1820 1932 viola·

346 1962 508 2009 tionem
537 1961 746 2008 connubii
782 1977 930 2009 coram
954 1961 1215 2024 magistratu
1242 1961 1339 2008 initi
1366 1976 1608 2026 numquam
1637 1961 1820 2025 permit·-

347 2047 422 2094 tet,
445 2047 522 2083 aut
540 2036 784 2101 aliquando
802 2038 1056 2102 permittere
1074 2037 1248 2102 poterit,
1272 2037 1311 2084 si
1331 2037 1416 2084 sibi
1435 2037 1672 2084 cohaerere
1687 2036 1815 2092 velit;

345 2113 499 2161 civiles
535 2113 743 2160 nimirum
783 2114 1072 2177 magistratus
1114 2114 1380 2161 sententiam
1416 2114 1564 2161 dicent
1607 2113 1822 2161 adversus

346 2206 446 2237 eum
464 2206 485 2246 ,¹
505 2190 582 2255 qui
607 2190 706 2236 sine
730 2207 868 2237 causa
891 2190 1067 2238 divortii
1088 2190 1231 2254 alege
1252 2200 1418 2238 statuta
1437 2191 1701 2254 resipiscere
1721 2206 1825 2238 con·

348 2266 559 2313 tenderet.
574 2265 689 2313 Hinc
703 2278 902 2331 apparet,
915 2266 1139 2332 quomodo
1152 2266 1221 2314 lex
1230 2267 1440 2315 sanciens
1453 2265 1602 2317 civilia
1615 2267 1822 2329 coniugia

348 2344 434 2390 vim
461 2343 621 2390 inserat
645 2344 970 2400 conscientiae,
994 2343 1242 2391 libertatem
1266 2342 1391 2391 tollat
1413 2341 1608 2406 legitime
1626 2341 1823 2389 nubendi

350 2421 393 2465 in
418 2420 532 2466 facie
557 2419 791 2476 ecclesiae,
814 2437 867 2467 ac
889 2420 1076 2485 proinde
1101 2419 1361 2468 consulendi
1389 2419 1596 2484 propriae
1616 2418 1765 2465 saluti.

443 2497 587 2544 Maius
622 2497 756 2545 robur
791 2497 910 2544 idem
945 2508 1256 2560 argumentum
1291 2496 1482 2561 acquirit
1505 2511 1557 2543 ex
1582 2512 1662 2551 eo,
1699 2496 1822 2559 quod

351 2574 416 2619 lex
443 2590 521 2637 per
546 2573 768 2621 fictionem
794 2573 980 2636 legalem
1004 2572 1235 2620 abstrahat
1262 2590 1316 2620 ac
1344 2571 1627 2637 praescindat
1661 2588 1687 2618 a
1722 2571 1824 2618 reli-

349 2650 502 2710 gione,
533 2650 703 2698 scilieet
719 2650 784 2696 'ab
807 2649 1256 2706 ecclesiacatholica,
1285 2650 1330 2695 in
1356 2648 1452 2696 suis
1474 2647 1693 2694 articulis.
1726 2645 1825 2703 Quo

350 2724 421 2781 fit,
461 2737 508 2772 ut
543 2743 623 2773 nec
659 2723 947 2790 recognoscat
980 2725 1299 2790 impedimenta
1339 2723 1394 2771 ab
1429 2724 1618 2772 ecclesia
1664 2724 1825 2771 consti-

352 2812 466 2856 tuta,
507 2820 556 2849 ac
591 2820 729 2859 nova,
769 2820 886 2867 quae
918 2803 975 2851 ab
1010 2802 1200 2850 ecclesia
1233 2818 1322 2848 non
1359 2801 1677 2857 admittuntur,
1719 2800 1826 2847 sub—-
