1912 3180
341 154 429 198 240
594 167 674 198 un.
703 167 734 198 1.
763 165 876 197 ssc‘r.
907 163 1079 198 ursini.
1110 165 1161 197 ns
1197 166 1370 198 uirium.
1399 167 1539 200 civm.

338 246 492 293 ordine
524 243 660 299 reali,
697 244 790 306 iugi
814 243 1110 309 experimento
1138 243 1287 307 reipsa
1319 243 1517 292 obtinere
1550 249 1805 311 comproba-

338 332 420 367 tur.
455 320 539 366 Fac
574 319 705 367 modo
739 319 956 367 eiusmodi
981 319 1186 382 coniugia
1209 318 1357 367 civilia
1381 322 1559 383 augeri,
1587 339 1638 369 ac
1662 341 1805 388 aequa

337 395 617 459 proportione
642 395 883 460 pessimam
911 395 1108 443 sobolem
1139 395 1222 442 sub
1251 397 1481 443 recensitis
1509 398 1727 462 auspiciis
1753 417 1806 447 ac

336 489 481 518 rerum
516 471 740 519 adiunctis
772 472 1028 519 societatem
1062 471 1302 536 pervadere
1319 510 1328 528 ,
1373 472 1587 537 quidnam
1629 475 1713 521 erit
1751 475 1806 523 de

335 546 514 611 publica
545 564 718 595 morum
752 548 984 595 sanctitate
1016 564 1068 594 ac
1102 547 1374 595 honestate?
1410 549 1627 596 Nimirum
1661 552 1805 598 omni-

333 641 474 686 genae
503 624 724 671 foeditatis
753 624 965 671 colluvies
990 623 1046 670 ad
1071 623 1213 671 instar
1243 624 1442 672 fluminis
1473 626 1739 674 exundantis
1762 637 1807 674 et

333 717 464 764 agros
483 700 571 748 late
589 700 902 765 depopulantis
920 699 1156 764 irrumpet,
1173 700 1387 765 brevique
1406 702 1630 749 societatis
1649 720 1804 750 omnes

332 776 501 824 classes
534 776 727 832 inficiet,
754 777 943 839 eiusque
970 775 1304 822 fundamentum
1332 777 1567 824 concutiet.
1593 777 1711 825 Talis
1735 788 1804 825 est

332 853 476 900 exitus
509 852 815 916 coniugiorum
851 851 1073 906 civilium,
1101 862 1145 898 et
1173 851 1247 916 qui
1273 869 1326 899 ea
1350 864 1606 917 promovent
1640 854 1804 901 favent-

331 947 444 994 que,
472 930 654 976 exitium
681 927 878 976 societati
909 928 1087 992 pariunt
1110 939 1247 993 atque
1269 939 1506 976 extremam
1536 930 1799 993 perniciem,

331 1003 494 1052 lentam
528 1005 737 1069 quidem,
773 1003 853 1051 sed
883 1003 1065 1050 omnino
1097 1014 1289 1060 certam;
1319 1021 1419 1051 cum
1445 1004 1614 1062 scilicet
1637 1005 1684 1051 hi
1709 1023 1805 1070 per-

330 1080 489 1128 niciosi
526 1081 707 1129 fructus
730 1079 1114 1126 aii-maturitatem
1150 1079 1444 1143 pervenerint.

427 1156 472 1202 Si
497 1156 574 1220 qui
598 1173 704 1203 vero
728 1166 832 1203 sunt
856 1155 961 1202 huic
983 1155 1120 1203 classi
1143 1156 1432 1212 accensendi,
1464 1156 1635 1221 absque
1668 1157 1803 1205 dubie

330 1232 499 1296 primas
524 1232 748 1288 obtinent,
778 1231 855 1296 qui
880 1231 1021 1294 legem
1054 1231 1197 1296 ipsam
1228 1231 1516 1279 sanciendam
1551 1243 1804 1296 proponunt

329 1308 385 1356 de
409 1308 630 1372 coniugiis
655 1308 889 1365 civilibus,
913 1326 1180 1373 omnemque
1203 1318 1379 1356 movent
1397 1308 1614 1372 lapidem,
1641 1318 1690 1355 ut
1712 1309 1805 1356 suf-

330 1384 570 1447 fragiorum
608 1384 906 1450 pluralitatem
945 1385 1188 1432 obtineant.
1229 1384 1315 1440 Qui
1351 1385 1413 1432 ita
1447 1394 1587 1447 agunt
1617 1385 1803 1432 manife-

329 1471 450 1507 stant
467 1461 530 1508 nil
548 1461 672 1508 aliud
691 1461 778 1508 sibi
797 1462 1071 1527 propositum
1090 1461 1254 1508 habere
1269 1499 1278 1517 ,
1307 1479 1441 1525 quam
1465 1471 1514 1507 ut
1539 1461 1802 1509 catholicam

329 1537 577 1584 doctrinam
613 1538 896 1602 impugnent,
933 1554 985 1584 ac
1018 1537 1140 1584 omni
1167 1554 1257 1601 qua
1291 1547 1480 1601 possunt
1515 1554 1598 1601 ope
1632 1555 1803 1584 morum

330 1614 622 1679 corruptelam
659 1614 787 1678 longe
820 1614 996 1679 lateque
1030 1613 1284 1660 diffundant
1314 1612 1398 1659 sub
1423 1630 1683 1677 progressus
1720 1614 1803 1660 hu—

329 1690 554 1737 manitarii
588 1690 785 1738 obtentu.
810 1690 906 1738 Nisi
932 1690 988 1737 ab
1014 1690 1098 1737 hoc
1121 1707 1259 1737 censu
1294 1690 1513 1754 quosdam
1541 1689 1650 1737 velis
1684 1690 1801 1737 exci-

330 1784 434 1830 pere
454 1804 464 1823 ,
502 1767 864 1831 quiignorantia
892 1766 1125 1822 laborant,
1165 1783 1217 1813 ac
1255 1765 1606 1829 sophismatibus
1630 1766 1798 1830 specio-

331 1842 485 1907 sisque
509 1842 713 1906 pluribus
737 1853 870 1907 atque
893 1841 1212 1907 apparentibus
1247 1841 1519 1904 argumentis
1548 1841 1728 1905 decepti
1745 1842 1801 1889 ad

329 1936 564 1984 pravorum
600 1918 838 1966 consilium
869 1918 1147 1983 probandum
1181 1927 1517 1982 permoventur,
1556 1917 1664 1981 quin
1699 1934 1802 1965 con—

329 1996 578 2043 secutiones
613 1995 812 2042 indidem
847 1995 1154 2060 provenientes
1195 1995 1468 2060 pervideant.

424 2071 578 2129 Nobis,
606 2072 683 2136 qui
709 2089 800 2119 rem
835 2082 962 2137 prout
986 2072 1031 2118 in
1055 2089 1105 2119 se
1126 2082 1210 2128 est,
1239 2071 1536 2136 spectavimus
1552 2108 1562 2127 ,
1595 2088 1648 2117 ex
1682 2087 1801 2135 prae-

327 2149 482 2196 missis
512 2148 775 2196 concludere
800 2149 889 2195 iam
916 2148 1046 2196 liceat
1062 2187 1072 2204 ,
1107 2148 1234 2195 civile
1254 2147 1506 2211 coniugium
1536 2158 1693 2194 natura
1717 2163 1798 2193 sua

328 2224 534 2288 publicae
567 2223 790 2272 honestati
825 2225 1078 2280 adversari,
1106 2233 1149 2271 et
1178 2223 1263 2270 sub
1290 2222 1449 2287 quovis
1476 2231 1679 2286 respectu
1705 2238 1798 2268 mo·

329 2319 425 2348 rum
468 2301 761 2366 corruptelam
802 2318 1058 2366 promovere
1085 2339 1094 2357 ,
1140 2301 1185 2346 in
1220 2317 1407 2364 eamque
1451 2297 1698 2345 certissime
1731 2298 1798 2343 in-

327 2377 512 2433 ducere,
547 2387 677 2441 prout
700 2377 745 2423 in
779 2376 913 2424 huius
948 2376 1123 2423 articuli
1157 2375 1468 2423 enunciatione
1497 2373 1800 2421 demonstran·

328 2454 433 2500 dum
469 2453 812 2518 assumpsimus.
