1912 3180
296 170 406 227 ,338
560 185 640 215 un.
669 184 696 213 1.
727 182 867 214 suerio
903 184 1072 216 ALTERA.
1102 185 1153 216 ni:
1178 186 1351 218 uirum.
1381 185 1523 218 CIVILI.

410 265 589 327 lamque
605 263 794 326 digressi
815 280 969 325 sumus
988 263 1033 308 in
1053 262 1239 309 alterum
1259 263 1470 311 motivum
1490 280 1629 310 novae
1649 265 1781 314 istius
1800 307 1803 310 .

315 339 610 387 instituendae
645 340 757 403 legis
791 357 843 386 ac
871 340 1007 387 veteri
1039 339 1350 396 sufficiendae;
1380 357 1539 405 nempe
1556 342 1782 405 principia

313 416 466 478 quibus
483 418 650 479 reqitur
665 434 821 463 novum
837 416 1115 480 subalpinum
1129 416 1400 480 quberm'u-m.
1417 416 1644 472 Quaenam
1664 417 1783 481 prin-

312 491 431 554 cipia
457 491 566 538 haec
599 492 645 537 in
679 492 829 557 specie
853 492 944 539 sint
962 530 972 548 ‚
1002 492 1209 556 nuspiam
1233 492 1344 539 satis
1368 509 1582 557 expressa
1610 492 1778 557 reperi;

313 567 350 612 si
378 576 525 613 tamen
562 567 839 615 coniecturae
872 568 995 615 locus
1029 566 1204 614 dandus
1237 576 1306 613 est
1337 584 1391 613 ex
1425 566 1553 615 factis
1588 567 1784 632 publicis

311 660 362 689 30
390 643 756 709 notoriis‚,quae
785 644 870 692 sibi
907 644 1096 690 invicem
1129 643 1289 707 raptim
1327 643 1594 701 succedunt,
1626 661 1784 709 opero-

311 737 409 765 sum
444 737 531 767 non
566 729 634 767 est
667 720 883 768 divinare.
920 719 1132 766 Videntur
1164 719 1301 782 igitur
1333 737 1434 783 esse
1466 719 1672 768 voluntas
1705 738 1786 785 op-

312 796 532 859 primendi
567 806 804 862 utrumque
842 795 1025 851 clerum,
1053 794 1299 842 secularem
1334 795 1504 843 scilicet
1536 806 1579 842 et
1612 795 1786 860 regula-

311 889 428 928 rem3
457 873 695 937 expoliatio
725 890 777 919 ac
804 871 1090 936 depraedatio
1118 871 1334 919 bonorum
1361 871 1780 928 ecclesiasticorum

314 958 441 995 cauta
466 966 517 995 ac
542 966 623 1013 per
644 949 809 1012 gradus
843 948 1089 1012 procedens
1125 947 1306 995 abolitio
1339 949 1470 1013 primi
1510 948 1789 996 constitutio-

311 1023 381 1074 nis
411 1024 614 1081 articuli,
655 1041 743 1088 quo
777 1023 932 1087 religio
967 1023 1186 1071 catholica
1218 1024 1311 1073 sola
1347 1034 1487 1072 status
1523 1024 1678 1088 religio
1706 1023 1785 1071 de-

311 1099 476 1146 clarata
509 1100 827 1156 est;>inductio
861 1099 1174 1164 anglicanismi
1206 1100 1470 1164 temperati;
1510 1101 1786 1166 compressio

310 1174 524 1222 bonorum
570 1186 613 1222 et
657 1176 825 1223 evectio
866 1176 1162 1240 pessimorum
1191 1213 1202 1232 ,
1251 1193 1303 1223 ac
1347 1176 1525 1223 demum
1571 1177 1786 1224 effraenis

310 1251 458 1298 carnis
492 1251 687 1299 licentia.
734 1252 858 1299 Talia
892 1263 995 1300 sunt
1029 1252 1278 1317 principia,
1324 1252 1491 1317 quibus
1526 1269 1615 1300 non
1649 1253 1782 1318 pauci

308 1326 472 1374 vellent
511 1326 606 1373 fieri
642 1328 778 1375 duces
813 1327 1017 1391 gubernii
1053 1327 1302 1393 subalpini,
1344 1345 1444 1375 cum
1484 1328 1647 1393 quibus
1681 1346 1787 1393 pro-

310 1402 421 1449 fecto
445 1402 513 1449 lex
537 1404 757 1451 catholica
789 1405 974 1469 antiqua
1008 1416 1051 1451 et
1080 1421 1235 1451 recens
1259 1404 1315 1450 de
1339 1403 1545 1467 coniugio
1575 1404 1784 1468 religioso

309 1481 513 1543 componi
550 1481 719 1545 nequit.
755 1481 894 1545 quue
929 1481 1121 1544 ingenue
1154 1480 1381 1527 fatendum
1411 1491 1493 1527 est.
1522 1481 1681 1528 Verum
1705 1483 1782 1546 qui

309 1555 527 1603 eiusmodi
568 1556 787 1620 principia
827 1556 1120 1620 profitentur,
1169 1552 1427 1602 meminisse
1463 1555 1676 1602 deberent
1707 1573 1784 1603 ve-

311 1630 416 1676 teris
451 1630 573 1678 illius
607 1631 757 1679 effati:
798 1631 917 1696 quod
941 1669 951 1687 ,
990 1631 1067 1696 qui
1102 1631 1258 1696 spinas
1295 1631 1432 1688 serit,
1472 1631 1658 1679 tribulos
1691 1631 1783 1680 col-

309 1706 418 1769 ligat
447 1724 630 1755 necesse
659 1718 743 1755 est.
774 1707 830 1753 Hi
855 1717 1001 1754 autem
1026 1706 1175 1754 tribuli
1199 1718 1328 1754 erunt
1350 1707 1562 1754 anarchia
1578 1746 1588 1764 ‚
1624 1707 1783 1755 tumul·

310 1794 380 1831 tus
396 1821 406 1840 ,
445 1783 772 1848 perduelliones
791 1822 801 1841 ,
828 1784 1018 1848 direptio
1041 1783 1283 1840 bonorum,
1312 1783 1553 1831 destructio
1587 1783 1781 1832 familiae

309 1870 350 1905 et
384 1860 626 1908 societatis.

408 1936 537 1992 Quod
572 1938 610 1984 si
646 1939 862 1986 eiusmodi
903 1949 1008 1986 sunt
1046 1938 1292 2003 principia,
1331 1937 1494 2001 quibus
1530 1954 1617 1985 non
1652 1937 1782 2002 pauci

310 2012 526 2060 moderari
553 2013 716 2062 vellent
743 2014 956 2078 gubernio
989 2013 1249 2078 subalpino,
1284 2023 1414 2077 prout
1449 2031 1502 2061 ex
1535 2013 1780 2061 continenti

310 2089 585 2152 publicorum
609 2090 823 2138 sactorum
849 2091 1133 2139 successione
1155 2089 1390 2137 manifeste
1413 2089 1657 2153 colligitur3
1680 2107 1783 2137 cum

308 2165 447 2229 impia
474 2183 527 2212 ea
553 2166 669 2223 sint,
701 2166 1018 2214 concludamus
1053 2183 1238 2213 necesse
1271 2176 1361 2221 est,
1402 2165 1521 2229 piam
1557 2183 1657 2214 esse
1691 2182 1780 2212 non

307 2259 440 2305 posse
466 2242 628 2305 legem,
651 2260 767 2307 quae
784 2260 884 2291 cum
903 2242 993 2290 illis
1011 2242 1216 2307 componi
1242 2241 1387 2289 debet.
1410 2240 1466 2287 At
1490 2241 1600 2288 sorte
1624 2258 1780 2288 norma

307 2442 377 2473 pag.
394 2437 464 2467 461.
483 2448 498 2462 «
514 2435 641 2467 Fratres
651 2436 683 2467 et
696 2444 823 2468 sorores
836 2435 886 2467 lex
901 2434 1056 2468 concedet
1069 2443 1134 2466 una
1147 2434 1318 2476 congredi,
1331 2435 1358 2466 si
1374 2442 1445 2466 sors
1458 2434 1502 2466 ita
1516 2433 1698 2466 tribuerit.»
1715 2434 1779 2464 Nec

302 2486 506 2518 obliviscitur
521 2488 603 2519 ritus
615 2487 774 2528 religiosi,
791 2487 932 2520 subdens
943 2495 1016 2529 pag.
1032 2489 1125 2519 489.»
1133 2487 1236 2527 Igitur
1254 2487 1326 2519 sesti
1348 2486 1482 2527 quidam
1507 2485 1576 2518 dies
1590 2485 1686 2517 eruut
1702 2484 1780 2524 legi-

308 2539 366 2570 bus
389 2539 622 2581 constituendi,
640 2541 673 2573 in
687 2541 807 2582 quibus
821 2549 956 2582 sponsos
974 2542 1007 2572 et
1026 2549 1163 2581 sponsas
1187 2548 1436 2581 congregemus,
1453 2540 1486 2571 et
1503 2546 1594 2571 sacra
1608 2539 1641 2570 et
1655 2538 1783 2578 hymni,

309 2591 364 2631 qui
380 2593 502 2632 nuptiis
518 2593 583 2625 iilis
594 2593 801 2634 conveniant,
819 2602 839 2625 a
857 2593 962 2635 poetis
975 2593 1094 2625 nostris
1108 2593 1334 2634 instituantur,
1347 2592 1531 2633 nuptiarum
1547 2592 1655 2623 autem
1670 2598 1780 2622 nume-

308 2652 378 2675 rum
404 2646 681 2685 Maqistratuum
703 2645 851 2678 arbitrio
877 2645 1126 2687 permittimus.»
1147 2646 1303 2678 Platonis
1321 2647 1403 2687 opp.
1421 2645 1576 2677 omnium
1590 2645 1671 2675 tom.
1688 2643 1729 2674 n.
1746 2642 1781 2674 in

308 2694 363 2727 rol.
375 2704 478 2735 graec.
488 2698 520 2728 et
535 2697 624 2730 latin.
638 2706 676 2730 ex
690 2698 823 2739 interpr.
836 2697 977 2739 Serrani,
990 2697 1042 2730 ed.
1059 2699 1158 2730 Henr.
1167 2698 1322 2739 Stephani
1337 2699 1425 2729 1578.
1434 2696 1537 2728 omisi
1552 2695 1661 2737 turpia
1675 2702 1784 2735 quam-

307 2746 458 2787 plurima,
471 2757 554 2788 quae
568 2749 687 2782 ibidem
707 2748 849 2782 divinus
868 2750 960 2782 Plato
975 2749 1153 2782 constituit.
1170 2750 1227 2782 Isti
1241 2749 1317 2782 sunt
1329 2748 1489 2788 sontes,ex
1502 2747 1622 2789 quibus
1636 2754 1781 2779 commu·

305 2799 408 2831 nisiae
421 2799 567 2833 hodiemi
583 2810 684 2842 aquas
696 2810 772 2835 suas
787 2801 986 2835 derivarunt.
