1918 3186
319 186 408 231 170
605 200 684 230 Lm.
707 198 737 228 1.
766 196 879 228 sncr.
909 197 939 228 1.
962 197 1014 229 »Β
1037 198 1208 230 numu.
1239 198 1520 230 sanarum.

313 274 596 323 fundamento
629 274 724 320 sive
756 271 922 320 biblico
962 273 1055 333 sive
1089 274 1317 338 patristico
1350 273 1632 332 destitutam,
1671 279 1782 328 adeo

312 362 361 399 ut
393 368 449 399 ne
473 367 610 397 unum
640 349 820 413 quidem
854 350 994 414 possit
1019 350 1167 398 afferri
1194 349 1504 398 documentum
1520 389 1530 408 ,
1557 352 1674 417 quod
1699 355 1781 402 ali-

312 443 401 492 qua
433 426 525 474 veri
559 425 708 491 specie
741 443 833 473 rem
866 426 1085 474 conficiat.
1125 427 1234 473 Nam
1268 443 1321 473 ex
1354 427 1578 491 Scriptura
1611 429 1779 477 nullum

312 518 495 567 prorsus
531 501 831 549 testimonium
857 501 1019 550 aCano
1053 501 1316 558 adducitur,
1356 501 1466 548 illud
1499 520 1624 560 vero,
1663 506 1780 569 quod

311 577 368 625 ab
402 577 739 642 insequentibus
772 577 990 641 theologis
1025 577 1242 642 prolatum
1275 587 1364 634 est,
1401 588 1450 625 ut
1481 578 1702 637 vidimus,
1725 580 1782 628 de

311 652 400 700 alia
416 653 597 701 omnino
615 671 687 710 re,
710 652 866 700 saltem
884 670 1094 717 expresse
1111 669 1163 700 ac
1180 652 1343 701 directe
1357 691 1367 710 ,
1397 653 1518 700 iuxta
1542 671 1778 717 exegeseos

309 746 500 777 canones
518 739 587 777 est
605 729 956 793 intelligendum.
980 729 1045 774 Ex
1065 724 1265 793 patribus
1284 745 1387 777 vero
1405 739 1448 776 et
1465 730 1779 778 ecclesiasticis

309 805 623 870 scriptoribus,
661 822 849 870 quorum
877 804 1130 851 testimonia
1158 804 1303 852 innuit
1329 804 1475 853 Canus
1491 844 1501 862 ,
1527 806 1591 853 uti
1617 807 1781 870 pariter

309 881 610 939 ostendimus,
633 898 688 928 ne
705 899 841 928 unum
863 879 1043 945 quidem
1067 889 1158 938 est,
1181 881 1300 945 quod
1328 892 1636 944 argumentum
1660 882 1779 929 istud

312 957 518 1021 attingat;
558 957 675 1004 idem
702 957 826 1004 dicas
853 955 909 1003 de
932 955 1056 1013 aliis,
1090 973 1205 1021 quae
1231 973 1258 1004 a
1285 956 1602 1021 posterioribus
1630 967 1780 1005 aucto-

308 1032 432 1080 ribus
466 1043 675 1096 congesta
698 1043 814 1080 sunt.
838 1032 1066 1097 Siquidem
1084 1043 1133 1079 ut
1149 1050 1202 1079 ex
1220 1050 1371 1080 eorum
1390 1033 1563 1098 analysi
1582 1043 1774 1089 constat,

307 1120 384 1157 aut
416 1109 503 1157 alio
537 1127 673 1157 sensu
707 1108 783 1156 illa
816 1108 1074 1173 accipienda
1107 1119 1233 1165 sunt,
1271 1119 1347 1157 aut
1379 1109 1618 1157 ostendunt
1649 1108 1779 1156 adhi-

303 1184 443 1232 bitam
477 1185 615 1233 fuisse
640 1203 668 1233 a
692 1185 918 1233 sacerdote
939 1184 1288 1232 benedictionem
1313 1185 1358 1231 in
1382 1185 1549 1250 nuptiis
1574 1185 1780 1232 christia-

307 1259 402 1317 nis,
424 1270 474 1307 ut
492 1259 577 1308 boc
600 1270 816 1325 apparatu
832 1270 875 1307 et
897 1259 983 1307 ritu
1006 1276 1133 1308 sacro
1161 1259 1469 1308 conciliaretur
1502 1270 1778 1308 sacramento

306 1335 446 1383 maior
469 1353 496 1383 a
520 1335 727 1383 fidelibus
760 1335 1007 1392 veneratio,
1046 1346 1120 1383 aut
1152 1336 1310 1383 certior
1342 1335 1530 1383 ecclesia
1563 1336 1688 1383 fieret
1719 1335 1776 1382 de

308 1411 417 1460 inito
444 1412 665 1476 coniugio.
688 1413 783 1459 Hac
816 1412 872 1459 de
904 1428 1038 1459 causa
1072 1412 1316 1459 identidem
1349 1412 1537 1459 summis
1571 1411 1778 1460 laudibus

306 1499 350 1536 et
378 1489 627 1554 praeconiis
657 1488 870 1536 extollunt
891 1487 1106 1536 salutares
1141 1488 1327 1535 huiusce
1359 1487 1681 1535 benedictionis
1708 1504 1780 1535 sa-

306 1564 542 1612 cerdotalis
569 1564 774 1620 effectus,
807 1580 897 1628 qua
926 1562 1085 1619 fiebat,
1110 1572 1158 1609 ut
1182 1562 1337 1610 fideles
1371 1563 1567 1625 legitime
1600 1562 1778 1627 nuptias

307 1639 594 1696 celebrarent,
626 1650 756 1705 atque
775 1640 836 1686 ita
851 1639 1037 1702 gratiam
1067 1648 1444 1703 consequerentur
1471 1638 1606 1684 huius
1635 1654 1780 1685 sacra-

306 1715 441 1762 menti
471 1715 712 1780 propriam.

400 1790 529 1838 Hunc
562 1800 732 1847 autem,
759 1800 804 1837 et
829 1806 918 1837 non
946 1788 1081 1837 alium
1110 1789 1250 1837 fuisse
1285 1805 1466 1836 sensum
1501 1788 1777 1836 commenda-

304 1867 438 1915 tionis
460 1904 471 1924 ,
509 1884 599 1932 qua
631 1876 779 1932 patres
823 1876 1090 1914 exornarunt
1123 1864 1365 1930 nuptialem
1399 1864 1772 1920 benedictionem,

303 1942 546 1991 luculenter
561 1943 689 1991 factis
708 1943 819 2008 ipsis
836 1942 1150 2007 patefecerunt.
1164 1941 1467 1989 Patefecerunt
1484 1939 1654 1987 scilicet
1667 1941 1689 1985 1
1703 1978 1711 1985 .
1723 1956 1778 1987 ex

304 2019 598 2067 matrimoniis
632 2019 920 2067 clandestinis
935 2056 945 2076 ,
974 2035 1089 2083 quae
1112 2018 1193 2065 etsi
1214 2027 1264 2065 ut
1287 2017 1444 2064 illicita
1470 2034 1522 2064 ac
1546 2015 1776 2079 illegitima

303 2105 556 2144 constanter
589 2095 958 2162 improbaverint,
989 2111 1232 2159 numquam
1266 2103 1414 2140 tamen
1449 2092 1699 2140 habuerunt
1728 2102 1776 2138 ut

305 2171 428 2220 nulla
461 2189 513 2220 ac
555 2172 776 2230 invalida,
814 2182 864 2220 ut
894 2171 1088 2220 vidimus
1122 2188 1175 2218 ex
1210 2169 1504 2226 Tertulliano,
1541 2178 1584 2215 et
1617 2167 1776 2215 confir-

304 2248 414 2295 mari
448 2259 598 2314 posset
630 2248 833 2314 pluribus
866 2247 1138 2305 canonibus,
1160 2247 1236 2312 qui
1261 2245 1408 2293 adhuc
1441 2245 1525 2291 hac
1559 2260 1694 2307 super
1730 2260 1777 2290 re

303 2334 453 2371 extant
481 2326 597 2387 (55).
621 2325 683 2371 Ne
700 2341 804 2371 vero
824 2334 1061 2388 reponatur
1084 2340 1161 2371 eos
1185 2322 1335 2370 valida
1354 2320 1541 2385 quidem>
1554 2318 1773 2366 eiusmodi

303 2401 510 2464 coniugia
545 2400 758 2448 habuisse
798 2401 861 2448 uti
909 2410 1155 2448 contractus
1172 2437 1181 2455 ,
1221 2415 1309 2446 non
1348 2406 1494 2444 autem
1527 2394 1590 2442 uti
1625 2411 1776 2441 sacra-

304 2485 475 2533 menta,
513 2475 622 2523 illud
657 2475 823 2531 obstat,
854 2475 974 2540 quod
1008 2474 1225 2521 eiusmodi
1251 2472 1476 2520 distinctio
1511 2469 1617 2518 olim
1644 2469 1775 2516 suerit

305 2551 479 2615 penitus
515 2552 692 2616 ignota„
730 2562 778 2599 ut
811 2567 892 2599 suo
926 2550 1022 2598 loco
1055 2548 1368 2605 ostendemus;
1408 2545 1608 2610 alioquin
1645 2545 1773 2591 inter-

402 2705 468 2745 (55)
492 2708 527 2738 {n
541 2715 633 2740 conc.
650 2707 784 2740 lateran.
802 2707 858 2739 lv.
876 2714 947 2747 cap.
964 2705 1051 2738 Cum
1065 2701 1225 2736 inhibitio
1239 2700 1281 2733 de
1294 2699 1462 2733 clandesc.
1479 2698 1684 2740 spons.1tem
1699 2705 1769 2738 cap.

302 2756 413 2790 Aliter
427 2762 477 2790 30.
494 2767 548 2799 qu.
563 2763 593 2791 5.
609 2760 699 2792 Grat.
715 2761 816 2791 Decr.
830 2766 900 2799 cap.
913 2756 971 2789 ult.
991 2757 1123 2788 Causae
1135 2754 1282 2786 xxvm.
1298 2761 1355 2793 qu.
1371 2755 1397 2784 1.
1414 2751 1463 2783 cf.
1479 2749 1667 2783 pallavicin.
1683 2749 1772 2781 Hist.

306 2818 399 2842 conc.
416 2810 497 2843 trid.
513 2810 568 2842 lib.
580 2813 662 2844 XXI.
679 2820 749 2852 cap.
766 2812 820 2842 lv.
834 2818 866 2841 n.
880 2814 930 2842 26.
