1912 3180
285 214 375 245 car.
393 214 450 245 ιν.
468 214 521 245 nn
543 213 700 246 Annuit.
725 213 802 245 rao
825 214 931 245 Lmen
956 214 1009 246 nn
1033 215 1159 246 uun.
1176 214 1261 247 clv.
1284 216 1378 248 Αιιτ.
1401 216 1464 249 111.
1541 203 1631 250 427

152 291 420 357 antiquitate
453 292 682 339 universa.
723 292 862 339 Immo
895 292 1046 356 potius
1080 292 1166 340 hac
1199 293 1443 359 disciplina
1478 294 1636 345 funda-

153 368 335 416 mentali
367 368 611 416 constituta
633 406 643 425 ,
682 367 873 416 ecclesia
907 369 1145 433 permittit,
1191 387 1273 418 seu
1308 369 1464 419 tolerat
1491 389 1633 438 quae-

153 446 324 493 stiones
353 445 621 493 theoreticas
650 456 695 493 et
723 445 1020 510 speculativas
1043 484 1053 503 ,
1097 447 1473 512 quemadmodum
1508 450 1634 499 salva

154 522 217 569 rei
251 521 503 569 substantia
522 560 532 578 ,
573 522 618 567 in
654 521 858 586 pluribus
893 521 995 569 aliis
1030 524 1346 587 permittuntur
1368 541 1420 572 ac
1443 525 1635 573 toleran-

155 609 226 645 tur
267 599 490 663 quaedam
531 598 861 663 disputationes
904 598 1225 662 theologorum.
1266 601 1409 666 Atque
1450 613 1500 649 ut
1542 620 1634 651 rem

151 674 356 739 exemplo
392 676 529 740 petito
564 674 621 721 ab
655 674 756 722 aliis
791 675 1083 723 sacramentis
1116 675 1417 734 illustremus,
1444 678 1635 727 ecclesia

153 750 439 799 administrat
474 762 804 798 sacramentum
832 750 1002 798 ordinis
1033 762 1126 799 tum
1155 769 1368 800 manuum
1392 753 1637 818 impositio-

155 844 234 884 ne,
264 838 358 875 tum
394 828 789 875 instrumentorum
824 828 1088 886 traditione,
1122 828 1235 876 adeo
1268 840 1318 876 ut
1350 830 1388 878 si
1424 830 1635 879 alterutra

154 904 342 952 materia
376 904 519 961 desit,
558 915 634 952 aut
668 905 808 952 forma
843 923 960 970 quae
994 905 1248 953 alterutram
1284 907 1518 954 comitatur
1547 924 1638 957 ma·

154 980 337 1037 teriam,
388 979 545 1028 saltem
581 980 665 1028 sub
706 980 962 1028 conditione
1004 991 1140 1029 totam
1180 992 1348 1047 repetat
1392 982 1636 1030 ordinatio-

153 1074 255 1104 nem
277 1058 428 1119 (112).
454 1058 669 1105 Permittit
697 1067 844 1105 tamen
868 1068 917 1105 ut
941 1058 988 1104 in
1011 1057 1181 1106 scholis
1203 1057 1476 1123 disceptetur
1498 1076 1637 1124 quae-

155 1150 258 1180 nam
299 1150 353 1180 ex
387 1133 460 1181 his
495 1134 697 1181 materiis
740 1133 967 1181 censenda
1002 1134 1062 1181 sit
1094 1133 1374 1191 essentialis,
1414 1152 1636 1199 quaenam

155 1209 418 1274 integralis3
459 1228 516 1257 an
556 1211 714 1258 ambae
756 1210 1018 1258 essentiales
1053 1210 1144 1258 sint
1175 1227 1257 1258 nec
1291 1228 1363 1258 ne.
1402 1210 1453 1257 Id
1487 1211 1637 1275 ipsum

156 1286 282 1335 dicas
308 1287 365 1334 de
389 1287 775 1335 administratione
805 1287 1156 1335 confirmationis
1186 1287 1232 1334 in
1256 1305 1347 1352 qua
1369 1298 1639 1335 concurrunt

156 1375 200 1411 et
232 1381 394 1411 manus
429 1364 657 1429 impositio
681 1374 726 1411 et
748 1364 899 1412 unctio
923 1363 1200 1430 opobalsami
1230 1363 1277 1410 in
1311 1363 1477 1420 fronte,
1506 1376 1550 1411 et
1571 1364 1635 1411 ita

152 1457 300 1506 porro.
332 1441 424 1488 Iam
458 1458 562 1488 vero
605 1441 824 1506 numquid
855 1459 908 1488 ex
943 1441 1015 1488 his
1050 1439 1337 1505 speculativis
1373 1440 1635 1504 disputatio-

153 1516 288 1565 nibus
306 1555 316 1574 ,
346 1534 463 1582 quae
486 1517 544 1564 ab
567 1516 760 1564 eeclesia
795 1517 1110 1581 permittuntur
1127 1555 1137 1572 ‚
1174 1516 1440 1564 concludere
1463 1516 1531 1564 fas
1554 1517 1639 1564 erit

155 1610 244 1641 non
280 1594 503 1658 pertinere
540 1593 597 1641 ad
630 1593 916 1658 disciplinam
951 1593 1328 1641 fundamentalem
1364 1593 1553 1640 sormam
1588 1594 1635 1640 in

154 1670 347 1718 ecclesia
374 1683 598 1735 receptam
624 1671 668 1716 in
694 1671 914 1718 eiusmodi
946 1681 1322 1718 sacramentorum
1357 1670 1639 1718 administra-

153 1745 308 1794 tione?
343 1747 480 1793 Nemo
516 1763 656 1793 sanus
693 1746 738 1792 id
772 1746 904 1794 dicet.
935 1747 1079 1793 Simili
1108 1746 1245 1810 igitur
1268 1747 1438 1794 ratione
1463 1746 1519 1793 de
1542 1764 1635 1793 ma-

154 1822 350 1870 trimonii
386 1833 668 1870 sacramento
702 1833 770 1869 est
809 1822 1136 1869 disserendum.

248 1899 344 1947 Hac
377 1899 513 1963 igitur
546 1900 707 1947 reiecta
736 1899 1006 1963 exclusaque
1040 1898 1155 1946 falsa
1189 1898 1429 1963 hypothesi
1465 1899 1522 1946 de
1556 1914 1628 1945 se-

150 1974 435 2040 parabilitate
464 1986 716 2023 contractus
741 1985 784 2022 et
808 1975 1072 2022 sacramenti
1097 1975 1144 2020 in
1167 1974 1389 2038 coniugiis
1424 1974 1635 2022 christia-

155 2068 312 2099 norum
332 2089 342 2107 ,
367 2053 523 2117 nequit
541 2052 734 2117 amplius
762 2050 928 2099 habere
946 2051 1090 2098 locum
1110 2051 1251 2098 illatio
1269 2051 1479 2098 oratoris:
1509 2067 1637 2114 expe·

153 2127 250 2175 dire
266 2138 315 2175 ut
333 2139 612 2193 separentur.
638 2129 869 2176 Praeterea
886 2145 1022 2190 regno
1040 2138 1116 2175 aut
1134 2126 1407 2192 reipublicae
1424 2125 1638 2192 prodesse

156 2222 243 2252 non
291 2215 437 2270 potest
479 2205 828 2270 independentia
873 2205 933 2251 ah.
976 2204 1198 2260 ecclesia;
1250 2203 1471 2251 eiusmodi
1516 2202 1637 2250 enim

155 2281 503 2347 independentia
539 2284 583 2329 in
620 2283 701 2339 iis,
742 2297 858 2347 quae
891 2282 947 2328 ad
985 2281 1244 2345 religionem
1283 2281 1528 2345 pertinent,
1567 2296 1638 2326 es-

158 2370 227 2406 set
264 2369 391 2406 actus
426 2358 745 2424 perduellionis
782 2368 935 2405 contra
977 2357 1100 2404 illam
1142 2357 1464 2412 auctoritatem,
1503 2372 1639 2421 quam

158 2434 364 2482 Christus
403 2435 501 2500 ipse
537 2435 767 2483 constituit
811 2434 1009 2482 omnium
1053 2434 1235 2481 omnino
1278 2432 1508 2480 hominum
1544 2449 1640 2479 ma-

156 2521 266 2558 trem
293 2529 345 2560 ac
368 2512 628 2576 magistram
653 2513 802 2574 (113).
826 2510 1120 2576 Respublica,
1159 2519 1236 2556 aut
1269 2526 1453 2573 regnum
1471 2546 1481 2564 ,
1506 2508 1544 2555 si
1569 2525 1639 2554 ve-

253 2683 342 2723 (112)
363 2683 414 2716 cr.
433 2684 598 2716 Benedict.
614 2685 699 2716 XIV.
718 2685 768 2716 De
783 2681 913 2724 synodo
929 2682 1037 2714 dioec.
1054 2681 1110 2714 lib.
1124 2682 1214 2713 vul.
1229 2689 1301 2722 cap.
1318 2683 1359 2712 Χ.
1376 2679 1408 2721 §.
1428 2683 1534 2712 1245.

255 2736 342 2777 (113)
363 2738 471 2779 Atque
487 2738 558 2770 heic
572 2737 686 2770 sedulo
700 2735 1026 2769 animadvertendum
1046 2735 1096 2767 est
1115 2742 1286 2767 erroneum
1306 2734 1403 2775 plane
1425 2740 1496 2765 esse
1519 2731 1638 2774 princi-

159 2788 249 2828 pium
270 2797 338 2829 quo
355 2797 421 2821 non
443 2790 537 2831 pauci
562 2788 824 2831 pseudo-politici
849 2789 1002 2827 utuntur,
1017 2789 1054 2819 ut
1070 2787 1225 2826 inferant,
1247 2786 1416 2818 ecclesiam
1437 2785 1637 2827 reipublicae

156 2840 273 2873 debere
290 2841 424 2874 subesse
440 2851 477 2874 ac
492 2842 627 2883 proinde
642 2842 864 2883 obtemperare
877 2866 885 2881 ‚
904 2849 943 2873 eo
961 2840 1048 2881 qnod
1066 2839 1248 2881 respublica
1266 2838 1432 2871 admiserit
1449 2838 1634 2875 ecclesiam,
