1912 3180
358 208 447 239 cn.
471 208 501 238 1.
525 207 577 238 nn
607 207 780 239 mrum.
811 207 958 240 c1v11.1s
983 207 1162 240 mrum.
1191 208 1285 240 Aur.
1311 209 1370 240 iv.
1511 193 1603 239 237

134 286 344 335 facillime
368 286 413 332 in
437 285 584 331 carnis
618 285 840 331 licentiam
858 323 868 341 ,
895 295 938 332 et
961 303 1117 349 vagam
1140 303 1366 343 venerem,
1394 297 1442 334 ut
1463 287 1605 343 aiunt,

133 362 529 415 consectabuntur;
558 370 604 407 et
638 361 705 407 sic
735 361 781 405 in
816 370 1004 424 utroque
1033 379 1142 409 casu
1175 362 1293 410 idem
1322 363 1406 410 erit
1433 363 1576 410 exitus
1593 402 1603 418 ‚

133 439 338 504 publicae
364 436 572 484 videlicet
595 435 843 482 honestatis
867 434 1022 483 laesio.
1045 438 1160 501 Ergo
1184 439 1403 487 fateamur
1425 455 1609 486 necesse

132 525 223 571 est,
256 512 375 579 quod
399 512 542 576 primo
577 511 672 558 loco
707 510 1042 568 constituimuS,
1078 514 1207 561 civile
1240 515 1494 579 coniugium
1529 533 1608 563 na-

132 601 228 637 tura
263 606 345 636 sua
378 588 584 653 publicae
617 579 842 635 adversari
882 587 1122 635 honestati.

226 666 369 730 Atque
396 665 480 711 hac
508 664 688 728 quidem
718 664 864 729 priore
897 664 1182 729 comprobata
1216 668 1434 732 assumpti
1460 678 1604 732 parte,

131 751 301 789 tantum
331 758 418 788 non
453 751 521 787 est
554 741 855 788 demonstrata
889 740 1022 788 etiam
1057 740 1194 788 altera
1213 780 1222 797 ,
1253 743 1463 789 nimirum
1489 744 1607 791 idem

130 818 259 866 civile
278 817 549 866 connubium
569 818 616 863 in
635 828 834 882 apertam
858 817 1070 865 inducere
1093 836 1265 865 morum
1290 819 1602 883 corruptelam.

130 895 303 941 Etenim
334 912 421 942 non
451 904 639 959 possunt
667 893 821 942 fideles
845 894 1064 942 eiusmodi
1093 895 1354 942 contrahere
1384 896 1607 943 connubia

130 970 187 1017 ad
206 970 503 1017 exclusionem
524 970 803 1027 sacramenti,
819 988 914 1026 seu,
930 980 978 1017 ut
995 970 1136 1027 aiunt,
1153 971 1262 1019 ritus
1283 970 1496 1034 religiosi,
1511 971 1608 1019 sine

129 1046 318 1102 formali,
337 1056 413 1092 aut
431 1046 564 1093 tacito
583 1047 738 1093 saltem
757 1046 973 1094 ecclesiae
990 1057 1241 1113 contemptu
1254 1085 1264 1104 ,
1287 1048 1377 1095 imo
1395 1057 1438 1094 et
1461 1047 1606 1112 ipsius

130 1121 357 1184 religionis
388 1121 674 1168 christianae.
704 1122 931 1186 Siquidem
968 1123 1146 1170 nonnisi
1174 1123 1227 1180 ii,
1250 1123 1328 1188 qui
1359 1123 1479 1170 omni
1511 1123 1608 1170 reli-

128 1198 274 1262 gionis
308 1199 426 1245 exuti
462 1216 597 1246 sensu
629 1199 739 1255 sint,
780 1199 1001 1264 negligere
1038 1210 1225 1265 possunt
1247 1218 1339 1248 rem
1364 1200 1475 1248 adeo
1500 1200 1607 1247 saci-

129 1275 214 1323 lem
243 1313 252 1331 ,
302 1275 553 1323 cuiusmodi
588 1286 657 1322 est
689 1275 904 1323 ecclesiae
939 1295 988 1324 se
1028 1277 1187 1324 sistere
1210 1316 1220 1334 ,
1267 1287 1314 1326 et
1354 1277 1415 1324 ibi
1456 1294 1605 1324 coram

130 1351 324 1416 parocho
341 1362 384 1399 et
402 1352 576 1399 duobus
601 1352 797 1400 tribusve
820 1353 1031 1409 testibus,
1065 1364 1142 1400 aut
1175 1353 1385 1418 praebere
1404 1392 1413 1409 ,
1443 1363 1521 1400 aut
1543 1371 1607 1399 re-

132 1445 293 1475 novare
315 1444 581 1475 consensum
596 1465 607 1484 ,
636 1437 685 1474 ut
708 1438 771 1475 tot
793 1428 1042 1493 percipiant
1064 1429 1383 1484 emolumenta,
1410 1445 1527 1493 quae
1551 1445 1604 1475 ex

129 1504 407 1551 matrimonio
442 1503 637 1566 legitime
671 1505 805 1562 inito,
841 1522 892 1552 ac
926 1506 1111 1570 proinde
1144 1515 1419 1553 sacramento
1453 1521 1605 1569 prove-

132 1580 272 1627 niunt.
298 1580 495 1627 Profecto
517 1579 823 1628 huiuscemodi
848 1582 1076 1645 neglectus
1101 1582 1225 1629 nulla
1247 1582 1336 1629 alia
1359 1582 1472 1629 ratio
1497 1581 1603 1643 fingi

128 1666 273 1720 potest
306 1666 478 1721 praeter
510 1673 631 1713 eam,
669 1675 803 1721 quam
840 1658 1187 1721 assignavimus.

224 1734 315 1779 Iam
340 1750 471 1789 vero,
503 1733 580 1797 qui
610 1733 720 1781 adeo
753 1734 999 1800 desipiunt,
1027 1745 1076 1781 ut
1100 1735 1326 1798 negligant
1350 1734 1469 1800 quod
1494 1734 1602 1781 tanti

129 1809 260 1855 refert
290 1809 346 1855 ad
376 1809 674 1856 conscientiae
707 1811 1069 1875 tranquillitatem
1105 1822 1239 1877 atque
1265 1812 1322 1858 ad
1354 1811 1603 1858 firmitatem

130 1885 350 1947 coniugii;
378 1884 456 1949 qui
490 1896 691 1949 apertum
727 1886 837 1934 adeo
872 1888 1133 1952 profitentur
1164 1897 1486 1952 contemptum;
1521 1886 1598 1951 qui

130 1959 343 2024 praebent
374 1960 430 2007 de
464 1977 515 2007 se
547 1970 674 2026 turpe
708 1962 819 2009 adeo
852 1962 1138 2019 scandalum,
1171 1962 1257 2026 legi
1289 1979 1343 2008 ne
1374 1961 1601 2025 religionis

124 2046 166 2083 et
198 2036 494 2083 conscientiae
535 2036 581 2083 in
620 2038 779 2085 ceteris
819 2038 1161 2103 obsequentur?
1195 2039 1380 2085 Cuinam
1414 2038 1459 2084 id
1494 2056 1603 2103 per-

128 2111 315 2159 suadere
358 2112 601 2176 poterunt?
637 2114 895 2162 Istiusmodi
930 2115 1117 2179 proinde
1161 2115 1363 2163 homines
1402 2113 1602 2161 habenas

126 2188 275 2235 laxant
307 2189 426 2235 omni
454 2189 748 2254 improbitati,
788 2208 869 2238 nec
895 2192 1033 2238 Deum
1071 2192 1242 2247 timent,
1281 2207 1363 2237 nec
1398 2190 1601 2238 homines

127 2275 393 2312 reverentur.
440 2266 549 2312 Vera
595 2277 698 2314 sunt
741 2267 917 2330 flagella
968 2267 1207 2316 societatis.
1257 2267 1429 2332 Ecquid
1479 2266 1601 2314 aliud

125 2351 327 2406 expectes
357 2341 414 2388 ab
450 2341 526 2397 iis,
556 2342 633 2406 qui
661 2342 889 2406 religionis
920 2343 1071 2407 iugum
1106 2354 1412 2399 excusserunt,
1442 2343 1529 2390 nisi
1554 2353 1602 2390 ut

126 2475 167 2507 de
194 2485 258 2508 una
279 2477 311 2508 in
334 2478 467 2510 alteram
495 2479 726 2520 transmigrant
756 2480 955 2521 provinciam
978 2481 1019 2513 ad
1038 2490 1159 2513 novum
1190 2480 1371 2513 iterandum
1403 2480 1599 2521 coniugium.

125 2527 263 2564 Quidam
280 2529 405 2562 iuvenis
420 2539 471 2562 an.
482 2532 578 2563 natus
595 2536 645 2564 29.
660 2531 894 2565 condemnatus
907 2534 967 2573 est,
980 2533 1113 2573 eoquod
1130 2533 1374 2573 quatuordecim
1391 2540 1491 2564 novas
1504 2531 1601 2564 duxe-

124 2580 167 2612 rit
185 2590 314 2622 uxores,
335 2583 436 2624 priori
456 2584 562 2617 adhuc
584 2585 723 2618 vivente.
739 2586 994 2623 Quatuordecim
1014 2585 1174 2618 eiusmodi
1193 2594 1310 2618 uxores
1327 2594 1439 2618 omnes
1450 2585 1544 2618 simul
1566 2593 1601 2617 se.

126 2634 329 2666 contulerunt
349 2635 390 2668 ad
412 2645 486 2668 eum
508 2637 738 2670 accusandum.
754 2641 832 2670 Acta
847 2638 960 2670 iudicii
977 2638 1169 2679 patefecere,
1186 2638 1274 2679 quod
1297 2638 1364 2679 ipse
1381 2637 1486 2678 spatio
1501 2638 1601 2669 trium

127 2683 362 2718 hebdomadum
384 2687 433 2720 bis
452 2688 664 2721 celebraverit
687 2689 873 2731 coniugium
892 2690 1066 2722 Baltimore
1079 2698 1116 2721 ac
1132 2689 1273 2721 Bostoni.
1292 2689 1480 2721 Tribuualia
1491 2697 1601 2730 quem-

126 2734 200 2766 dam
216 2736 318 2768 David
339 2739 487 2779 Beattyra
508 2741 692 2773 carceribus
712 2742 949 2783 manciparunt,
964 2751 1003 2774 eo
1024 2740 1111 2782 quod
1126 2750 1146 2772 a
1161 2742 1283 2782 septem
1299 2741 1456 2774 uxoribus
1473 2741 1541 2774 suis
1556 2741 1599 2773 lc·

123 2788 251 2826 quimis
265 2792 433 2822 accusatus
447 2791 560 2832 metm
575 2802 648 2825 cum
661 2802 857 2834 unaquaque
868 2802 980 2825 earum
997 2793 1101 2826 tribus
1115 2793 1279 2827 mensibus
1289 2802 1363 2826 cum
1374 2794 1510 2826 dimidio
1523 2803 1604 2826 com-

130 2840 271 2872 moratus
289 2840 402 2874 fnerat.
419 2842 469 2874 Cf.
490 2845 635 2877 Univers
660 2847 708 2878 14.
728 2845 815 2878 Avril
843 2850 929 2878 1856.
