1912 3180
351 188 440 220 eir.
471 189 533 220 ιιι.
564 189 616 220 ne
641 188 815 221 ιιΑτιιιιι.
847 187 996 220 ulvius
1030 187 1149 220 ιεαιι.
1179 187 1272 218 aar.
1300 186 1331 218 1.
1492 171 1582 217 293

210 267 299 314 Nec
337 277 405 314 est
438 266 559 331 quod
605 275 808 328 regerant
829 302 839 321 ,
878 281 929 311 se
962 281 1049 312 non
1090 264 1347 329 praecipere
1389 273 1438 310 ut
1482 263 1588 311 talia

110 342 231 390 cives
266 343 530 393 contrahant
562 341 785 389 connubia
800 378 810 397 ,
850 340 930 387 sed
966 342 1215 389 facultatem
1253 352 1422 389 tantum
1459 357 1587 405 prae-

113 417 238 474 bere,
277 429 324 464 ut
358 418 397 465 si
430 417 567 464 velint
599 416 717 464 civili
744 433 793 463 se
817 415 960 462 solum
994 417 1173 465 vinculo
1206 418 1412 480 iungant;
1443 433 1588 481 neque

114 505 348 558 propterea
380 494 437 540 ad
473 511 563 540 rem
598 510 700 541 esse
731 491 958 556 exempla,
996 509 1112 556 quae
1146 494 1191 539 in
1227 493 1421 540 medium
1456 492 1589 540 allata

112 581 219 617 sunt
242 570 299 616 de
323 570 586 634 imperatore
603 607 613 626 ‚
641 579 718 617 aut
751 569 952 625 ethnico,
990 579 1067 615 aut
1100 568 1308 626 islamita‚
1338 581 1416 617 aut
1437 569 1589 617 haere-

115 646 225 702 tico,
263 647 342 709 qui
370 648 554 710 positive
589 645 759 710 aliquid
794 644 1091 711 praecipiant,
1129 645 1248 709 quod
1284 663 1311 692 a
1344 646 1590 694 christiana

109 721 179 769 vel
208 721 427 770 catholica
454 721 690 769 abhorreat
714 720 924 785 religione
939 758 950 776 ,
977 737 1077 767 cum
1097 720 1142 769 in
1161 737 1287 776 casu,
1312 721 1356 766 in
1380 738 1470 786 quo
1491 739 1590 769 ver·-

113 815 289 856 samur,
329 800 386 847 de
420 799 516 847 sola
550 810 707 863 agatur
734 798 1042 863 permissione,
1080 796 1190 862 quin
1226 799 1452 846 renovatio
1484 816 1591 847 con-

114 886 282 924 tnactus
316 876 361 923 in
395 877 509 925 facie
541 876 758 924 ecclesiae
792 874 1069 923 excludatur,

127 998 129 1001 .
205 951 262 998 At
293 969 410 1016 quae
443 951 637 1000 adducta
670 963 775 999 sunt
808 950 1010 1015 exempla
1032 950 1079 997 in
1108 967 1209 998 eum
1244 950 1379 998 finem
1413 951 1590 998 fuerunt

113 1028 283 1093 prolata
301 1066 311 1085 ‚
338 1040 389 1076 ut
411 1028 736 1076 illustraremus
766 1045 900 1093 quam
924 1027 1037 1075 sutili
1065 1028 1280 1076 niteretur
1312 1027 1588 1075 distinctioni

109 1123 166 1153 ea
188 1105 258 1153 lex
277 1143 287 1163 ‚
315 1123 432 1170 quae
465 1106 571 1153 dum
606 1106 898 1153 christianam
933 1104 1192 1168 religionem
1225 1105 1436 1153 intactam
1469 1106 1591 1153 inco-

112 1182 365 1247 lumemque
388 1200 565 1230 servare
590 1182 836 1247 profitetur,
861 1192 1006 1229 tamen
1030 1181 1087 1229 de
1109 1182 1367 1230 christianis
1391 1182 1580 1238 civibus,

113 1269 246 1323 prout
269 1260 382 1306 cives
412 1269 540 1316 sunt,
567 1276 621 1306 ea
644 1269 879 1315 statueret,
918 1275 1033 1323 quae
1057 1276 1084 1305 a
1107 1257 1351 1306 christiana
1375 1258 1589 1322 religione

111 1335 411 1391 dissentiunt;
441 1352 723 1400 quocumque
756 1335 934 1384 tandem
968 1334 1102 1382 modo
1135 1351 1206 1383 res
1242 1345 1462 1382 statuatur
1495 1335 1591 1383 sive

115 1411 430 1476 praecipiendo
462 1411 558 1459 sive
592 1411 901 1476 permittendo.
919 1412 1091 1458 Deinde
1113 1428 1217 1459 vero
1237 1411 1331 1459 sive
1355 1422 1512 1475 agatur
1533 1411 1590 1459 de

112 1503 160 1534 re
178 1504 259 1551 per
275 1486 416 1550 legem
441 1498 677 1552 praecepta
694 1526 704 1544 ‚
734 1489 828 1535 sive
851 1488 908 1535 de
932 1505 978 1534 re
1002 1505 1082 1552 per
1114 1487 1257 1551 legem
1292 1488 1516 1552 permissa
1538 1488 1585 1534 in

111 1562 229 1610 idem
263 1562 434 1610 recidit.
464 1563 695 1627 Siquidem
725 1574 850 1611 actus
883 1563 1094 1612 connubii
1124 1564 1269 1612 civilis
1293 1563 1350 1611 ad
1373 1563 1589 1611 ecclesiae

110 1638 409 1687 exclusionem
423 1677 433 1697 ,
456 1639 512 1687 de
530 1657 620 1705 quo
638 1651 706 1688 est
724 1657 886 1697 sermo,
914 1651 984 1688 est
1006 1652 1131 1689 actus
1147 1678 1158 1697 ‚
1187 1641 1264 1705 qui
1291 1658 1319 1688 a
1341 1640 1588 1688 christiano

113 1715 210 1763 viro
234 1715 356 1763 nulla
380 1716 551 1764 ratione
574 1717 676 1781 poni
697 1728 865 1781 potest,
887 1717 1055 1782 quique
1073 1735 1154 1782 per
1170 1734 1220 1765 se
1236 1716 1404 1765 nullius
1427 1727 1496 1764 est
1519 1734 1589 1765 ro-

115 1791 236 1839 boris
260 1791 520 1857 nulliusque
554 1792 686 1858 plane
718 1793 882 1841 valoris
899 1831 910 1850 ‚
938 1794 1158 1858 quidquid
1193 1793 1371 1841 demum
1397 1792 1467 1839 lex
1490 1809 1591 1840 con—

113 1877 179 1913 tra
203 1868 436 1916 ecclesiam
463 1869 724 1925 constituat;
749 1886 827 1916 seu
847 1880 914 1918 est
932 1879 1075 1926 actus,
1093 1869 1171 1934 qui
1191 1885 1291 1916 cum
1312 1868 1590 1932 professione

110 1943 359 1992 christiana
382 1945 627 1993 consistere
650 1945 828 2010 nequit,
858 1962 1001 2010 neque
1024 1944 1254 2010 componi,
1283 1944 1484 2009 adeoque
1507 1944 1585 1991 uhi

111 2020 372 2083 agnoscitur
394 2021 639 2070 christiana
663 2039 743 2069 seu
760 2021 982 2069 catholica
999 2020 1170 2084 religio,
1193 2037 1275 2068 nec
1293 2020 1488 2086 praecipi
1508 2037 1589 2068 nec

112 2097 306 2160 permitti
329 2108 474 2161 potest
497 2115 524 2145 a
547 2097 644 2161 lege
667 2098 767 2145 ideo
791 2108 959 2144 tantum
978 2136 988 2154 ,
1016 2096 1135 2161 quod
1159 2097 1270 2145 civis
1294 2114 1319 2143 a
1344 2097 1590 2144 christiano

110 2172 427 2241 distinguatur.
460 2174 662 2239 Denique
696 2191 797 2222 cum
821 2173 1041 2221 eiusmodi
1061 2173 1243 2238 nuptiae
1271 2191 1419 2221 coram
1449 2174 1589 2236 magi-

113 2260 254 2297 stratu
271 2250 393 2298 civili
406 2251 653 2299 celebratae
666 2250 802 2299 semel
818 2250 996 2307 fuerint,
1013 2250 1374 2315 pseudo-politici
1393 2267 1476 2297 sua
1493 2250 1590 2314 lege

113 2325 215 2373 illas
233 2327 416 2374 omnino
434 2329 621 2391 positive
647 2337 825 2375 tuentur
843 2337 976 2392 atque
993 2326 1252 2383 defendunt,
1274 2326 1335 2374 ita
1354 2336 1403 2374 ut
1420 2326 1478 2373 ab
1495 2326 1585 2373 illis

112 2402 285 2451 resilire
301 2421 390 2452 non
414 2404 544 2451 liceat
559 2443 569 2461 ‚
592 2421 645 2452 ac
663 2403 702 2451 si
722 2403 832 2451 alter
848 2403 1086 2466 coniugum
1104 2402 1161 2450 ab
1179 2402 1269 2450 illis
1294 2421 1343 2451 se
1367 2403 1584 2461 retrahat,

112 2479 234 2543 hunc
250 2491 414 2544 cogunt
425 2491 474 2528 ut
487 2491 759 2545 permaneat.
775 2481 859 2527 Lex
878 2480 1043 2527 idcirco
1060 2479 1208 2544 quoad
1228 2490 1374 2527 actum
1393 2480 1588 2527 futurum

108 2558 369 2620 permissive
393 2557 575 2622 quidem
593 2567 688 2614 est,
710 2574 762 2605 ac
780 2556 924 2605 solum
944 2555 1195 2604 facultatem
1213 2557 1417 2621 praebet;
1440 2557 1587 2622 quoad

116 2643 261 2680 actum
277 2651 382 2683 vero
399 2645 756 2683 consummatum
774 2633 966 2681 maxime
978 2634 1170 2697 positiva
1182 2643 1266 2691 est,
1279 2633 1486 2699 cogitque
1503 2633 1589 2681 sub

116 2708 474 2759 interminatione
491 2728 732 2776 poenarum
749 2748 759 2766 ‚
781 2720 830 2758 ut
846 2720 971 2758 actus
989 2709 1159 2772 integer
1176 2719 1413 2775 sartusque
1429 2709 1590 2757 habea·

116 2795 212 2842 tur,
234 2804 286 2834 ac
310 2787 495 2851 proinde
519 2788 676 2836 iterum
696 2786 896 2852 apprime
919 2785 1139 2852 quadrant
1155 2786 1346 2835 adducta
1362 2786 1579 2851 exempla.
