1918 3186
288 221 376 267 178
540 209 619 266 im.
649 233 679 265 1.
709 230 821 262 sacr.
852 231 882 262 1.
912 230 963 262 ni:
999 230 1170 262 mrum.
1202 229 1485 262 sxcnmmxro.
1510 209 1514 213 ”

381 311 556 358 Scilicet
603 308 748 356 fatalis
794 308 904 356 haec
939 307 1195 365 distinctio,
1234 326 1322 373 qua
1358 319 1584 373 tantopere
1629 310 1755 358 abusi

289 396 392 434 sunt
414 396 631 452 quotquot
657 383 988 433 ecclesiasticae
1005 383 1208 448 potestati
1227 383 1391 431 bellum
1421 383 1679 442 intulerunt,
1709 402 1761 433 ea

287 473 377 519 est,
416 480 531 528 quae
564 479 686 509 arma
721 461 926 526 praebuit
957 460 1239 508 validissima
1261 461 1316 508 ad
1341 461 1585 509 doctrinam
1615 461 1761 510 catho-

287 537 417 584 licam
441 537 807 585 labefactandam.
831 536 896 584 Ea
914 536 1106 600 denique
1130 546 1211 592 est,
1235 554 1367 601 quam
1394 536 1465 584 his
1491 537 1580 584 sere
1603 536 1761 585 diebus

289 612 572 660 exsuscitavit
595 613 640 659 in
664 613 869 660 eumdem
894 611 1026 659 finem
1052 611 1198 674 regius
1232 613 1501 660 taurinensis
1538 613 1763 678 professor

290 689 350 735 Io.
380 689 716 752 Nepomucenus
745 689 911 753 Nuytz,
951 687 1078 734 cuius
1112 703 1246 750 opera
1280 688 1545 753 proscripsit
1577 688 1763 736 damna-

288 765 438 829 vitque
474 764 670 829 pontifex
706 763 812 811 Pius
849 764 920 809 lx.

332 856 335 859 ·
385 841 448 888 Ne
483 840 618 904 igitur
655 839 846 887 exitialis
887 838 1106 887 eiusmodi
1142 838 1341 886 doctrina
1375 839 1525 904 plures
1560 840 1760 895 inficiat,

291 915 692 982 praecidanturque
716 933 804 963 uno
829 916 917 962 ictu
942 915 1191 971 corollaria,
1210 931 1325 980 quae
1343 916 1674 964 ecclesiasticae
1687 931 1767 982 po-

293 992 461 1040 testatis
487 1009 538 1039 ac
562 992 683 1039 sedis
709 990 980 1056 apostolicae
1003 1007 1154 1038 osores
1190 990 1453 1048 intulerunt,
1482 1008 1580 1038 eam
1605 990 1767 1038 adoriri

292 1077 424 1132 atque
447 1077 644 1114 evertere
668 1066 1013 1131 assumpsimus,
1038 1065 1313 1113 ostendendo
1331 1084 1465 1132 quam
1487 1066 1599 1114 falsa
1618 1067 1676 1114 sit
1693 1066 1769 1113 illa

293 1142 522 1189 distinctio
567 1143 681 1189 inter
724 1152 996 1189 contractum
1032 1153 1074 1189 et
1108 1153 1433 1189 sacramentum
1468 1143 1512 1189 in
1547 1142 1768 1205 coniugiis

293 1217 569 1265 christianis.
595 1217 734 1283 quue
752 1218 1000 1266 efficiemus
1025 1229 1116 1265 tum
1143 1219 1242 1283 ipsa
1272 1219 1472 1284 inspecta
1497 1219 1565 1266 rei
1586 1229 1763 1274 natura,

296 1304 385 1339 tum
421 1304 618 1358 spectato
652 1293 928 1358 antiquitatis
955 1310 1118 1350 sensu,
1147 1304 1239 1341 tum
1264 1292 1456 1359 denique
1478 1311 1673 1359 expensa
1698 1310 1772 1341 ec·

295 1369 458 1417 clesiae
492 1368 736 1416 catholicae
770 1369 989 1416 sentiendi
1027 1370 1277 1435 agendique
1313 1371 1496 1418 ratione.

393 1445 455 1492 Ac
474 1446 617 1509 primo
637 1445 837 1511 inspecta
856 1445 917 1491 rei
938 1455 1114 1501 natura;
1131 1446 1310 1510 quando
1321 1446 1501 1511 quidem
1520 1463 1572 1493 ex
1591 1445 1775 1493 demon-

300 1521 447 1567 stratis
467 1521 512 1567 in
533 1521 760 1585 superiore
779 1521 1036 1568 tractatione
1049 1521 1104 1569 de
1118 1523 1381 1569 sacramenti
1402 1522 1670 1570 matrimonii
1690 1522 1775 1569 mi-

300 1596 468 1653 nistro,
486 1597 525 1644 is
546 1613 632 1645 non
657 1596 771 1645 alius
796 1597 975 1661 agnosci
1013 1607 1158 1662 potest
1183 1615 1316 1663 quam
1346 1598 1639 1655 contrahens,
1668 1598 1773 1645 dum

302 1689 431 1719 suum
451 1672 630 1738 praebet
647 1690 913 1721 consensum
931 1683 973 1721 et
989 1673 1169 1738 quidem
1186 1674 1404 1730 vicissim;
1429 1674 1508 1721 sed
1527 1691 1607 1739 per
1624 1674 1777 1725 huius-

300 1748 420 1795 modi
451 1765 717 1796 consensum
753 1749 802 1796 fit
834 1765 923 1797 uno
957 1750 1202 1815 eodemque
1235 1760 1334 1797 actu
1370 1759 1620 1797 contractus
1645 1760 1687 1796 et
1711 1766 1778 1796 sa—

300 1829 597 1881 c'ramentum;
627 1842 729 1872 nam
754 1835 856 1873 tunc
890 1825 1092 1873 minister
1125 1826 1390 1891 pronunciat
1422 1827 1607 1875 formam
1643 1842 1778 1889 super

300 1901 541 1964 legitimam
584 1901 814 1948 materiam
845 1940 854 1959 ,
895 1919 1019 1967 ‘quae
1053 1890 1337 1950 constituitur
1370 1919 1422 1949 ex
1457 1901 1638 1949 alterius
1673 1917 1777 1948 con-

300 1977 514 2024 trahentis
555 1994 769 2042 corpore;
809 1995 914 2042 ergo
949 1978 1162 2042 distingui
1201 1978 1353 2043 nequit
1386 1988 1611 2043 tamquam
1647 1993 1717 2025 res
1752 1995 1778 2024 a

302 2070 347 2099 re
381 2063 629 2100 contractus
671 2054 782 2102 ratio
810 2072 836 2101 a
868 2055 1038 2102 ratione
1070 2054 1351 2111 sacramenti,
1380 2065 1422 2101 ct
1446 2064 1671 2118 tamquam
1706 2067 1779 2099 en-

303 2131 404 2175 titas
439 2129 495 2176 ab
529 2131 702 2177 entitate
738 2131 782 2176 in
818 2130 1055 2178 connubiis
1090 2130 1365 2178 christianis.
1734 2131 1735 2134 ’

398 2205 620 2252 Rursum:
661 2206 706 2252 id
742 2206 789 2253 fit
823 2216 1170 2263 sacramentum,
1209 2206 1327 2271 quod
1363 2212 1414 2254 e²x
1450 2205 1614 2252 Christi
1649 2203 1778 2250 insti-

302 2282 491 2339 tutione,
523 2293 566 2330 et
589 2282 886 2331 decl'aratIOne
910 2282 1110 2348 Apostoli
1136 2283 1302 2349 Ephes.
1325 2283 1373 2328 V.
1393 2291 1569 2329 auctum
1587 2287 1663 2327 ¹'est
1686 2297 1780 2342 gra-

305 2357 381 2414 tia,
404 2375 455 2404 ac
474 2358 913 2422 signumpraesefert
931 2358 1257 2406 coniunctionis
1276 2358 1439 2405 Christi
1459 2355 1658 2404 eiusdem
1680 2373 1778 2403 cum

304 2433 491 2481 ecclesia
519 2451 624 2490 sua;
662 2435 783 2500 atqui
820 2434 905 2482 hoc
940 2451 1027 2482 non
1062 2444 1129 2481 est
1163 2434 1249 2482 nisi
1285 2434 1384 2498 ipse
1418 2440 1780 2481 contractus'seu

305 2510 551 2574 coniugalis
584 2510 690 2557 unio
715 2511 740 2557 a
762 2511 854 2558 Deo
885 2510 983 2575 ipso
1007 2510 1053 2556 in
1077 2510 1287 2575 paradiso
1311 2510 1423 2556 inter
1446 2517 1780 2573 protoparentes

307 2585 520 2632 instituta.
544 2585 717 2633 Etenim
746 2585 898 2633 Matth.
922 2586 1035 2631 xlx.
1063 2586 1087 2631 4
1114 2602 1240 2650 seqq.
1271 2584 1381 2631 dixit
1403 2584 1605 2631 Christus
1630 2583 1782 2648 ph'ari-

309 2660 448 2706 saeis:
483 2681 503 2705 «
518 2661 601 2717 Qui
629 2660 731 2708 fecit
756 2662 980 2709 hominem
1017 2661 1073 2709 ab
1106 2661 1234 2708 initio
1269 2659 1516 2708 masculum
1552 2670 1594 2707 et
1617 2653 1782 2707 'foemi-

311 2752 411 2781 nam
448 2735 547 2783 fecit
581 2755 682 2795 cos,
711 2749 753 2785 et
782 2738 917 2785 dixit:
963 2748 1138 2804 propter
1179 2737 1263 2785 hoc
1303 2736 1493 2785 dimittet
1532 2736 1664 2784 homo
1703 2751 1782 2799 pa-

311 2822 418 2857 trem
455 2823 495 2858 et
529 2824 728 2870 matrem,
758 2824 800 2860 et
825 2813 1081 2860 adhaerebit
1112 2814 1237 2860 uxori
1280 2830 1412 2869 suae,
1451 2824 1492 2860 ct
1527 2822 1654 2859 erunt
1683 2811 1781 2856 'duo
