1918 3186
374 218 464 249 cir.
488 216 517 247 1.
547 216 599 247 nn
632 214 806 247 uirium.
835 213 983 246 civms
1016 212 1193 244 mrum.
1223 212 1317 243 Aur.
1347 211 1393 243 11.
1533 195 1623 240 217

155 306 346 351 tractus,
392 294 593 358 adeoque
626 291 806 339 nonnisi
849 290 1091 354 improprie
1125 307 1204 354 per
1235 288 1475 337 divortium
1517 287 1628 336 solvi

152 373 373 419 dicuntur.
404 370 459 416 At
482 368 519 416 si
544 366 831 432 hypothesim
865 365 998 411 etiam
1033 364 1387 412 adversariorum
1422 357 1632 412 concede-

155 450 328 504 re‘mus,
363 447 401 493 si
431 463 485 493 ex
514 461 666 491 eorum
700 441 942 507 principio,
982 451 1130 505 atque,
1159 452 1208 489 ut
1230 441 1319 488 dici
1346 440 1480 498 solet,
1498 458 1631 506 argu-

153 535 300 573 mento
339 523 397 570 ad
433 523 642 568 hominem
665 529 867 574 utamur,
899 517 946 564 id
969 527 1087 565 certo
1111 517 1354 566 adversarii
1391 518 1518 565 fateri
1552 517 1632 564 de-

152 600 281 655 bent,
305 596 512 660 coniugia
535 613 655 643 mere
679 593 826 642 civilia
842 632 852 650 ‚
879 602 1032 658 utpote
1061 610 1180 640 mere
1197 594 1351 641 civiles
1376 603 1628 641 contractus

152 675 338 723 dissolvi
379 691 529 739 posse.
568 672 786 719 Nimirum
826 670 929 718 licet
970 669 1301 717 matrimonium
1337 670 1467 718 civile
1499 688 1633 718 verus

152 762 273 799 esset
316 760 567 798 contractus
592 787 601 805 ,
652 766 739 796 non
787 757 907 795 esset
944 757 1091 793 tamen
1126 746 1381 793 necessaria
1421 746 1634 811 qualitate

156 828 385 893 praeditus
429 825 864 880 indissolubilitatis,
904 823 1105 888 adeoque
1138 839 1191 869 ex
1228 839 1310 870 sua
1342 823 1440 887 ipsa
1476 833 1634 871 natura

156 903 483 951 matrimonium
525 902 655 949 civile
691 901 980 966 proprietates
1021 898 1173 946 deiicit
1211 899 1480 946 matrimonii
1521 900 1635 946 chri-

156 980 289 1027 stiani
307 1018 316 1035 ,
346 979 554 1026 nimirum
586 977 1039 1025 indissolubilitatem.

250 1056 361 1102 Velit
393 1055 501 1102 nolit
534 1054 677 1102 civilis
713 1054 972 1109 auctoritas,
1010 1053 1227 1117 impedire
1259 1053 1441 1100 minime
1473 1053 1634 1119 poterit

155 1132 363 1187 divortia,
393 1148 508 1196 quae
525 1148 551 1177 a
571 1131 740 1178 ratione
764 1130 871 1177 meri
896 1139 1145 1176 contractus
1175 1130 1321 1176 civilis
1351 1140 1510 1193 sponte
1533 1146 1634 1193 pro-

154 1208 340 1255 cedunt:
371 1208 459 1254 imo
484 1207 617 1253 etiam
642 1206 832 1270 ipsamet
860 1215 1040 1268 cogetur
1074 1203 1209 1251 aliam
1239 1205 1434 1270 proferre
1463 1204 1602 1267 legem
1620 1241 1629 1258 ‚

154 1302 243 1350 qua
266 1283 486 1331 eiusmodi
518 1283 705 1330 divortia
736 1282 932 1346 legitima
964 1282 1229 1330 efficiantur.
1261 1283 1311 1328 ln
1339 1293 1527 1346 utroque
1560 1298 1635 1327 au-

155 1370 242 1407 tem
276 1377 384 1407 casu
412 1359 594 1407 evidens
618 1370 711 1415 est,
740 1358 1146 1407 indissolubitatem
1170 1357 1404 1406 christiani
1438 1356 1633 1420 coniugii

156 1434 410 1482 labefactari
447 1445 581 1499 atque
612 1435 790 1482 omnino
824 1451 1042 1481 corruere.

251 1510 434 1558 Sublato
461 1510 605 1573 'igitur
637 1520 770 1574 atque
815 1510 994 1557 omnino
1030 1510 1244 1558 subverso
1278 1510 1499 1574 principio
1539 1508 1636 1556 reli·

157 1588 308 1651 gioso,
354 1586 475 1652 quod
509 1586 690 1633 unicum
723 1604 916 1652 vereque
962 1586 1155 1635 solidum
1199 1586 1534 1634 fundamentum
1568 1597 1636 1632 est

158 1663 562 1712 indissolubilitatis
588 1663 835 1727 coniugalis
849 1702 859 1720 ,
881 1664 1107 1728 quodnam
1126 1662 1247 1710 aliud
1274 1663 1513 1711 substituet
1535 1663 1636 1709 fun-

157 1739 412 1787 damentum
446 1742 688 1787 auctoritas
718 1739 888 1796 civilis,
917 1757 1034 1804 quae
1057 1739 1317 1787 abstrahere
1334 1757 1382 1787 se
1397 1739 1512 1786 velle
1533 1755 1635 1803 pro-

158 1825 342 1863 testatur
374 1833 401 1863 a
435 1816 648 1879 religione
681 1816 727 1862 in
761 1816 856 1864 suis
892 1816 1065 1880 legibus
1112 1815 1356 1864 condendis
1390 1815 1508 1863 circa
1541 1832 1636 1861 ma-

158 1890 441 1938 trimonium?
465 1891 661 1938 Profecto
694 1909 782 1938 non
818 1891 939 1938 aliud
974 1902 1153 1957 praeter
1186 1892 1328 1955 legem
1359 1890 1629 1947 naturalem,

159 1977 237 2013 aut
266 1967 532 2014 voluntatem
570 1985 651 2015 seu
691 1968 992 2015 auctoritatem
1034 1986 1161 2016 suam
1196 1986 1276 2032 per
1309 1968 1448 2031 legem
1492 1967 1636 2015 mani-

160 2042 379 2090 festatam.
420 2043 552 2091 Porro
591 2054 827 2109 utrumque
861 2044 1078 2092 eiusmodi
1123 2045 1458 2091 fundamentum
1502 2043 1636 2091 labile

160 2130 248 2175 est,
287 2136 339 2166 ac
374 2129 495 2167 tanto
528 2120 702 2168 effectui
739 2121 1022 2185 producendo
1062 2138 1246 2185 prorsus
1280 2120 1495 2185 ineptum.

260 2195 434 2241 Etenim
480 2196 622 2259 primo
670 2196 814 2260 impar
858 2208 925 2244 est
980 2196 1361 2244 indissolubilitati
1412 2195 1633 2259 coniugali

157 2270 454 2318 stabiliendae
505 2272 575 2318 lex
624 2272 838 2319 naturalis
871 2311 881 2329 ,
933 2290 1049 2337 quae
1095 2272 1325 2337 multiplici
1376 2272 1636 2337 interpreta-

160 2347 268 2394 tioni
306 2347 495 2395 obnoxia
530 2358 622 2403 est;
667 2359 799 2413 atque
838 2365 938 2396 cum
979 2366 1106 2396 nemo
1145 2349 1259 2396 inter
1296 2348 1499 2396 homines
1538 2348 1635 2395 eius

157 2423 374 2488 interpres
410 2423 657 2471 infallibilis
694 2424 751 2471 sit
782 2435 825 2472 et
858 2424 1139 2472 authenticus
1164 2463 1174 2481 ,
1218 2424 1476 2489 praesertim
1517 2424 1635 2472 circa

158 2500 409 2557 articulum,
447 2518 580 2565 quem
615 2501 933 2564 expendimus,
963 2501 1048 2549 hoc
1073 2502 1171 2565 ipso
1195 2511 1321 2548 nutat
1354 2501 1450 2548 eius
1484 2511 1636 2549 aucto-

162 2575 285 2623 ritas.
310 2576 480 2624 Crescit
511 2594 615 2625 vero
649 2577 892 2625 difficultas
924 2595 977 2625 ex
1011 2577 1348 2642 disceptatione,
1376 2594 1491 2642 quae
1522 2577 1637 2624 inter

160 2649 454 2716 philosophos
488 2653 573 2701 hac
608 2671 744 2718 super
777 2671 824 2702 re
855 2654 974 2716 viget
996 2665 1038 2700 et
1061 2654 1172 2701 iuris
1196 2652 1412 2701 naturalis
1443 2653 1629 2718 peritos,

158 2725 237 2789 qui
271 2725 316 2771 in
348 2728 496 2775 varias
531 2729 696 2776 abeunt
729 2729 988 2785 sententias,
1028 2729 1129 2776 aliis
1165 2729 1489 2777 affirmantibus
1509 2768 1519 2787 ,
1557 2745 1634 2776 ne-

156 2799 368 2862 gantibus
402 2802 519 2858 aliis,
548 2821 599 2850 ex
623 2803 719 2865 lege
753 2815 936 2851 naturae
970 2804 1146 2868 exposci
1176 2792 1392 2853 eiusmodi
1422 2805 1633 2853 connubii
