1912 3180
286 213 375 243 cn.
394 213 450 243 ιν.
467 213 517 244 ns
536 212 691 245 Anauni.
711 214 787 244 ruo
807 213 926 244 isos.
944 214 996 245 ns
1014 213 1139 245 mm.
1165 214 1248 245 ειν.
1271 214 1363 246 Aur.
1389 215 1416 245 1.
1516 201 1600 245 371

141 288 313 346 dantia,
341 308 419 337 cur
442 290 557 338 hanc
582 290 972 355 independentiam
1000 291 1163 355 ipsam,
1186 291 1242 338 ad
1267 309 1401 357 quam
1419 292 1610 341 eeclesia

142 365 356 412 divinitus
388 367 456 412 ius
484 365 641 422 habet,
675 366 714 413 ei
751 365 895 412 modis
930 366 1137 414 omnibus
1171 368 1343 433 eripere
1377 369 1611 416 connitun-

144 440 246 488 tur?
280 441 426 496 Quare
458 441 690 489 ecclesiam
725 441 1005 506 deprimunt,
1034 442 1119 489 sub
1154 444 1257 507 iugo
1290 461 1431 509 eoque
1464 445 1612 492 duris—

142 518 256 564 simo
296 518 521 574 detinent,
560 517 691 583 quale
724 518 797 565 vix
832 517 931 582 ipsa
966 518 1078 565 serre
1113 520 1283 583 cogitur
1327 521 1412 568 sub
1459 521 1612 568 haere-

143 593 242 641 ticis
287 611 338 641 ac
384 594 638 642 infidelibus
663 594 687 640 ἢ.)
733 594 879 650 Quare
914 593 1037 658 ipsos
1072 611 1160 642 non
1205 597 1342 661 pudet
1386 598 1610 662 propriam

143 680 327 717 matrem
362 671 549 728 cedere,
582 670 887 736 proscindere,
929 670 1209 719 dilacerare?
1250 673 1398 730 Quare
1438 674 1607 739 duplici

142 757 327 794 utuntur
356 765 588 803 mensura,
622 747 728 794 hinc
759 746 939 811 quidem
964 746 1212 812 extollendo
1236 765 1288 795 ac
1312 748 1611 814 promovendo

143 823 586 886 protestantismum,
630 823 707 887 qui
741 823 883 870 sactus
923 833 990 870 est
1032 822 1229 887 ipsorum
1271 823 1470 881 idolum;
1509 826 1613 873 inde

142 915 245 945 vero
275 898 565 963 deprimendo
591 899 750 962 iugiter
777 899 917 962 magis
942 916 992 945 ac
1015 898 1159 962 magis
1183 899 1315 947 unice
1337 917 1485 947 veram
1511 901 1613 947 reli-

142 974 343 1037 gionem,
382 975 763 1023 christianismum
804 974 1009 1040 plenum,
1049 992 1127 1022 seu
1161 975 1393 1023 ecclesiam
1427 977 1613 1024 catholi-

143 1050 282 1098 cam?
315 1052 546 1116 Deponant
581 1052 715 1115 igitur
754 1051 933 1099 tandem
974 1051 1213 1116 aliquando
1253 1052 1608 1117 pseudo-politici

142 1127 325 1183 larvam,
348 1146 437 1193 qua
457 1146 505 1176 se
523 1139 781 1191 contegunt,
805 1138 938 1193 atque
956 1138 1107 1191 aperte
1126 1145 1257 1176 sensa
1277 1145 1359 1175 sua
1377 1140 1581 1192 promant
1599 1168 1607 1184 ‚

143 1222 198 1252 ne
232 1205 432 1253 incautos
466 1205 644 1253 valeant
677 1205 864 1252 ulterius
898 1204 1119 1269 decipere.

239 1283 343 1329 Post
386 1281 497 1329 haec
539 1280 782 1347 generatim
826 1280 1127 1335 considerata,
1167 1280 1254 1326 iam
1297 1292 1491 1346 praestat
1530 1282 1614 1328 ali-

141 1358 249 1423 quid
290 1357 550 1422 singillatim
587 1357 856 1422 respondere
879 1356 936 1403 ad
961 1373 1040 1412 ea,
1069 1373 1185 1420 quae
1212 1373 1264 1402 ex
1296 1374 1386 1404 uno
1421 1357 1614 1406 alterove

141 1444 312 1482 oratore
335 1452 471 1500 supra
495 1433 741 1481 retulimus.
765 1433 887 1480 Unus
912 1432 1062 1497 itaque
1085 1450 1138 1479 ex
1163 1433 1414 1480 oratoribus
1434 1450 1483 1481 se
1500 1433 1613 1480 velle

141 1510 352 1566 dicebat,
390 1519 439 1557 ut
472 1520 614 1557 status
658 1509 836 1556 omnino
876 1509 1181 1572 seiungeretur
1220 1509 1276 1556 ab
1310 1509 1530 1565 ecclesia,
1570 1521 1614 1557 et

140 1586 321 1651 quidem
355 1585 572 1633 absolute.
601 1585 683 1632 Ast
711 1584 879 1632 sciehat
906 1602 961 1632 ne
992 1585 1075 1631 iste
1106 1585 1169 1641 id,
1198 1585 1254 1632 de
1278 1602 1367 1649 quo
1402 1585 1612 1650 loqueba-

142 1661 251 1710 tur?
283 1663 378 1709 Non
414 1672 536 1726 puto.
565 1660 795 1725 Siquidem
826 1660 889 1706 rei
927 1671 1083 1707 natura
1114 1677 1201 1708 non
1236 1661 1402 1726 patitur
1434 1671 1483 1708 ut
1515 1661 1612 1708 eius

139 1739 352 1787 voluntati
379 1738 456 1785 fiat
480 1738 605 1785 satis.
621 1738 735 1784 Dum
754 1747 900 1785 orator
921 1737 1054 1784 vellet
1077 1737 1403 1802 separationem
1427 1754 1614 1803 eamque

143 1815 391 1863 absolutam
416 1813 640 1861 societatis
666 1813 722 1859 ab
746 1813 958 1868 ecclesia,
986 1812 1116 1861 vellet
1140 1813 1362 1861 interitum
1388 1814 1611 1861 societatis

144 1891 288 1955 ipsius
317 1929 326 1946 ‚
370 1889 743 1955 quemadmodum
778 1889 910 1936 vellet
942 1898 1126 1935 mortem
1161 1888 1354 1936 alicuius
1388 1890 1576 1937 viventis
1598 1928 1608 1946 ‚

143 1968 220 2032 qui
246 1967 376 2015 vellet
400 1966 722 2032 separationem
747 1966 923 2012 animae
946 1982 972 2012 a
996 1981 1194 2029 corpore.
1218 1964 1348 2020 Quod
1374 1965 1411 2012 si
1436 1965 1477 2012 ei
1501 1964 1613 2029 legis

143 2045 325 2092 schema
359 2044 493 2091 nimis
531 2042 722 2090 tribuere
755 2042 928 2090 videtur
960 2041 1207 2097 ecclesiae,
1245 2041 1331 2089 hoc
1364 2042 1528 2106 pendet
1560 2059 1613 2088 ex

143 2121 280 2169 nimio
312 2121 489 2176 affectu,
529 2136 617 2184 quo
653 2119 749 2184 ipse
783 2119 828 2165 in
862 2117 1097 2166 ecclesiam
1132 2117 1394 2165 catholicam
1429 2129 1611 2165 matrem

144 2215 270 2245 suam
289 2198 441 2245 fertur.
458 2197 554 2244 Heu
578 2206 686 2261 quot
709 2195 928 2243 eiusmodi
954 2195 1149 2258 ingratos
1180 2205 1313 2259 atque
1346 2194 1611 2242 inhumanos

144 2274 259 2323 filios
292 2274 338 2321 in
372 2274 475 2321 sinu
509 2290 591 2320 suo
625 2271 762 2318 nutrit
789 2270 1001 2318 ecclesia!

238 2350 334 2397 Non
369 2349 511 2397 solum
546 2346 692 2394 medio
725 2363 855 2402 aevo,
888 2346 965 2393 sed
1001 2357 1043 2393 et
1076 2364 1103 2393 a
1137 2347 1231 2394 suis
1262 2346 1543 2411 primordiis,
1572 2354 1613 2394 et

142 2426 352 2491 deinceps
387 2442 439 2472 ac
474 2441 649 2489 semper
681 2422 870 2470 ecclesia
903 2423 1104 2470 benefica
1136 2423 1249 2480 fuit,
1295 2434 1338 2470 et
1371 2424 1467 2480 erit,
1506 2424 1612 2489 quia

144 2502 244 2550 talis
268 2512 337 2550 est
363 2502 556 2550 essentia
590 2517 696 2555 sua,
731 2517 833 2547 nam
864 2500 1125 2547 informatur
1147 2518 1172 2547 a
1195 2500 1284 2548 fide
1307 2513 1350 2548 et
1372 2500 1607 2556 charitate.

143 2595 258 2642 quae
292 2594 535 2643 numquam
565 2575 729 2625 excidit
750 2577 867 2638 (39).
892 2577 1088 2623 Potestas
1119 2586 1266 2624 autem
1301 2577 1447 2624 civilis
1482 2594 1610 2624 suam

239 2726 304 2767 (39)
323 2726 374 2759 Cf.
391 2728 562 2768 Egregium
584 2734 665 2767 opus
679 2724 768 2757 card.
783 2725 886 2757 Caiet.
903 2723 1094 2764 Baluffi‚cui
1109 2723 1248 2756 titulus:
1267 2726 1317 2756 La
1329 2724 1446 2758 chiesa
1466 2732 1613 2757 romana

143 2780 375 2811 monost-§uta
396 2777 472 2811 alla
492 2787 558 2811 sua
582 2776 696 2810 carita
718 2785 816 2809 verso
837 2776 866 2809 il
886 2778 1055 2818 prosumo
1074 2784 1137 2817 per
1158 2775 1194 2808 la
1216 2784 1300 2808 vera
1318 2775 1433 2809 chiesa
1456 2775 1494 2809 dn·
1525 2776 1610 2808 Getis

144 2833 258 2863 cristo
273 2832 341 2863 vol.
358 2832 435 2863 in-s.
453 2833 556 2863 {mola
577 2834 663 2863 1854.
679 2830 733 2861 ubi
748 2829 790 2861 de
805 2830 866 2861 hoc
880 2830 1068 2870 argumento
1083 2829 1176 2869 plene
1188 2837 1226 2861 tc
1241 2828 1366 2861 erudite
1379 2828 1518 2861 disserit.

1486 2882 1511 2907 κ
