1912 3180
348 212 437 243 car.
467 211 496 242 1.
526 211 576 242 ni:
607 210 779 243 mrum.
809 209 957 241 emus
992 208 1169 241 mrum.
1198 209 1290 241 Aur.
1319 211 1361 240 v.
1499 193 1583 238 251

124 288 349 345 inficiant,
375 304 556 335 neeesse
579 297 662 334 est.
685 286 794 333 Cum
820 286 955 333 semel
975 286 1060 332 sibi
1080 285 1350 351 persuaserit
1378 285 1510 333 civile
1531 302 1594 333 re·

123 365 270 428 gimen
290 403 300 421 ,
344 363 611 412 connubium
650 361 834 427 perinde
868 378 920 408 ac
959 373 1208 410 contractus
1253 373 1421 411 ceteros
1454 362 1512 410 ab
1544 380 1594 410 se

123 442 305 488 omnino
332 451 464 504 atque
499 439 628 486 unice
668 437 889 502 pendere,
930 437 1148 503 pleneque
1188 440 1233 485 in
1269 456 1349 486 sua
1382 456 1483 486 esse
1515 456 1596 504 po-

125 527 305 571 testate,
333 533 385 562 ea
412 525 593 571 statuet,
622 531 738 579 quae
761 513 849 578 ipsi
872 512 1070 570 libuerit,
1099 515 1221 562 nulla
1245 515 1412 563 ratione
1444 514 1594 562 habita

124 591 537 656 impedimentorum
558 590 651 637 sive
670 589 1008 654 impedientium
1029 589 1123 636 sive
1141 591 1459 647 dirimentium,
1481 607 1596 656 quae

124 677 227 715 sunt
252 667 308 714 ab
338 667 526 714 ecclesia
559 667 814 714 constituta.
844 666 907 712 Ex
931 665 1016 713 hac
1043 683 1147 714 vero
1172 667 1279 714 iuris
1303 667 1595 714 ecclesiastici

125 760 177 790 ac
199 743 343 791 civilis
368 761 517 808 pugna
550 753 813 789 enascentur
839 752 994 808 sponte
1018 741 1151 789 veluti
1189 759 1271 788 sua
1305 742 1597 807 perturbatio-

127 837 239 877 nes,
276 820 559 868 difficultates
593 820 837 885 practicae,
878 835 1044 884 eaeque
1076 818 1382 882 gravissimae.
1411 820 1521 866 Nam
1556 818 1595 865 si

126 897 202 961 qui
225 897 445 944 voluerint
479 897 655 944 tandem
680 896 920 961 aliquando
949 894 1247 943 conscientiae
1264 912 1316 942 ac
1334 894 1464 942 saluti
1490 911 1598 942 suae

126 973 356 1020 consulere
389 991 469 1038 per
502 973 830 1020 renovationem
865 988 1111 1020 consensus
1138 971 1183 1018 in
1217 971 1330 1019 facie
1362 971 1592 1027 ecclesiae,

127 1059 175 1096 ut
197 1059 446 1096 contractus
481 1049 728 1112 coniugalis
744 1088 753 1106 ,
775 1048 851 1114 qui
876 1048 1091 1096 hactenus
1116 1048 1265 1095 irritus
1289 1048 1453 1104 suerat,
1476 1058 1596 1095 ratus

127 1125 226 1181 fiat,
256 1125 384 1172 facile
412 1143 461 1173 se
489 1126 708 1190 reperient
733 1126 969 1173 dirimente
997 1125 1146 1190 aliquo
1175 1125 1491 1189 impedimento
1525 1124 1599 1171 de-

127 1212 294 1258 tentos,
333 1218 421 1267 quo
446 1220 470 1249 a
494 1202 569 1249 tali
606 1202 888 1250 renovatione
920 1213 1166 1249 arceantur.
1206 1202 1251 1247 Si
1281 1202 1356 1266 qui
1381 1200 1493 1264 legis
1519 1200 1598 1247 ob-

128 1288 248 1326 tentu
266 1279 501 1327 divortium
520 1279 702 1326 fecerint
719 1297 744 1325 a
764 1279 906 1344 prima
924 1317 932 1335 ,
961 1278 1182 1335 secunda,
1212 1288 1287 1325 aut
1309 1278 1437 1325 tertia
1461 1294 1599 1342 quan-

127 1354 274 1419 doque
295 1372 458 1412 uxore,
487 1373 618 1420 quam
642 1366 743 1421 post
766 1356 890 1420 prius
916 1355 1152 1403 divortium
1183 1355 1593 1421 superinduxerint‚

129 1431 216 1477 iam
251 1431 440 1497 quisque
475 1433 616 1497 primo
647 1432 799 1479 obtutu
835 1431 974 1479 cernit
1008 1431 1052 1478 in
1087 1442 1193 1497 quot
1229 1449 1278 1479 se
1312 1431 1596 1478 difficultates

130 1507 426 1564 coniecerint,
466 1508 541 1573 qui
577 1508 642 1556 sic
675 1508 792 1555 civili
828 1518 996 1555 tantum
1037 1507 1207 1555 ratione
1244 1507 1435 1572 copulati
1476 1516 1593 1554 sunt.

130 1583 291 1631 Poterit
312 1584 429 1631 enim
446 1601 499 1631 ex
516 1584 731 1632 ecclesiae
765 1601 844 1632 seu
878 1585 1024 1650 potius
1046 1585 1127 1631 Dei
1149 1584 1290 1650 ipsius
1321 1584 1417 1647 lege
1443 1600 1597 1631 omnes

130 1659 345 1707 foeminas
385 1660 445 1707 ita
479 1661 736 1709 coniunctas
770 1661 974 1708 deserere
994 1700 1003 1718 ‚
1032 1672 1075 1708 et
1108 1661 1240 1709 aliam
1277 1677 1599 1726 quamcumque

131 1737 175 1782 in
217 1754 397 1784 uxorem
438 1737 622 1800 eligere,
663 1738 914 1801 coniugium
945 1756 1073 1785 suum
1109 1737 1374 1785 celebrando
1407 1737 1452 1784 in
1488 1737 1600 1784 facie

129 1811 370 1868 ecclesiae;
399 1813 557 1878 poterit
590 1814 744 1878 utique
767 1814 898 1860 etiam
922 1831 1057 1861 unam
1082 1831 1135 1862 ex
1161 1814 1384 1879 prioribus
1413 1814 1595 1868 ducere,

132 1888 396 1953 quandoque
418 1889 549 1936 etiam
579 1889 795 1936 tenebitur
815 1890 884 1937 vel
913 1901 1094 1955 propter
1127 1890 1289 1938 liberos
1320 1889 1386 1937 vel
1420 1899 1599 1954 propter

132 1963 243 2011 alias
277 1965 630 2013 circumstantias
664 1966 885 2013 secundae
916 1966 985 2013 vel
1017 1967 1195 2022 tertiae,
1238 1966 1380 2031 prima
1410 1965 1594 2020 relicta,

133 2040 387 2089 adhaerere.
410 2042 567 2089 Verum
593 2042 777 2090 obsistet
800 2043 1083 2106 gubernium,
1108 2043 1226 2107 quod
1252 2043 1417 2108 primas
1444 2042 1597 2089 saltem

132 2117 308 2180 nuptias
342 2118 406 2165 uti
440 2130 556 2165 ratas
590 2136 642 2166 ac
676 2118 895 2182 legitimas
930 2118 1079 2165 habet.
1122 2118 1238 2174 Quid
1273 2117 1377 2165 fiet?
1411 2118 1495 2174 Qui
1534 2118 1599 2166 sic

133 2192 177 2238 in
201 2192 312 2241 sacie
333 2194 546 2243 ecclesiae
564 2195 827 2243 contraxerit
849 2195 1117 2258 coniugium,
1139 2212 1192 2242 ex
1210 2195 1479 2242 conscientia
1496 2194 1600 2241 huic

132 2268 372 2317 adhaerere
406 2271 646 2327 tenebitur,
684 2283 835 2319 contra
868 2288 971 2318 vero
1004 2272 1288 2334 magistratus
1322 2270 1467 2318 civilis
1499 2289 1598 2318 eum

131 2357 256 2409 coget
288 2346 490 2394 deserere
525 2347 762 2395 secundam
791 2357 834 2394 et
866 2347 1106 2395 adhaerere
1141 2348 1298 2412 priori,
1339 2347 1597 2413 praesertim

132 2421 170 2468 si
188 2439 240 2469 ex
259 2422 393 2487 priori
417 2423 582 2488 prolem
606 2423 819 2487 genuerit.
850 2424 914 2470 En
939 2422 1243 2470 detestabilem
1268 2441 1462 2488 pugnam
1487 2426 1602 2471 inter

131 2498 446 2546 conscientiam
466 2509 508 2546 et
525 2499 690 2563 legem,
714 2500 827 2546 inter
849 2499 1081 2546 ecclesiam
1109 2510 1152 2546 et
1179 2499 1457 2563 gubernium.
1482 2499 1597 2556 Quid

134 2574 172 2620 si
205 2575 306 2639 quis
346 2576 607 2623 contraxerit
648 2575 846 2640 nuptiale
887 2576 1041 2624 foedus
1082 2593 1227 2624 coram
1268 2576 1458 2624 ecclesia
1499 2593 1598 2623 cum

134 2648 309 2714 aliqua,
341 2663 574 2717 postquam
609 2652 900 2717 deprehendit
930 2670 978 2699 se
1006 2669 1104 2699 cum
1129 2652 1219 2705 illa,
1247 2669 1379 2718 quam
1413 2651 1601 2700 civiliter

136 2724 333 2781 duxerat,
361 2744 446 2774 non
471 2745 602 2791 posse
630 2745 885 2791 permanere
909 2745 975 2784 e0‚
1005 2728 1122 2793 quod
1146 2727 1292 2792 vigeat
1315 2728 1601 2794 impedimen-

136 2811 225 2846 tum
250 2801 463 2849 dirimens
487 2841 495 2855 ,
535 2820 678 2866 neque
712 2821 809 2850 cum
835 2803 910 2850 illa
934 2821 1196 2851 consensum
1233 2822 1376 2853 coram
1413 2806 1598 2851 ecclesia
