1912 3180
324 168 412 211 376
565 180 645 211 un.
676 179 704 209 1.
735 176 875 208 sacrm
900 175 1072 207 ALTERA.
1102 175 1154 206 m:
1179 175 1354 208 unam.
1384 177 1524 209 cwm.

414 258 559 303 Prima
583 257 731 319 itaque
748 265 816 300 est
834 254 1001 318 optima
1027 252 1179 318 populi
1210 254 1346 300 animi
1382 256 1654 318 comparatio
1671 294 1680 311 ‚
1708 259 1782 321 qui

318 335 374 380 ab
402 331 640 379 omissione
670 330 780 375 ritus
818 328 1013 392 religiosi
1051 345 1234 393 prorsus
1270 328 1493 376 abhorret.
1533 330 1649 393 Ergo
1684 331 1787 380 inde

317 425 398 471 ego
433 405 678 454 concludo:
720 404 911 469 populus
945 404 1101 451 melior
1133 414 1201 451 est
1233 404 1563 467 legislatoribus
1589 406 1705 463 suis,
1735 425 1786 454 ac

317 487 427 548 lege,
456 501 589 548 quam
613 482 871 530 huiusmodi
907 482 1111 530 homines
1141 500 1167 529 a
1195 482 1359 547 populo
1393 483 1591 548 deputati
1626 484 1787 534 vellent

315 562 352 609 ei
380 562 620 625 imponere.
644 559 738 607 Hoc
755 559 874 606 idem
893 570 961 606 est
979 576 1031 605 ac
1049 558 1175 605 fateri
1198 559 1348 623 populi
1367 577 1549 607 sensum
1568 578 1620 607 ac
1638 579 1784 610 mores

315 637 564 703 superiores
597 653 699 683 esse
733 635 819 699 legi
855 653 905 683 ac
939 636 1034 682 suis
1068 634 1413 697 legislatoribus.
1455 637 1549 684 Hoc
1584 649 1652 685 est
1684 656 1785 704 pro-

315 711 425 760 fiteri
460 712 650 775 ingenue
677 729 763 759 non
797 707 938 774 legem
973 726 1116 756 mores
1150 709 1366 773 dirigere,
1407 711 1483 759 sed
1519 730 1666 761 mores
1704 731 1785 778 po-

315 789 405 855 puli
449 789 591 852 legem
635 788 857 852 corripere
892 797 935 832 et
967 785 1246 849 legislatores
1290 804 1395 834 suos
1420 825 1429 842 ‚
1478 798 1608 852 atque
1655 790 1786 838 tacite

314 865 578 931 exprobrare
611 882 828 919 errorem,
860 861 1216 910 immoralitatem
1248 880 1300 910 ac
1335 864 1666 927 perversitatem
1701 866 1786 914 du-

313 960 413 989 cum
449 958 657 997 suorum3
697 940 781 986 hoc
816 948 885 986 est
917 938 1111 1003 profiteri
1147 937 1204 984 ab
1238 938 1351 1004 ipsis
1386 939 1538 1005 populi
1572 941 1786 1005 delegatis

313 1018 397 1066 hac
415 1017 512 1081 lege
528 1027 677 1065 votum
697 1032 748 1062 ac
767 1014 1041 1061 desiderium
1067 1013 1221 1078 populi
1247 1014 1390 1062 fuisse
1412 1016 1641 1063 violatum.
1667 1017 1783 1073 Quid

313 1111 441 1159 porro
477 1093 621 1156 magis
656 1108 914 1156 perversum
939 1090 1029 1137 dici
1055 1100 1200 1155 potest
1232 1091 1445 1139 adversus
1471 1092 1638 1156 legem,
1668 1111 1786 1158 quae

312 1169 506 1216 iustitiae
540 1185 592 1215 ac
627 1166 907 1214 rectitudinis
936 1183 1092 1214 norma
1125 1183 1226 1213 esse
1251 1166 1469 1214 deberet?
1503 1167 1621 1224 Quid
1655 1169 1784 1233 igno-

310 1245 548 1293 miniosum
572 1244 715 1308 magis
739 1244 827 1291 dici
857 1254 1000 1309 potest
1035 1243 1247 1291 adversus
1279 1243 1611 1306 legumlatores‚
1646 1263 1782 1310 quam

309 1322 427 1388 quod
463 1322 548 1387 ipsi
583 1322 628 1367 in
664 1338 799 1368 causa
833 1320 942 1377 sint,
981 1329 1029 1366 ut
1062 1318 1215 1384 populi
1250 1337 1328 1383 per
1361 1318 1503 1382 legem
1538 1319 1780 1369 deteriores

310 1416 396 1446 non
422 1399 553 1455 fiant,
576 1398 675 1445 ideo
698 1397 805 1462 quia
829 1396 926 1460 lege
950 1413 1037 1444 non
1061 1394 1279 1443 utuntur?
1302 1395 1504 1443 Attamen
1530 1396 1617 1461 ipsi
1643 1408 1746 1445 sunt
1767 1436 1779 1454 ,

308 1475 383 1539 qui
418 1475 535 1522 hanc
564 1474 650 1522 sibi
686 1474 895 1520 infamiae
922 1484 1069 1521 notam
1106 1473 1286 1519 inurunt
1309 1474 1425 1534 (53).

403 1550 550 1597 Altera
583 1550 773 1596 huiusce
807 1548 1157 1596 ratiocinationis
1192 1565 1296 1612 pars
1327 1558 1394 1595 est
1421 1548 1657 1596 innocuam
1686 1550 1777 1598 fore

307 1628 446 1690 legem
484 1627 540 1673 ob
585 1626 852 1690 paucitatem
895 1643 1078 1681 eorum,
1127 1624 1202 1688 qui
1247 1625 1501 1687 coniugium
1538 1625 1622 1673 hoc
1656 1644 1776 1674 mere

307 1702 436 1750 civile
470 1702 646 1748 inirent.
676 1702 790 1765 Ergo
821 1701 979 1748 iterum
1016 1700 1275 1747 inserimus:
1317 1700 1497 1764 ipsimet
1524 1701 1635 1764 legis
1676 1720 1778 1767 pro-

307 1788 573 1842 pugnatores
605 1777 865 1842 profitentur
889 1776 1028 1839 legem
1054 1793 1131 1840 per
1149 1793 1197 1822 se
1214 1775 1390 1822 noxiam
1415 1793 1541 1832 esse,
1571 1793 1651 1823 seu
1675 1795 1777 1840 gra-

305 1854 490 1902 vissima
524 1851 641 1899 mala
669 1851 910 1899 obventura
945 1869 1044 1898 esse
1078 1850 1303 1906 societati,
1343 1851 1381 1898 si
1417 1850 1486 1897 lex
1521 1852 1689 1916 passim
1723 1871 1777 1900 ac

308 1930 438 1992 vulgo
467 1928 713 1976 executioni
748 1928 1056 1983 mandaretur;
1097 1927 1277 1991 ipsimet
1310 1927 1427 1973 haud
1464 1927 1772 1985 dissimulant,

304 2005 424 2071 quod
459 2004 497 2051 si
534 2003 746 2067 plurimi,
786 2014 861 2050 aut
903 2002 1105 2068 plerique
1147 2002 1311 2048 civium
1357 2002 1577 2050 eiusmodi
1613 2003 1778 2052 inirent

304 2080 534 2144 coniugia,
565 2079 610 2125 id
636 2079 810 2134 cederet
843 2079 889 2124 in
924 2078 1234 2125 detrimentum
1265 2077 1504 2135 societatis,
1544 2079 1671 2126 cuius
1708 2079 1776 2126 in-

303 2156 542 2206 columitati
575 2166 707 2221 atque
740 2155 918 2202 utilitati
956 2154 1043 2219 ipsi
1079 2154 1268 2200 maxime
1290 2192 1299 2210 ‚
1338 2154 1472 2201 immo
1505 2172 1609 2202 vero
1644 2155 1776 2203 unice

303 2234 482 2282 studere
507 2250 555 2280 se
580 2232 758 2280 iactant.
795 2232 950 2296 Itaque
984 2247 1072 2277 non
1105 2229 1218 2294 legi,
1248 2247 1335 2277 non
1369 2229 1698 2292 legislatoribus
1729 2233 1773 2278 in

302 2309 497 2373 acceptis
533 2307 682 2354 referri
730 2306 892 2363 debet,
941 2306 1060 2370 quod
1105 2306 1294 2353 societas
1335 2305 1389 2352 ad
1425 2305 1597 2352 ruinam
1633 2324 1682 2353 ac
1717 2307 1773 2353 ad

303 2384 526 2431 interitum
562 2383 910 2447 praecipitanter
943 2399 1031 2429 non
1066 2391 1284 2446 properet,
1309 2381 1387 2428 sed
1410 2381 1627 2446 practicae
1660 2381 1772 2445 legis

302 2459 600 2507 desuetudini.
630 2460 686 2506 Et
717 2458 764 2504 hi
801 2457 1092 2505 nihilominus
1117 2474 1166 2504 se
1191 2457 1344 2522 populi
1370 2474 1421 2504 ac
1447 2457 1672 2505 societatis
1705 2469 1772 2505 tu-

302 2548 416 2583 tores
451 2546 787 2600 servatoresque
821 2551 1078 2599 nuncupare
1113 2551 1200 2581 non
1233 2533 1466 2582 verentur!

395 2611 539 2675 Atque
556 2611 725 2658 utinam
744 2610 819 2658 hic
837 2610 1014 2658 sisteret
1035 2610 1220 2657 istorum
1245 2609 1454 2665 audacia;
1478 2609 1556 2656 sed
1581 2609 1769 2658 ulterius

302 2687 524 2749 progressi
556 2686 814 2734 adnituntur
833 2704 1063 2734 numerum
1087 2703 1238 2734 eorum
1264 2702 1439 2748 augere,
1468 2684 1545 2749 qui
1570 2684 1769 2733 exitiales

395 2785 461 2825 (53)
483 2785 533 2816 cs.
554 2786 667 2819 sauzet
682 2795 735 2828 op,
754 2786 808 2820 cit.
827 2795 897 2827 pag.
913 2792 950 2819 22
964 2795 1054 2828 seqq.
