1918 3186
426 208 515 240 cAr.
532 208 590 240 vi.
609 208 661 240 nr.
684 207 816 240 mssa
846 208 992 241 com-n.
1018 208 1066 240 m·
1091 208 1204 241 Sici«.
1223 208 1315 241 Aur.
1331 207 1376 241 11.
1546 193 1636 238 199

170 287 385 336 adnexam
425 305 452 335 a
492 287 669 334 Christo
713 287 800 351 ipsi
846 288 1090 335 contractui
1134 287 1318 335 mediate
1351 323 1365 342 ,
1424 303 1505 334 seu
1550 303 1642 334 me-

171 364 319 411 diante
352 363 659 410 denedictione
702 361 994 418 sacerdotali,
1032 364 1281 412 constituta*
1305 381 1332 411 a
1366 362 1544 411 Christo
1575 363 1640 410 uti

170 440 310 488 forma
343 439 621 487 sacramenti.
658 439 838 503 Utrique
872 438 1006 501 igitur
1029 440 1073 485 in
1097 458 1149 488 eo
1172 440 1461 496 conveniunt,
1490 455 1640 487 sacra-

169 526 365 563 mentum
391 515 658 562 matrimonii
687 531 714 561 a
737 513 913 562 Christo
943 514 1191 562 institutum
1224 516 1403 581 proprie
1425 533 1525 564 esse
1547 532 1667 574 ma-‚

170 591 423 638 trimonium
463 591 612 655 ipsum
646 607 865 654 exurgens
898 608 951 638 ex
984 602 1210 639 contractu
1226 630 1237 649 ,
1274 593 1352 657 qui
1383 591 1683 659 suppeditat

168 683 269 714 esse
290 667 444 714 unioni
468 667 689 731 coniugali
722 666 926 714 referenti
959 667 1312 715 coniunctionem
1339 667 1506 715 Christi
1539 667 1667 715 cum⁹

168 743 379 800 ecclesia,
413 743 575 808 cuique
600 744 766 809 placuit
791 743 1004 791 Salvatori
1038 754 1188 791 nostro
1221 743 1454 791 adnectere
1494 760 1642 792 sacra-

169 820 306 867 menti
344 820 602 883 dignitatem
632 858 641 877 ,
685 820 885 884 adeoque
923 837 1061 867 unum
1101 820 1310 884 idemque
1348 819 1496 867 effecit
1535 836 1641 868 con-

170 906 355 944 tractum
394 906 438 943 et
475 907 822 952 sacramentum,
855 896 916 942 ita
956 906 1004 942 ut
1042 896 1098 943 ab
1131 895 1319 943 invicem
1353 896 1553 960 separari
1588 912 1641 943 ac

169 973 365 1037 dispesci
400 982 621 1037 nequeant
651 973 767 1034 (22).

267 1052 311 1097 3.
352 1049 565 1097 Probatur
596 1066 650 1096 ex
683 1049 783 1112 ipsa
816 1049 1085 1095 matrimonii
1120 1058 1276 1096 natura
1309 1058 1438 1113 prout
1469 1049 1643 1112 exurgit

169 1143 222 1173 ex
256 1135 482 1173 contractu
516 1125 573 1172 ad
608 1124 867 1187 dignitatem
905 1124 1169 1172 sacramenti
1202 1141 1229 1171 a
1261 1123 1437 1171 Christo
1470 1134 1635 1172 evecto.

169 1202 344 1250 Etenim
377 1211 628 1249 contractus
652 1212 696 1248 et
718 1211 1042 1248 sacramentum
1066 1200 1128 1248 ita
1150 1210 1268 1248 arcte
1294 1210 1636 1256 connectuntur,

169 1289 219 1326 ut
241 1296 295 1326 ex
317 1289 504 1341 utroque
530 1277 663 1325 simul
688 1286 864 1341 sumpto
886 1293 1026 1323 unum
1051 1276 1379 1323 matrimonium
1403 1275 1635 1323 habeatur.

169 1354 400 1419 Siquidem
423 1365 501 1401 aut
522 1353 770 1401 communis
793 1352 1038 1400 admittitur
1061 1352 1281 1400 sententia
1303 1352 1360 1398 de
1382 1351 1642 1399 contrahen-

171 1429 290 1477 tibus
324 1430 541 1478 ministris
576 1432 718 1494 (quae
743 1445 862 1476 nunc
879 1438 947 1475 est
965 1428 1095 1475 unice
1111 1430 1269 1490 vera),
1300 1438 1377 1475 aut
1403 1427 1547 1491 magis
1570 1445 1642 1475 ar-

171 1506 284 1555 ridet
316 1507 533 1554 sententia
559 1506 616 1553 de
648 1505 851 1552 ministro
881 1504 1122 1552 sacerdote.
1162 1503 1208 1549 Si
1235 1504 1355 1568 prior
1383 1503 1641 1551 admittatur

171 1582 412 1638 sententia,
442 1599 514 1629 res
549 1581 679 1646 plane
713 1580 912 1628 confecta
946 1590 1034 1636 est,
1066 1597 1167 1627 cum
1202 1596 1291 1627 non
1320 1579 1443 1627 aliud
1477 1579 1538 1627 sit
1570 1596 1643 1627 sa-

171 1667 464 1714 cramentum,
494 1675 631 1722 quam
659 1658 758 1722 ipse
782 1667 1032 1704 contractus
1062 1674 1088 1703 a
1119 1655 1328 1719 legitimis
1355 1655 1559 1720 personis
1583 1655 1644 1703 sa-

170 1744 267 1782 ctus
301 1734 385 1782 sub
424 1734 588 1782 debitis
629 1733 956 1781 conditionibus
997 1733 1192 1780 referens
1231 1733 1441 1780 unionem
1475 1731 1641 1780 Christi

172 1827 273 1857 cum
295 1811 508 1867 ecclesia,
536 1822 669 1875 atque
692 1811 777 1857 hac
799 1810 855 1856 de
875 1827 1014 1857 causa
1040 1826 1067 1855 a
1093 1808 1270 1856 Christo
1295 1807 1437 1871 gratia
1457 1818 1637 1864 auctus,

172 1896 322 1950 utpote
355 1887 534 1950 signum
558 1886 714 1934 efficax
742 1887 1006 1934 constitutus
1041 1884 1242 1932 eiusdem
1276 1884 1464 1947 gratiae;
1500 1894 1543 1930 et
1571 1901 1642 1932 res

173 1963 305 2010 etiam
329 1962 489 2011 clarior
511 1963 671 2011 evadit.
706 1963 751 2009 Si
776 1963 993 2027 posterior
1017 1960 1233 2009 sententia
1255 1960 1525 2007 adversariis
1548 1977 1643 2007 ma-

173 2040 242 2101 gis
277 2039 468 2103 placeat,
500 2050 605 2086 tunc
638 2049 961 2087 sacramentum
989 2049 1058 2086 est
1085 2037 1202 2083 idem
1232 2046 1505 2092 contractus,
1533 2053 1644 2100 qua-

174 2127 302 2162 tenus
326 2133 405 2179 per
428 2115 611 2163 sormam
635 2133 662 2162 a
684 2115 909 2163 sacerdote
934 2115 1147 2179 prolatam
1168 2113 1351 2160 materia
1372 2112 1420 2159 fit
1443 2112 1644 2176 proxima

176 2192 461 2248 sacramenti,
490 2192 579 2238 vim
604 2191 774 2239 habens
797 2209 851 2238 ex
874 2191 1038 2238 Christi
1063 2189 1337 2236 institutione
1371 2188 1641 2253 producendi

174 2269 380 2331 gratiam,
416 2286 495 2315 seu
528 2280 596 2316 est
629 2268 744 2314 idem
779 2268 876 2331 ipse
908 2276 1157 2314 contractus
1183 2264 1486 2313 sanctificatus
1515 2282 1542 2312 a
1566 2265 1644 2312 be-

175 2344 422 2392 nedictione
451 2344 729 2392 sacerdotali.
766 2344 880 2407 Ergo
908 2344 954 2389 in
980 2353 1167 2406 utraque
1195 2341 1431 2406 hypothesi
1459 2358 1642 2388 concur-

174 2431 275 2468 runt
312 2431 562 2469 contractus
602 2430 645 2467 et
683 2430 1004 2467 sacramentum
1043 2429 1268 2482 tamquam
1308 2416 1396 2464 duo
1436 2416 1644 2464 attributa

174 2497 308 2544 unius
343 2497 633 2560 eiusdemque
658 2497 721 2543 rei
746 2495 1025 2550 efficiendae,
1056 2510 1170 2558 quae
1198 2502 1267 2539 est
1293 2491 1634 2540 matrimonium.

178 2571 453 2637 Quapropter
486 2573 700 2636 distingui
725 2590 752 2619 a
776 2590 825 2620 se
859 2572 1047 2619 invicem
1082 2581 1306 2634 tamquam
1334 2586 1404 2617 res
1431 2586 1459 2616 a
1482 2586 1530 2616 re
1555 2585 1643 2615 am-

178 2647 292 2711 plius
326 2660 570 2713 nequeunt,
606 2667 658 2696 ac
693 2648 904 2713 separari.

276 2812 339 2850 (⁸22)
361 2813 410 2843 Cf.
428 2814 523 2844 card.
546 2813 654 2844 (ἴοι-(ΠΙ
678 2813 738 2843 loc.
756 2812 811 2843 cit.
