1918 3186
365 183 423 227 98
628 196 710 229 LIB.
740 197 769 227 1.
799 194 911 226 SECT.
942 195 971 226 1.
1003 195 1054 226 DE
1078 195 1250 228 numu.
1281 195 1564 229 SAGRAMENro-.

358 290 483 328 zare,
522 273 596 319 sed
628 264 950 335 evanqelizare,
991 272 1153 320 rectius
1187 283 1278 329 est,
1317 283 1366 319 ut
1398 274 1609 338 mysteria
1642 275 1722 321 Dei
1756 276 1825 322 in-

358 347 609 411 telligantur
653 346 756 393 fidei
802 356 978 394 nostrae
1020 347 1225 411 dogmata
1263 365 1290 394 a
1329 348 1419 395 Deo
1460 348 1665 396 revelata.
1703 349 1826 412 Quae

358 423 536 488 quidem
561 423 766 487 mysteria
789 422 1009 480 dicuntur,
1033 424 1139 488 quia
1163 433 1330 471 secreta
1355 434 1479 481 sunt,
1506 435 1555 471 ut
1578 425 1746 490 absque
1761 444 1826 474 re-

355 498 574 546 velatione
605 498 811 562 cognosci
846 511 1084 564 nequeant.
1106 539 1113 546 .
1131 539 1138 546 .
1155 501 1249 547 Non
1273 510 1419 547 tamen
1437 500 1493 547 ab
1510 500 1582 547 his
1600 502 1824 566 mysteriis

355 584 630 622 sacramenta
663 592 802 622 novae
835 574 945 639 legis
982 593 1264 640 separamus,
1304 577 1383 624 sed
1418 577 1582 641 pariter
1616 576 1700 624 sub
1734 577 1791 624 iis
1809 615 1819 634 ,

353 659 401 696 ut
419 650 546 714 signa
563 650 810 715 corporalia
827 651 993 714 gratiae
1011 651 1255 714 spiritualis
1274 651 1473 699 efficacia
1495 652 1827 717 comprehendi-

352 742 469 773 mus.
487 726 683 782 Quorum
712 726 897 792 proinde
920 727 1195 791 dispensatio
1219 728 1275 774 ad
1300 728 1480 776 eosdem
1505 728 1669 776 Christi
1693 729 1825 775 mini-

351 811 466 850 stros
500 803 735 867 pertinet.»

448 877 558 925 Cum
601 878 734 941 igitur
776 888 919 925 textus
963 877 1330 935 fundamentalis,
1367 880 1456 927 imo
1489 881 1648 927 unicus
1688 880 1823 927 huius

351 954 593 1001 sententiae
620 954 782 1001 directe
806 971 892 1001 non
918 953 1100 1017 attingat
1133 965 1508 1002 sacramentorum
1542 955 1826 1003 administra-

351 1029 536 1086 tionem,
561 1030 641 1077 sed
659 1029 957 1092 evangelicam
982 1030 1377 1094 praedicationem,
1405 1041 1525 1096 patet
1547 1031 1667 1078 haud
1690 1049 1823 1096 posse

349 1104 457 1152 Cani
491 1099 727 1153 sectatores
762 1106 825 1151 illi
855 1106 965 1153 adeo
1000 1106 1185 1154 fidenter
1218 1107 1372 1164 inniti,
1400 1111 1448 1154 ut
1471 1125 1572 1154 eum
1596 1119 1823 1173 opponant

348 1191 574 1245 tamquam
599 1182 886 1246 praecipuum
918 1182 1122 1230 contrarii
1158 1183 1307 1247 placiti
1343 1184 1654 1241 sectatoribus,
1693 1196 1823 1249 prout

346 1257 434 1321 ipsi
459 1257 638 1305 faciunt.
662 1257 861 1306 Attamen
885 1269 1058 1323 praeter
1080 1259 1180 1316 hoc,
1209 1259 1377 1307 nullum
1401 1260 1514 1324 ipsis
1535 1261 1732 1326 suppetit
1752 1261 1821 1308 bi-

346 1332 511 1380 blicum
545 1334 868 1391 testimonium,
906 1334 1025 1399 quod
1059 1335 1295 1400 proferant.

446 1410 666 1465 Quoniam
689 1427 814 1467 vero,
842 1410 906 1457 uti
931 1411 1132 1458 nonnulli
1158 1411 1415 1477 interpretes
1440 1412 1815 1470 animadvertunt,

348 1485 405 1532 ab
424 1486 509 1534 1130
525 1486 767 1535 universali
791 1483 1093 1552 propositione
1117 1505 1205 1534 non
1230 1485 1523 1536 excluduntur
1539 1489 1596 1535 ab
1613 1489 1822 1554 Apostolo

347 1560 478 1608 etiam
508 1572 807 1619 sacramenta,
838 1562 937 1610 ideo
971 1572 1014 1609 et
1046 1562 1103 1609 ad
1139 1562 1223 1610 hoc
1255 1562 1368 1626 ipsis
1403 1563 1680 1628 eripiendum
1714 1564 1823 1612 effu-

343 1636 464 1699 gium
486 1675 496 1694 ,
545 1638 809 1686 adnotamus
843 1637 919 1684 illa
952 1655 1039 1685 non
1075 1637 1250 1685 excludi
1286 1649 1586 1695 sacramenta,
1631 1657 1818 1703 quorum

343 1712 665 1761 administratio
697 1714 925 1778 Evangelii
959 1712 1251 1779 praeconibus
1295 1714 1547 1762 concredita
1586 1726 1667 1762 est.
1709 1715 1818 1762 Cum

341 1788 526 1852 proinde
560 1789 761 1854 quaestio
800 1789 989 1853 agitatur
1021 1808 1126 1836 num
1162 1789 1354 1852 coniugii
1397 1790 1627 1837 christiani
1671 1808 1818 1838 sacra-

341 1874 538 1911 mentum
574 1883 627 1912 ex
661 1865 750 1913 illis
776 1866 848 1923 sit,
878 1884 1065 1931 quorum
1100 1866 1422 1914 administratio
1453 1866 1509 1914 iis
1543 1876 1610 1913 est
1641 1866 1819 1914 deman-

340 1940 467 1998 data,
506 1940 640 2005 plane
672 1943 957 2007 consequitur
990 1942 1097 1989 Cani
1133 1942 1378 1989 sententiae
1409 1953 1620 2008 patronos
1648 1943 1814 2010 ex'hoc

339 2027 459 2063 textu
493 2017 605 2064 nihil
639 2019 883 2083 proficere,
923 2019 1011 2066 nisi
1045 2029 1276 2066 assumant
1309 2019 1428 2083 quod
1463 2030 1532 2066 est
1565 2020 1611 2065 in
1648 2030 1815 2067 contro-

338 2093 484 2140 versia
516 2094 727 2157 positum.
752 2095 890 2142 Tanto
924 2095 1067 2158 magis
1102 2095 1221 2159 quod
1256 2095 1581 2160 propositiones
1614 2097 1773 2142 aientes
1794 2132 1806 2150 ,

338 2177 387 2213 ut
420 2167 658 2232 loquuntur
692 2169 849 2232 logici,
879 2187 957 2217 seu
982 2170 1200 2234 positivae
1223 2181 1265 2217 et
1288 2171 1577 2227 affirmantes,
1608 2188 1696 2218 non
1722 2171 1812 2218 sint

337 2242 636 2301 universales,
675 2256 804 2308 prout
837 2255 1050 2308 negantes
1086 2255 1219 2310 atque
1252 2246 1551 2293 excludentes.

433 2318 614 2367 Accedit
645 2321 764 2384 quod
798 2320 932 2368 lateat
972 2321 1276 2386 aequivocatio
1312 2322 1356 2368 in
1390 2339 1498 2369 voce
1531 2321 1813 2385 dispensatio-

336 2395 421 2449 nis,
446 2411 527 2441 seu
545 2395 941 2443 administrationis
971 2407 1366 2455 sacramentorum,
1403 2415 1534 2462 quam
1570 2397 1686 2444 sumi
1722 2407 1814 2444 tum

336 2469 479 2532 possit
492 2487 572 2535 pro
586 2481 960 2518 sacramentorum
973 2472 1246 2535 confectione,
1259 2483 1351 2519 tum
1371 2489 1450 2537 pro
1469 2471 1721 2519 eorumdem
1736 2471 1812 2518 ad-

334 2545 668 2594 ministrationis
687 2546 915 2610 regimine;
932 2547 1067 2611 priori
1082 2564 1234 2604 sensu,
1254 2548 1330 2612 qui
1345 2557 1620 2594 sacramenta
1633 2547 1811 2612 dispen-

333 2636 434 2667 sare
458 2621 683 2679 dicuntur,
719 2633 823 2670 sunt
856 2623 949 2670 veri
983 2622 1203 2670 ministri:
1243 2623 1477 2687 posteriori
1505 2639 1609 2670 vero
1637 2640 1724 2670 non
1754 2624 1811 2670 si-

333 2695 596 2758 gnificantur
614 2699 702 2746 nisi
720 2699 973 2746 eorumdem
992 2698 1287 2746 moderatores
1304 2737 1313 2755 ,
1336 2699 1413 2764 qui
1434 2717 1592 2765 nempe
1611 2717 1678 2756 ea,
1693 2717 1808 2764 quae

333 2770 389 2818 ad
408 2772 597 2819 validam
623 2774 952 2840 legitimamque
977 2786 1348 2823 sacramentorum
1382 2775 1805 2833 administrationem
