1918 3186
334 232 422 261 cair.
453 230 482 261 1.
512 230 563 261 »Β
593 230 765 262 numu.
795 230 942 269 ulvius
975 228 1150 260 mrum.
1180 229 1272 259 Aur.
1304 228 1365 259 ιιι.
1520 212 1607 257 225

143 311 191 356 {it
221 320 268 356 ut
302 310 415 355 inter
448 308 715 355 christianos
750 307 1001 369 contingere
1031 306 1174 370 possit
1195 306 1291 352 dari
1316 306 1611 371 polygamiam

143 386 193 432 de
228 386 358 450 sacto,
398 401 638 447 numquam
671 399 776 429 vero
809 382 859 428 de
894 383 1001 428 iure.

241 461 414 518 Quibus
449 460 508 506 ita
542 458 833 523 compositis,
881 459 1133 521 coniugium
1168 460 1298 507 civile
1336 459 1614 524 polygamiae

146 537 359 586 materiali
384 553 436 583 ac
464 535 593 598 legali
628 535 774 582 favere
808 546 908 599 post
930 552 999 591 ea,
1028 553 1143 599 quae
1178 536 1394 601 superiori
1430 535 1615 583 articulo

145 615 337 661 diximus
367 613 423 659 de
456 612 674 668 divortiis,
704 629 774 658 res
799 628 877 676 per
901 628 949 658 se
972 611 1083 658 adeo
1119 613 1356 677 perspicua
1379 624 1462 669 est,
1490 623 1539 659 ut
1562 630 1616 658 ne

144 690 518 737 demonstratione
551 688 730 753 quidem
765 688 961 751 indigere
992 688 1212 735 videatur.
1239 690 1302 735 Ne
1331 690 1433 753 quis
1470 699 1614 736 tamen

146 767 318 813 muneri
339 776 488 813 nostro
506 765 831 830 quodammodo
855 782 936 812 nos
959 764 1155 812 defuisse
1178 777 1456 822 succenseat,
1484 776 1618 830 atque

146 853 195 890 ut
217 843 263 889 in
288 842 518 907 propatulo
552 842 824 907 impietatem
858 841 1123 890 collocemus
1147 842 1268 889 illius
1292 842 1402 904 legis
1419 880 1429 898 ,
1456 859 1546 906 qua
1571 842 1615 887 in

149 920 325 983 regione
348 919 591 976 catholica,
631 930 764 983 atque
786 919 899 966 inter
921 919 1189 976 catholicos,
1217 930 1261 966 et
1283 919 1339 966 ab
1364 919 1437 975 iis,
1467 919 1545 983 qui
1569 936 1618 965 se

148 995 387 1043 catholicos
423 995 696 1059 profitentur,
726 994 855 1043 civile
877 995 1129 1058 coniugium
1165 995 1432 1050 sanciretur,
1471 1004 1619 1041 osten-

146 1073 304 1119 demus
329 1073 422 1120 sive
444 1072 682 1119 theoretice
716 1072 809 1119 sive
844 1072 1034 1137 practice
1070 1071 1364 1137 polygamiam
1399 1071 1618 1135 profluere

147 1168 199 1197 ex
232 1150 331 1214 ipsa
363 1148 574 1197 connubii
609 1148 754 1197 civilis
791 1149 1057 1197 conditione.

243 1226 298 1272 At
329 1225 471 1290 primo
494 1226 539 1271 in
564 1236 753 1273 mentem
789 1226 1083 1274 revocandum
1108 1238 1200 1284 est,
1229 1245 1280 1275 ex
1304 1227 1436 1275 dictis
1461 1227 1619 1275 foedus

148 1301 347 1367 nuptiale
380 1302 426 1348 in
468 1302 722 1365 regionibus
741 1341 750 1359 ‚
787 1303 833 1349 in
867 1302 1031 1368 quibus
1066 1303 1289 1351 decretum
1334 1303 1620 1351 tridentinum

150 1379 475 1443 promulgatum
498 1389 587 1435 est,
610 1390 731 1426 extra
764 1379 947 1427 formam
982 1380 1139 1427 initum
1163 1380 1220 1426 ab
1243 1379 1398 1427 eodem
1431 1378 1621 1427 concilio

152 1454 469 1519 praescriptam
485 1492 495 1510 ,
534 1454 703 1501 nullum
727 1471 780 1502 ac
802 1455 972 1502 irritum
1006 1472 1133 1512 esse,
1172 1473 1258 1503 non
1293 1455 1424 1503 modo
1448 1454 1533 1503 sub
1558 1472 1623 1502 ra·

154 1531 272 1579 tione
296 1531 575 1587 sacramenti,
597 1547 750 1578 verum
769 1531 902 1578 etiam
926 1531 1010 1578 sub
1028 1531 1197 1580 ratione
1214 1532 1321 1579 meri
1348 1541 1617 1579 contractus.

154 1608 248 1654 Non
266 1617 335 1654 est
350 1617 582 1671 propterea
606 1607 694 1654 nisi
719 1607 950 1655 conventio
966 1607 1049 1655 viri
1069 1625 1119 1655 ac
1137 1608 1337 1656 mulieris
1361 1608 1551 1671 degendi
1576 1608 1621 1654 in

149 1693 270 1730 <statu
298 1682 531 1731 fornicario
555 1700 634 1730 seu
668 1684 714 1730 in
745 1684 1041 1732 concubinatu
1070 1684 1227 1748 legali;
1261 1685 1344 1733 sub
1372 1684 1456 1732 hoc
1477 1695 1622 1732 autem

153 1769 356 1824 respectu
375 1758 412 1805 si
431 1759 533 1823 quis
555 1770 656 1824 post
678 1759 830 1807 civiles
855 1760 1034 1825 nuptias
1057 1778 1160 1809 vere
1183 1760 1239 1808 ad
1263 1777 1462 1808 normam
1485 1759 1624 1807 eccle—

158 1834 325 1881 siastici
353 1834 464 1880 iuris
490 1833 614 1881 alteri
638 1835 813 1882 cuidam
837 1853 886 1883 se
908 1835 954 1882 in
978 1836 1182 1899 coniugio
1209 1835 1455 1900 copularet,
1478 1834 1517 1882 is
1537 1851 1623 1881 non

156 1910 267 1956 foret
283 1909 562 1974 polygamiae
579 1927 681 1958 reus
694 1948 703 1966 ‚
721 1921 872 1975 utpote
889 1911 1103 1959 hactenus
1123 1902 1293 1959 solutus
1312 1910 1367 1957 ab
1385 1909 1504 1957 omni
1521 1926 1625 1957 con-

158 1985 296 2049 iugali
312 1986 504 2033 vinculo.
520 1987 605 2033 Lex
618 1987 797 2052 quidem
816 1987 961 2035 civilis
978 1999 1204 2053 tamquam
1222 1987 1506 2052 polygamum
1525 2003 1628 2033 eum

157 2062 354 2118 haberet,
366 2062 444 2126 qui
462 2062 581 2110 civili
597 2064 876 2111 matrimonio
888 2064 965 2110 uni
979 2064 1258 2120 coniunctus,
1271 2080 1419 2110 coram
1435 2062 1626 2110 ecclesia

159 2138 282 2186 alteri
308 2138 515 2195 nuberet;
544 2149 588 2186 at
612 2156 763 2187 revera
786 2140 1039 2205 polygamia
1062 2139 1162 2187 heic
1186 2138 1309 2186 nulla
1332 2149 1400 2185 est
1422 2155 1474 2185 eo
1498 2139 1620 2202 ipso,

159 2213 278 2278 quod
303 2213 472 2260 nullum
491 2214 551 2261 sit
567 2214 696 2262 civile
720 2215 989 2278 coniugium.
1010 2215 1105 2262 Hoc
1122 2215 1302 2279 quidem
1322 2231 1374 2261 ex
1393 2214 1625 2279 principiis

160 2289 405 2337 catholicis.
427 2289 483 2337 At
499 2291 630 2338 modo
655 2309 707 2338 ex
732 2291 1084 2338 adversariorum
1109 2290 1340 2355 principiis
1366 2307 1620 2353 arguamus.

254 2367 319 2412 Ex
357 2377 639 2431 praepostero
672 2366 846 2414 illorum
879 2367 1118 2431 principio,
1157 2366 1275 2431 quod
1309 2365 1365 2412 ad
1400 2365 1527 2413 civile
1560 2383 1627 2413 re-

159 2444 305 2506 gimen
324 2455 490 2508 spectet
506 2444 786 2491 matrimonia
802 2444 1000 2507 iungere,
1023 2455 1157 2508 atque
1171 2443 1384 2490 ecclesiae
1402 2460 1488 2490 non
1506 2442 1626 2490 aliud

161 2520 230 2567 ius
263 2521 495 2568 conveniat
518 2538 652 2585 quam
676 2521 942 2568 sacramenti
967 2519 1189 2567 sanctitati
1225 2519 1495 2583 prospicere,
1523 2536 1627 2567 con-

162 2595 330 2657 iugium
358 2596 486 2645 civile
508 2607 576 2645 est
597 2615 698 2645 vere
720 2609 764 2645 et
786 2597 963 2662 proprie
986 2606 1235 2644 contractus
1270 2595 1622 2643 matrimonialis.

165 2669 257 2716 Hac
289 2672 344 2718 de
377 2690 512 2720 causa
546 2674 737 2721 fautores
771 2674 883 2737 legis
908 2674 964 2720 de
986 2671 1207 2735 coniugiis
1241 2671 1447 2719 civilibus
1470 2671 1516 2718 in
1546 2689 1627 2720 nos

165 2747 513 2806 excandescunt,
545 2767 597 2797 eo
629 2750 748 2814 quod
782 2750 984 2797 dicamus
1018 2748 1170 2795 civiles
1206 2748 1384 2813 nuptias
1409 2766 1494 2796 non
1528 2766 1629 2797 esse

165 2822 250 2869 nisi
284 2822 468 2887 legalem
503 2826 857 2875 concubinatum.

1527 2924 1568 2956 15>
