1918 3186
322 171 384 215 66
581 183 662 214 un.
691 182 721 213 1.
750 178 861 212 secr.
891 178 920 209 1.
949 178 1001 209 m:
1034 177 1210 211 umus.
1238 177 1519 211 smirnam-o.

420 261 606 307 Ioannes
640 259 695 304 de
722 255 998 318 Carthagena
1018 255 1308 320 Disputation.
1330 257 1505 303 selectae
1522 257 1570 303 in
1596 258 1639 303 t.
1657 257 1776 305 Sent.

325 335 442 400 disp.
462 335 532 380 VI.
556 332 666 379 diss.
689 332 745 377 ΙΙ.
769 346 869 395 cap.
892 331 927 376 l.
948 350 978 375 1«
989 331 1036 378 Si
1065 331 1152 379 duo
1178 331 1388 396 baptizati
1424 331 1691 379 conveniunt
1724 332 1782 379 ad

323 409 569 458 faciendum
604 417 873 455 contractum
906 407 1171 454 matrimonii
1202 424 1349 454 coram
1373 407 1571 471 parocho
1591 417 1641 454 et
1662 408 1784 455 testi-

322 485 431 541 hus,
469 501 557 530 non
590 493 737 530 tamen
770 482 969 530 habeant·
994 482 1292 529 intentionem⁴
1314 481 1503 530 faciendi
1534 499 1786 530 sacramen—

321 570 414 607 tum
432 598 442 616 ,
476 558 764 605 nihilominus
790 568 937 605 manet
961 556 1157 605 validum
1187 558 1515 604 matrimonium
1534 574 1622 604 non
1640 557 1784 605 solum

322 636 368 682 in
403 634 570 681 ratione
609 651 851 682 consensus
866 672 876 691 ,
915 633 993 681 sed
1027 633 1160 679 etiam
1195 633 1242 679 in
1272 634 1444 681 >ratione
1482 634 1780 690 sacramenti,

316 710 430 775 ‘quia
454 726 542 757 non
571 719 638 757 est
664 710 711 755 in
733 718 951 774 potestate
979 707 1330 755 contrahentium
1365 708 1537 755 auferre
1571 709 1784 756 rationem

322 785 584 833 sacramenti
619 803 646 832 a
678 785 902 849 praedicto
936 793 1160 831 contractu
1183 784 1331 845 (32).»
1343 783 1445 847 Agit
1468 794 1615 831 autem
1637 784 1693 832 de
1716 785 1786 831 irn-

318 861 514 908 ·tentione
542 860 756 918 ministri,
790 860 1007 925 solvitque
1035 858 1318 906 difficultates
1355 859 1520 924 quibus
1558 860 1788 924 impugna-

323 947 397 984 tur
418 937 619 984 doctrina
643 936 698 984 de
721 935 1079 984 contrahentibus
1113 935 1374 982 sacramenti
1407 936 1675 983 matrimonii
1702 937 1786 985 mi-

324 1014 499 1070 nistris,
537 1030 723 1078 eamque
755 1012 983 1077 explanat,
1014 1011 1352 1077 confirmatque.

417 1087 559 1153 Atque
592 1089 674 1141 hos
702 1105 755 1135 ex
780 1105 917 1153 prope
951 1087 1196 1134 innumeris
1229 1087 1331 1134 aliis
1350 1125 1360 1144 ,
1393 1088 1472 1153 qui
1505 1087 1652 1135 afferri
1681 1105 1785 1153 pos-

315 1174 420 1212 ·sent
443 1164 603 1210 in'rem
639 1174 854 1221 nostram,
891 1162 1130 1210 adduxisse
1158 1162 1365 1210 sufficiat.

419 1241 527 1287 Tuto
560 1239 677 1286 enim
705 1239 925 1286 affirmare
951 1256 1131 1304 possum
1162 1239 1423 1286 sententiam
1458 1239 1574 1287 hanc
1603 1257 1682 1287 seu
1705 1256 1785 1304 po-

324 1316 413 1362 tius
439 1315 682 1362 doctrinam
707 1317 951 1362 unanimem
973 1315 1153 1362 omnino
1181 1314 1319 1363 fuisse
1349 1315 1461 1362 inter
1494 1315 1785 1364 scholasticos

320 1407 466 1455 usque
499 1390 556 1436 ad
589 1389 773 1437 Canum.
796 1391 905 1437 Nam
939 1389 1192 1454 incipiendo
1226 1390 1282 1437 ab
1318 1390 1502 1453 Hugone
1533 1390 1780 1448 Victorino,

318 1465 400 1529 qui
436 1465 626 1512 anterior
657 1475 725 1512 est
757 1482 794 1512 s.
817 1465 1038 1512 Bernardo
1070 1474 1243 1529 patrum
1277 1475 1526 1528 postremo,
1556 1464 1613 1512 ad
1645 1483 1785 1512 unum

321 1557 475 1588 omnes
508 1541 825 1588 constituerunt
867 1541 1105 1588 essentiam
1144 1543 1402 1587 sacramenti
1433 1541 1702 1589 matrimonii
1735 1542 1784 1588 in

321 1632 541 1662 consensu
574 1626 723 1663 mutuo
757 1616 1107 1663 contrahentium
1152 1615 1408 1662 consistere.
1442 1616 1570 1679 Hugo
1603 1616 1722 1662 enim
1758 1634 1785 1663 a

323 1708 361 1738 s.
382 1691 576 1747 Victore,
612 1691 878 1738 'Didascalus
905 1708 932 1738 a
956 1690 1180 1738 nonnullis
1219 1700 1520 1755 nuncupatus,
1560 1691 1637 1755 qui
1671 1690 1782 1738 obiit

323 1765 396 1812 die
440 1767 516 1812 11.
557 1765 665 1812 febr.
706 1784 778 1812 an.
813 1767 952 1813 1140.
987 1767 1034 1813 in
1067 1784 1140 1831 op.
1173 1767 1236 1813 De
1276 1767 1554 1813 sacramentis
1600 1765 1678 1812 lib.
1720 1766 1777 1812 ΙΙ.

322 1850 435 1905 part.
455 1842 531 1888 xi.
553 1858 651 1905 cap.
676 1844 719 1887 5.
747 1861 768 1886 «
784 1842 829 1887 Si
854 1842 977 1907 quis,
1007 1842 1174 1907 inquit,
1203 1852 1409 1907 quaerat,
1433 1840 1612 1907 quando
1636 1840 1785 1888 coniu-

320 1917 444 1979 gium
471 1935 572 1964 esse
604 1917 820 1982 incipiat?
846 1918 1044 1965 Dicimus
1074 1917 1193 1983 quod
1220 1935 1273 1965 ex
1301 1935 1389 1983 quo
1415 1917 1518 1965 talis
1542 1934 1784 1965 consensus

322 1991 498 2056 qualem
535 2010 668 2057 supra
702 1993 984 2040 definivimus
1023 1996 1216 2058 (nempe
1249 1994 1362 2040 inter
1395 2009 1606 2057 personas
1643 1993 1784 2056 leqiti-

322 2070 456 2129 mas),
479 2068 619 2116 factus
650 2069 801 2126 fuerit,
834 2087 889 2116 ex
911 2088 956 2117 eo
979 2071 1126 2116 statim
1152 2069 1405 2133 coniugium
1428 2079 1495 2116 est
1509 2107 1519 2125 ‚
1543 2085 1674 2134 quem
1697 2067 1779 2114 etsi

324 2153 477 2207 postea
510 2145 669 2209 copula
701 2146 850 2193 carnis
884 2147 1104 2212 sequitur,
1139 2146 1252 2192 nihil
1279 2156 1425 2193 tamen
1453 2144 1658 2207 coniugio
1689 2161 1782 2190 am—

324 2217 443 2282 plius
476 2219 532 2266 ad
565 2222 766 2268 virtutem
797 2224 1056 2269 sacramenti
1087 2221 1308 2269 confertur
1328 2223 1477 2283 (33).»
1493 2219 1622 2266 Hunc
1650 2219 1780 2266 ceteri

323 2296 499 2359 sequuti
520 2307 622 2342 sunt
639 2315 782 2362 usque
801 2297 858 2344 ad
878 2300 1050 2345 Petrum
1064 2298 1372 2354 Lombardum,
1389 2296 1466 2361 qui
1479 2295 1535 2343 ab
1547 2296 1776 2342 an.1159.

323 2369 379 2416 ad
413 2387 486 2417 an.
519 2373 658 2418 1164.
688 2373 770 2419 fuit
802 2374 1036 2438 episcopus
1069 2374 1347 2438 parisiensis.
1383 2373 1465 2419 Hic
1499 2372 1545 2418 in
1579 2370 1782 2435 pluribus

323 2447 554 2511 exscripsit
571 2448 799 2512 Hugonem
817 2459 948 2514 quem
976 2451 1174 2514 sequitur
1190 2451 1236 2495 in
1256 2450 1339 2496 hac
1355 2448 1567 2496 doctrina.
1581 2447 1782 2512 Denique

323 2522 502 2569 veniunt
543 2534 756 2589 quotquot
797 2525 893 2572 eius
929 2525 1161 2571 extiterunt
1203 2533 1595 2579 commentatores,
1634 2522 1681 2568 id
1714 2533 1781 2570 est

325 2607 509 2660 quatuor
541 2599 714 2647 circiter
745 2600 899 2647 millia.
932 2601 1062 2648 Porro
1089 2600 1311 2657 doctrina,
1340 2616 1454 2664 quae
1477 2617 1555 2663 per
1582 2598 1780 2664 quinque

421 2718 485 2757 (32)
507 2720 588 2760 opp.
606 2721 657 2752 ed.
674 2723 755 2754 Ven.
774 2727 860 2755 1588.
878 2724 956 2755 tom.
973 2724 1028 2753 m.
1046 2722 1101 2754 sol.

422 2771 485 2810 (33)
508 2773 583 2813 pag.
602 2778 672 2806 306.
688 2777 757 2807 397.
