1918 3186
377 180 435 226 96
645 196 724 229 im.
754 195 784 227 1.
814 191 926 227 secr.
956 193 984 225 ι.
1014 193 1066 226 nn
1090 193 1261 228 mrum.
1291 195 1573 231 sicmnnmo,

915 315 1131 355 (ul-111·
1159 317 1251 354 IV·

523 414 825 448 EXPENDUNTUR
865 416 1114 458 ARGUHEMA
1158 417 1314 450 ALLATA
1355 418 1432 450 PRO
1476 419 1702 452 SENTENTIA

566 480 618 511 DE
641 479 874 513 SACERDOTE
899 480 1132 515 cmusrlANl
1155 483 1406 516 MATRIMONII
1429 483 1640 516 MINISTRO.

941 568 1215 607 ARTICULUS
1241 571 1271 606 1.

825 667 829 680 =
885 646 1122 698 Argumenta
1147 647 1308 688 Biblica.

466 718 620 775 Maiori
653 742 743 792 qua
775 727 904 775 nobis
945 728 1099 775 datum
1131 738 1200 776 est
1230 729 1544 794 perspicuitate
1575 746 1627 778 ac
1658 730 1703 778 vi
1737 746 1840 795 pro-

370 802 602 867 posuimus
634 813 891 866 argumenta
908 841 918 860 ,
946 820 1060 868 quae
1082 813 1175 850 tum
1199 803 1346 852 Canus
1361 842 1371 862 ,
1399 815 1491 852 tum
1515 805 1612 853 eius
1641 804 1840 854 asseclae

371 872 417 925 in
447 878 642 926 medium
676 879 916 926 attulerunt
938 879 995 926 ad
1018 879 1308 926 evincendam
1333 881 1597 928 sententiam
1619 881 1676 928 de
1699 897 1841 929 sacer-

370 954 472 1002 dote
505 955 697 1019 coniugii
722 954 955 1002 christiani
978 955 1197 1003 ministro.
1220 955 1363 1022 Atque
1386 966 1436 1003 ut
1458 955 1647 1004 fideliori
1672 957 1840 1004 ratione

372 1029 418 1077 id
449 1040 773 1096 praestaremus
792 1068 802 1088 ,
828 1047 881 1078 ea
903 1030 1260 1096 deprompsimus
1294 1049 1348 1079 ex
1381 1031 1494 1097 ipsis
1528 1031 1835 1098 scriptoribus,

373 1106 451 1170 qui
471 1106 576 1154 huic
593 1106 791 1171 opinioni
808 1105 1008 1154 addictos
1027 1124 1076 1154 se
1093 1107 1283 1154 maxime
1300 1108 1588 1155 ostenderunt
1599 1145 1609 1164 ‚
1631 1118 1675 1156 et
1691 1107 1840 1173 quoad

373 1181 469 1229 eius
502 1181 598 1230 fieri
632 1182 794 1247 potuit,
821 1182 934 1246 ipsis
968 1199 1120 1230 eorum
1151 1183 1299 1231 verbis
1333 1183 1406 1231 usi
1441 1201 1622 1241 sumus,
1653 1201 1708 1231 ne
1729 1183 1839 1249 quid

374 1257 544 1306 roboris
568 1259 838 1316 amitterent,
868 1276 918 1306 ac
942 1277 997 1306 ne
1018 1259 1233 1307 validiora
1254 1259 1540 1307 dissimulare
1570 1260 1836 1308 videremur.

372 1336 498 1382 Nunc
536 1346 681 1383 autem
726 1336 880 1383 eodem
913 1336 1047 1383 animi
1081 1336 1272 1384 candore
1304 1353 1357 1383 ea
1389 1335 1636 1401 expendere
1659 1374 1669 1393 ‚
1707 1346 1842 1401 atque

370 1421 574 1459 excutere
606 1403 911 1475 aggredimur,
936 1422 986 1459 ut
1012 1413 1175 1460 veritas
1211 1429 1292 1460 suo
1315 1413 1361 1459 in
1384 1412 1551 1460 lumine
1583 1412 1836 1460 collocetur.

373 1487 437 1534 Ut
462 1498 609 1534 autem
638 1488 792 1536 ordine
824 1488 1172 1553 progrediamur,
1202 1506 1385 1536 examen
1407 1488 1609 1536 criticum
1641 1486 1844 1553 auspica-

370 1562 518 1610 bimur
540 1563 598 1610 ab
638 1563 907 1627 argumentis
939 1563 1115 1611 biblicis
1149 1564 1449 1621 excutiendis,
1488 1581 1578 1629 quo
1610 1563 1839 1620 absoluto,

372 1639 431 1687 'ad
465 1639 757 1704 expendenda
791 1650 1048 1709 argumenta
1080 1639 1392 1697 traditionalia‚
1422 1657 1474 1687 ac
1507 1635 1686 1686 demum
1719 1657 1847 1715 argu-

376 1724 525 1762 menta
556 1715 804 1779 theologica
838 1715 1021 1779 gradum
1055 1715 1286 1763 faciemus.

466 1792 532 1839 Ex
559 1791 735 1849 Bibliis,
771 1803 821 1840 ut
854 1810 936 1841 suo
969 1792 1065 1841 loco
1099 1792 1378 1849 monuimus,
1416 1792 1588 1839 nullum
1621 1792 1765 1856 pofert
1785 1802 1844 1839 te—

372 1868 631 1916 'stimonium
664 1868 835 1927 Canus,
864 1858 1018 1934 ⁴neque
1042 1869 1099 1916 ad
1123 1886 1177 1916 ea
1198 1868 1378 1917 omnino
1401 1867 1610 1933 appellat.
1634 1868 1845 1933 Superest

372 1944 525 2008 igitur,
559 1954 609 1992 ut
640 1945 832 1993 examini
864 1944 1158 1994 subiiciamus
1181 1962 1250 2001 ea,
1278 1962 1394 2010 quae
1426 1962 1479 1992 ex
1513 1944 1653 1991 sacris
1686 1943 1843 1992 litteris

374 2020 649 2085 protulerunt
683 2021 760 2086 qui
793 2021 877 2069 hac
911 2022 957 2068 in
991 2021 1290 2069 controversia
1317 2012 1548 2085 suppetias
1576 2020 1698 2068 Cano
1729 2020 1843 2067 ferre

373 2096 520 2144 adnisi
555 2107 673 2145 sunt.
696 2098 789 2145 Iam
811 2114 914 2145 vero
937 2115 1090 2145 omnes
1124 2106 1340 2162 quotquot
1376 2107 1480 2144 sunt
1505 2096 1688 2143 unicum
1718 2094 1842 2141 dum-

375 2183 495 2220 taxat
528 2173 758 2237 paulinum
794 2183 951 2236 urgent
982 2183 1147 2220 textum
1170 2173 1282 2219 exI.
1312 2171 1509 2220 Corinth
1529 2171 1597 2218 lv.
1617 2173 1661 2218 1.
1684 2171 1730 2217 in
1753 2188 1843 2235 quo

371 2246 611 2312 Apostolus
643 2259 771 2297 vocat
797 2248 1048 2297 sacerdotes
1073 2248 1384 2313 dispensatores
1415 2247 1714 2312 mysteriorum
1739 2246 1836 2292 Dei.

372 2322 467 2371 Hoc
490 2323 669 2371 unicum
697 2325 923 2388 proferunt
946 2324 1245 2372 testimonium
1259 2361 1270 2380 ‚
1287 2323 1345 2372 ,in
1368 2322 1454 2370 hoc
1475 2338 1564 2369 uno
1587 2320 1835 2369 confidunt:

373 2415 526 2447 verum
558 2417 692 2465 quam
726 2400 879 2447 leviter
907 2417 999 2447 rem
1025 2417 1158 2464 quam
1181 2398 1335 2447 volunt
1361 2397 1595 2446 conficiant
1609 2395 1840 2461 ‚squisque

374 2469 500 2522 l'acile
532 2474 618 2522 sibi
651 2474 957 2540 persuadebit,
995 2474 1073 2539 qui
1106 2474 1303 2522 advertat
1331 2475 1375 2520 1.
1404 2472 1552 2521 hocin
1569 2471 1665 2519 loco
1681 2481 1841 2536 myste-

374 2551 540 2597 riorum
570 2551 769 2608 nomine,
809 2549 1007 2615 praecise
1030 2566 1117 2597 non
1140 2558 1408 2596 sacramenta
1429 2545 1687 2612 Apostolum
1721 2546 1841 2594 desi-

373 2643 533 2689 gnare,
567 2628 646 2675 sed
680 2627 1052 2692 praedicationem
1085 2625 1392 2690 mysteriorum
1427 2624 1557 2681 fidei,
1595 2641 1674 2671 seu
1708 2641 1840 2671 evan-

373 2701 539 2765 gelicae
582 2704 833 2762 doctrinae;
880 2703 998 2769 quod
1039 2701 1248 2750 orationis
1294 2700 1564 2749 continuatio
1607 2699 1839 2747 manifeste

372 2777 590 2835 ostendit,
619 2790 662 2826 et
683 2779 879 2845 Apostoli
915 2778 1025 2827 ratio
1059 2777 1266 2843 postulat.
1295 2776 1387 2824 Sibi
1411 2776 1531 2824 enim
1556 2775 1718 2823 Paulus
1742 2792 1838 2840 pro-
