1912 3180
318 236 408 267 mi».
433 236 479 267 11.
504 236 554 266 ni:
580 236 704 267 min.
730 235 812 267 etv.
838 235 948 266 oruc.
974 235 1023 266 Er
1048 235 1195 267 moon.
1220 236 1313 267 nir.
1340 237 1369 267 1.
1500 221 1591 267 267

124 312 245 359 Nihil
280 313 413 376 igitur
446 329 679 359 commune
724 311 858 357 habet
897 311 1081 358 istorum
1127 312 1446 360 haereticorum
1491 331 1594 361 sen-

125 389 262 436 tiendi
292 389 403 436 ratio
430 405 531 435 cum
559 405 626 443 eo,
650 387 705 433 de
722 404 811 450 quo
833 386 1005 448 agimus
1032 400 1314 451 argumento,
1343 407 1424 438 nec
1447 389 1592 438 ideam

124 466 323 528 ingerere
356 472 592 528 potuerunt
625 462 681 509 de
715 461 938 509 connubio
972 479 1091 510 mere
1125 465 1268 521 civili,
1301 466 1411 530 quin
1446 466 1594 530 potius

124 541 243 589 istud
279 540 470 586 maxime
498 556 551 585 ex
586 539 680 585 suis
716 537 948 602 principiis
985 541 1176 586 aversati
1208 541 1413 589 fuissent.

219 615 547 662 Concludamus
578 614 711 677 igitur
741 630 923 661 necesse
955 624 1022 660 est
1058 631 1110 660 ex
1140 615 1354 664 hactenus
1385 618 1593 683 expensis

122 692 168 739 in
198 691 462 756 antiquitate
485 691 579 738 sive
602 690 904 738 ecclesiastica
924 690 1019 738 sive
1047 691 1231 755 profana
1248 694 1457 757 coniugia
1475 713 1595 743 mere

122 769 271 818 civilia
307 769 458 832 ignota
493 767 626 832 plane
656 767 811 814 fuisse.

684 921 961 958 ARTICULUS
989 922 1036 957 11.

322 1035 454 1074 Prima
479 1036 588 1085 origo
615 1035 851 1074 Matrimonii
878 1035 1004 1074 civilis
1026 1036 1126 1073 inter
1153 1035 1384 1075 christianos

509 1111 532 1138 a
560 1102 872 1149 protestantismo
898 1100 1100 1149 repetenda
1127 1104 1197 1140 est.

222 1227 449 1275 Pessimus
484 1227 666 1274 effectus
697 1227 784 1274 nisi
811 1245 838 1274 a
864 1227 1060 1292 pessima
1094 1245 1230 1275 causa
1263 1228 1494 1292 provenire
1523 1247 1597 1294 po-

120 1316 226 1362 test3
267 1322 370 1352 nam
406 1305 451 1350 in
487 1322 569 1352 sua
603 1321 740 1351 causa
773 1304 954 1352 effectus
989 1304 1202 1352 contineri
1233 1305 1378 1353 debet.
1408 1307 1595 1354 Pravum

120 1392 268 1428 autem
303 1398 403 1428 esse
437 1380 692 1442 coniugium
726 1397 846 1427 mere
879 1379 1007 1427 civile
1041 1390 1140 1445 post
1173 1398 1247 1436 ea,
1286 1398 1402 1444 quae
1436 1381 1482 1427 in
1517 1399 1594 1428 su-

122 1457 285 1523 periori
320 1457 464 1521 capite
498 1457 774 1503 ostendimus
794 1494 803 1512 ‚
841 1473 977 1503 sanus
1013 1457 1205 1521 quisque
1229 1456 1458 1513 fatebitur;
1488 1475 1596 1522 qua-

122 1544 301 1598 propter
332 1550 420 1580 non
449 1532 630 1579 aliunde
659 1550 793 1597 quam
812 1550 838 1579 a
856 1550 991 1597 prava
1024 1550 1160 1580 causa
1194 1533 1408 1596 originem
1433 1533 1595 1581 ducere

120 1611 276 1675 potuit.
321 1611 386 1657 Ea
418 1627 548 1674 porro
593 1620 661 1656 est
706 1609 1110 1673 protestantismus.
1152 1609 1368 1656 Nimirum
1409 1610 1597 1674 pseudo-

122 1687 325 1752 politici,
363 1685 440 1750 qui
484 1686 598 1732 inter
631 1685 871 1732 catholicos
906 1685 1173 1732 matrimonii
1208 1685 1350 1733 civilis
1393 1695 1596 1733 auctores

120 1773 251 1819 sunt,
290 1762 390 1809 licet
425 1780 474 1809 se
508 1779 557 1809 se
590 1761 830 1809 catholicos
866 1761 1186 1826 profiteantur,
1227 1761 1344 1809 hanc
1378 1761 1594 1809 theoriam

122 1856 147 1885 e
179 1838 517 1902 protestantium
551 1838 751 1885 doctrina
785 1838 1009 1894 derivant,
1050 1838 1170 1902 quod
1204 1838 1385 1902 quidem
1419 1838 1597 1885 demon-

127 1914 368 1962 strabimus
398 1931 451 1960 ex
480 1914 592 1978 ipsis
618 1914 965 1978 protestantismi
996 1914 1112 1962 circa
1143 1914 1470 1961 matrimonium
1503 1925 1595 1961 tum

130 1990 333 2055 placitis,
369 2001 461 2037 tum
491 1991 644 2055 praxi,
677 2001 769 2037 tum
800 1990 993 2054 denique
1029 2008 1081 2037 ex
1115 2008 1192 2046 eo,
1227 1990 1369 2054 quod,
1403 1990 1479 2054 qui
1505 2007 1598 2037 ma-

125 2067 330 2114 trimonio
355 2068 506 2114 favent
529 2066 646 2113 civili
664 2105 673 2123 ,
702 2067 836 2113 iidem
854 2077 897 2114 et
915 2066 1273 2131 protestantismo
1290 2076 1339 2113 ut
1357 2065 1596 2130 plurimum

125 2142 271 2190 favere
306 2142 493 2189 soleant.

221 2218 508 2283 Exploratum
540 2228 632 2275 est,
661 2228 709 2264 ut
733 2236 759 2265 a
783 2218 978 2265 doctrina
1012 2219 1186 2265 initium
1224 2218 1465 2274 faciamus,
1494 2235 1597 2282 pro-

126 2304 360 2351 testantes,
399 2294 589 2342 Luthero
627 2295 772 2351 duce,
811 2306 964 2342 contra
1000 2295 1279 2359 superiorum
1318 2294 1597 2342 saeculorum

126 2371 430 2418 firmissimam
467 2371 599 2417 fidem
619 2409 628 2427 ,
668 2371 757 2418 imo
792 2381 836 2418 et
868 2382 1020 2419 contra
1054 2372 1375 2436 professionem
1406 2371 1598 2418 haereti-

124 2464 275 2495 corum
293 2485 302 2503 ‚
332 2446 410 2511 qui
439 2446 807 2510 praecedentibus
842 2447 1059 2494 aetatibus
1090 2446 1321 2494 ecclesiam
1347 2446 1594 2503 turbarunt,

126 2524 295 2588 primos
319 2523 548 2579 extitisse,
578 2523 656 2587 qui
681 2523 846 2570 directe
870 2524 1054 2570 inficiati
1081 2523 1242 2570 fuerint
1270 2522 1598 2570 matrimonium

129 2617 229 2647 esse
261 2617 363 2648 vere
396 2609 438 2646 et
473 2600 650 2664 proprie
680 2618 819 2647 unum
854 2618 905 2646 ex
940 2610 1109 2664 septem
1143 2598 1411 2663 evangelicis
1447 2616 1599 2646 sacra-

130 2676 289 2722 mentis
313 2693 340 2722 a
364 2675 540 2723 Christo
574 2676 762 2723 Domino
797 2676 1009 2723 institutis
1039 2677 1155 2737 (20).
1181 2675 1326 2730 Quum
1350 2686 1496 2722 autem
1519 2674 1598 2722 de-

224 2797 290 2837 (20)
311 2798 362 2830 Cf.
378 2800 511 2831 Bossuet
533 2800 684 2832 Histoire
697 2798 756 2831 des
772 2800 964 2831 varialions
978 2798 1033 2830 liv.
1046 2798 1139 2839 x1.§.
1152 2800 1261 2831 107.et
1274 2799 1303 2840 §.
1318 2798 1529 2840 182.opp.ed.
1541 2799 1597 2831 cit.

133 2851 211 2881 tom.
232 2851 300 2881 XX.
