<?xml version="1.0" encoding="UTF-8"?>
<!DOCTYPE html PUBLIC "-//W3C//DTD XHTML 1.0 Transitional//EN"
    "http://www.w3.org/TR/xhtml1/DTD/xhtml1-transitional.dtd">
<html xmlns="http://www.w3.org/1999/xhtml" xml:lang="en" lang="en">
 <head>
  <title>
</title>
<meta http-equiv="Content-Type" content="text/html;charset=utf-8" />
  <meta name='ocr-system' content='tesseract 3.04.00' />
  <meta name='ocr-capabilities' content='ocr_page ocr_carea ocr_par ocr_line ocrx_word'/>
</head>
<body>
  <div class='ocr_page' id='page_1' title='image "a603380701perruoft_0036.png"; bbox 0 0 1918 3186; ppageno 0'>
   <div class='ocr_carea' id='block_1_1' title="bbox 283 168 1490 219">
    <p class='ocr_par' dir='ltr' id='par_1_1' title="bbox 283 168 1490 219">
     <span class='ocr_line' id='line_1_1' title="bbox 283 168 1490 219; baseline -0.004 -1"><span class='ocrx_word' id='word_1_1' title='bbox 283 168 343 218; x_wconf 78' lang='lat'><strong>&#39;14</strong></span> <span class='ocrx_word' id='word_1_2' title='bbox 570 186 651 219; x_wconf 70' lang='lat' dir='ltr'><strong>tm.</strong></span> <span class='ocrx_word' id='word_1_3' title='bbox 674 187 705 217; x_wconf 84' lang='lat'><strong>1.</strong></span> <span class='ocrx_word' id='word_1_4' title='bbox 733 184 846 217; x_wconf 68' lang='lat' dir='ltr'><strong>stur.</strong></span> <span class='ocrx_word' id='word_1_5' title='bbox 876 185 906 215; x_wconf 88' lang='lat'><strong>1.</strong></span> <span class='ocrx_word' id='word_1_6' title='bbox 929 183 982 216; x_wconf 75' lang='lat' dir='ltr'><strong>nn</strong></span> <span class='ocrx_word' id='word_1_7' title='bbox 1005 182 1177 216; x_wconf 66' lang='lat' dir='ltr'><strong>annin.</strong></span> <span class='ocrx_word' id='word_1_8' title='bbox 1207 181 1490 217; x_wconf 60' lang='lat' dir='ltr'><strong>sicmnnnro.</strong></span> 
     </span>
    </p>
   </div>
   <div class='ocr_carea' id='block_1_2' title="bbox 280 261 1760 2831">
    <p class='ocr_par' dir='ltr' id='par_1_2' title="bbox 280 261 1757 1009">
     <span class='ocr_line' id='line_1_2' title="bbox 282 261 1753 330; baseline -0.003 -17"><span class='ocrx_word' id='word_1_9' title='bbox 282 282 360 330; x_wconf 86' lang='lat' dir='ltr'><strong>per</strong></span> <span class='ocrx_word' id='word_1_10' title='bbox 391 264 541 313; x_wconf 88' lang='lat' dir='ltr'><strong>orbem</strong></span> <span class='ocrx_word' id='word_1_11' title='bbox 574 263 830 311; x_wconf 83' lang='lat' dir='ltr'><strong>universum</strong></span> <span class='ocrx_word' id='word_1_12' title='bbox 865 261 1169 318; x_wconf 83' lang='lat' dir='ltr'><strong>instituerunt,</strong></span> <span class='ocrx_word' id='word_1_13' title='bbox 1205 278 1397 326; x_wconf 88' lang='lat' dir='ltr'><strong>cumque</strong></span> <span class='ocrx_word' id='word_1_14' title='bbox 1426 261 1539 309; x_wconf 80' lang='lat' dir='ltr'><strong>mira</strong></span> <span class='ocrx_word' id='word_1_15' title='bbox 1561 274 1753 309; x_wconf 86' lang='lat' dir='ltr'><strong>consen—</strong></span> 
     </span>
     <span class='ocr_line' id='line_1_3' title="bbox 283 336 1753 390; baseline -0.003 0"><span class='ocrx_word' id='word_1_16' title='bbox 283 342 408 390; x_wconf 84' lang='lat' dir='ltr'>sione</span> <span class='ocrx_word' id='word_1_17' title='bbox 446 338 773 388; x_wconf 80' lang='lat' dir='ltr'><strong>matrimonium</strong></span> <span class='ocrx_word' id='word_1_18' title='bbox 817 337 930 386; x_wconf 79' lang='lat' dir='ltr'><strong>inter</strong></span> <span class='ocrx_word' id='word_1_19' title='bbox 967 348 1242 386; x_wconf 80' lang='lat' dir='ltr'><strong>sacramenta</strong></span> <span class='ocrx_word' id='word_1_20' title='bbox 1274 355 1303 384; x_wconf 86' lang='lat' dir='ltr'><strong>a</strong></span> <span class='ocrx_word' id='word_1_21' title='bbox 1344 337 1520 384; x_wconf 89' lang='lat' dir='ltr'><strong>Christo</strong></span> <span class='ocrx_word' id='word_1_22' title='bbox 1560 336 1753 387; x_wconf 85' lang='lat' dir='ltr'><strong>Domino</strong></span> 
     </span>
     <span class='ocr_line' id='line_1_4' title="bbox 282 404 1751 479; baseline -0.002 -15"><span class='ocrx_word' id='word_1_23' title='bbox 282 417 482 464; x_wconf 83' lang='lat' dir='ltr'><strong>instituta</strong></span> <span class='ocrx_word' id='word_1_24' title='bbox 509 453 520 472; x_wconf 92' lang='lat'><strong>,</strong></span> <span class='ocrx_word' id='word_1_25' title='bbox 561 404 770 479; x_wconf 80' lang='lat' dir='ltr'><strong>illiusque</strong></span> <span class='ocrx_word' id='word_1_26' title='bbox 802 413 1151 462; x_wconf 85' lang='lat' dir='ltr'><strong>administrandi</strong></span> <span class='ocrx_word' id='word_1_27' title='bbox 1177 414 1287 461; x_wconf 87' lang='lat' dir='ltr'><strong>ritus</strong></span> <span class='ocrx_word' id='word_1_28' title='bbox 1326 413 1384 460; x_wconf 89' lang='lat' dir='ltr'><strong>ab</strong></span> <span class='ocrx_word' id='word_1_29' title='bbox 1414 412 1751 461; x_wconf 74' lang='lat' dir='ltr'><strong>immemorabili</strong></span> 
     </span>
     <span class='ocr_line' id='line_1_5' title="bbox 280 488 1755 556; baseline -0.001 -17"><span class='ocrx_word' id='word_1_30' title='bbox 280 492 531 556; x_wconf 82' lang='lat' dir='ltr'><strong>descriptus</strong></span> <span class='ocrx_word' id='word_1_31' title='bbox 571 490 818 539; x_wconf 83' lang='lat' dir='ltr'><strong>inveniatur</strong></span> <span class='ocrx_word' id='word_1_32' title='bbox 857 500 948 537; x_wconf 85' lang='lat' dir='ltr'><strong>tum</strong></span> <span class='ocrx_word' id='word_1_33' title='bbox 989 490 1036 536; x_wconf 92' lang='lat' dir='ltr'><strong>in</strong></span> <span class='ocrx_word' id='word_1_34' title='bbox 1068 489 1430 538; x_wconf 81' lang='lat' dir='ltr'><strong>Sacramentariis</strong></span> <span class='ocrx_word' id='word_1_35' title='bbox 1468 488 1755 537; x_wconf 83' lang='lat' dir='ltr'><strong>ecclesiarum</strong></span> 
     </span>
     <span class='ocr_line' id='line_1_6' title="bbox 280 565 1757 629; baseline -0.003 -14"><span class='ocrx_word' id='word_1_36' title='bbox 280 566 639 623; x_wconf 82' lang='lat' dir='ltr'><strong>occidentalium,</strong></span> <span class='ocrx_word' id='word_1_37' title='bbox 679 576 771 615; x_wconf 88' lang='lat' dir='ltr'><strong>tum</strong></span> <span class='ocrx_word' id='word_1_38' title='bbox 806 566 851 612; x_wconf 92' lang='lat' dir='ltr'><strong>in</strong></span> <span class='ocrx_word' id='word_1_39' title='bbox 886 566 1190 629; x_wconf 76' lang='lat' dir='ltr'><strong>Euchologiis&#39;</strong></span> <span class='ocrx_word' id='word_1_40' title='bbox 1208 565 1424 613; x_wconf 88' lang='lat' dir='ltr'><strong>ecclesiae</strong></span> <span class='ocrx_word' id='word_1_41' title='bbox 1451 581 1636 628; x_wconf 78' lang='lat' dir='ltr'><strong>graecae</strong></span> <span class='ocrx_word' id='word_1_42' title='bbox 1659 602 1669 621; x_wconf 86' lang='lat'>‚</span> <span class='ocrx_word' id='word_1_43' title='bbox 1713 575 1757 612; x_wconf 85' lang='lat' dir='ltr'><strong>et</strong></span> 
     </span>
     <span class='ocr_line' id='line_1_7' title="bbox 280 639 1753 704; baseline -0.001 -14"><span class='ocrx_word' id='word_1_44' title='bbox 280 642 566 690; x_wconf 84' lang='lat' dir='ltr'><strong>ecclesiarum</strong></span> <span class='ocrx_word' id='word_1_45' title='bbox 607 640 805 688; x_wconf 84' lang='lat' dir='ltr'><strong>omnium</strong></span> <span class='ocrx_word' id='word_1_46' title='bbox 843 639 1154 696; x_wconf 65' lang='lat' dir='ltr'><strong>orientalium,</strong></span> <span class='ocrx_word' id='word_1_47' title='bbox 1198 658 1386 704; x_wconf 86' lang='lat' dir='ltr'><strong>pronum</strong></span> <span class='ocrx_word' id='word_1_48' title='bbox 1419 651 1489 687; x_wconf 84' lang='lat' dir='ltr'><strong>est</strong></span> <span class='ocrx_word' id='word_1_49' title='bbox 1522 640 1753 704; x_wconf 79' lang='lat' dir='ltr'><strong>colligere,</strong></span> 
     </span>
     <span class='ocr_line' id='line_1_8' title="bbox 282 717 1755 782; baseline -0.001 -17"><span class='ocrx_word' id='word_1_50' title='bbox 282 728 412 782; x_wconf 90' lang='lat' dir='ltr'><strong>prout</strong></span> <span class='ocrx_word' id='word_1_51' title='bbox 426 717 483 765; x_wconf 89' lang='lat' dir='ltr'><strong>ab</strong></span> <span class='ocrx_word' id='word_1_52' title='bbox 503 717 631 765; x_wconf 88' lang='lat' dir='ltr'><strong>initio</strong></span> <span class='ocrx_word' id='word_1_53' title='bbox 652 718 983 774; x_wconf 77' lang='lat' dir='ltr'><strong>constituimus,</strong></span> <span class='ocrx_word' id='word_1_54' title='bbox 1008 728 1213 765; x_wconf 77' lang='lat' dir='ltr'>constare</span> <span class='ocrx_word' id='word_1_55' title='bbox 1238 717 1570 765; x_wconf 75' lang='lat' dir='ltr'><strong>evidentissime</strong></span> <span class='ocrx_word' id='word_1_56' title='bbox 1590 717 1755 782; x_wconf 84' lang='lat' dir='ltr'><strong>quovis</strong></span> 
     </span>
     <span class='ocr_line' id='line_1_9' title="bbox 281 793 1755 859; baseline -0.001 -18"><span class='ocrx_word' id='word_1_57' title='bbox 281 804 478 859; x_wconf 89' lang='lat' dir='ltr'><strong>tempore</strong></span> <span class='ocrx_word' id='word_1_58' title='bbox 499 793 730 842; x_wconf 88' lang='lat' dir='ltr'><strong>ecclesiam</strong></span> <span class='ocrx_word' id='word_1_59' title='bbox 750 794 1002 841; x_wconf 88' lang='lat' dir='ltr'><strong>universam</strong></span> <span class='ocrx_word' id='word_1_60' title='bbox 1023 793 1268 840; x_wconf 82' lang='lat' dir='ltr'><strong>doctrinam</strong></span> <span class='ocrx_word' id='word_1_61' title='bbox 1290 793 1430 850; x_wconf 85' lang='lat' dir='ltr'><strong>hanc,</strong></span> <span class='ocrx_word' id='word_1_62' title='bbox 1459 793 1593 842; x_wconf 88' lang='lat' dir='ltr'><strong>immo</strong></span> <span class='ocrx_word' id='word_1_63' title='bbox 1622 793 1755 841; x_wconf 89' lang='lat' dir='ltr'><strong>fidem</strong></span> 
     </span>
     <span class='ocr_line' id='line_1_10' title="bbox 281 869 1756 934; baseline -0.001 -18"><span class='ocrx_word' id='word_1_64' title='bbox 281 869 529 934; x_wconf 83' lang='lat' dir='ltr'><strong>professam</strong></span> <span class='ocrx_word' id='word_1_65' title='bbox 552 887 653 917; x_wconf 85' lang='lat' dir='ltr'><strong>esse</strong></span> <span class='ocrx_word' id='word_1_66' title='bbox 680 869 857 934; x_wconf 92' lang='lat' dir='ltr'><strong>publice</strong></span> <span class='ocrx_word' id='word_1_67' title='bbox 881 886 936 918; x_wconf 88' lang='lat' dir='ltr'><strong>ac</strong></span> <span class='ocrx_word' id='word_1_68' title='bbox 973 869 1251 926; x_wconf 86' lang='lat' dir='ltr'><strong>solemniter,</strong></span> <span class='ocrx_word' id='word_1_69' title='bbox 1291 869 1620 917; x_wconf 78' lang='lat' dir='ltr'><strong>matrimonium</strong></span> <span class='ocrx_word' id='word_1_70' title='bbox 1654 885 1756 917; x_wconf 77' lang='lat' dir='ltr'><strong>vere</strong></span> 
     </span>
     <span class='ocr_line' id='line_1_11' title="bbox 282 943 1751 1009; baseline -0.003 -16"><span class='ocrx_word' id='word_1_71' title='bbox 282 956 326 993; x_wconf 83' lang='lat' dir='ltr'><strong>et</strong></span> <span class='ocrx_word' id='word_1_72' title='bbox 357 944 536 1009; x_wconf 87' lang='lat' dir='ltr'><strong>proprie</strong></span> <span class='ocrx_word' id='word_1_73' title='bbox 567 962 669 993; x_wconf 89' lang='lat' dir='ltr'><strong>esse</strong></span> <span class='ocrx_word' id='word_1_74' title='bbox 703 955 1026 998; x_wconf 85' lang='lat' dir='ltr'><strong>sacramentum</strong></span> <span class='ocrx_word' id='word_1_75' title='bbox 1042 981 1052 1001; x_wconf 92' lang='lat'><strong>,</strong></span> <span class='ocrx_word' id='word_1_76' title='bbox 1080 962 1162 991; x_wconf 87' lang='lat' dir='ltr'><strong>seu</strong></span> <span class='ocrx_word' id='word_1_77' title='bbox 1185 944 1362 1008; x_wconf 79' lang='lat' dir='ltr'><strong>signum</strong></span> <span class='ocrx_word' id='word_1_78' title='bbox 1385 944 1541 992; x_wconf 84' lang='lat' dir='ltr'><strong>efficax</strong></span> <span class='ocrx_word' id='word_1_79' title='bbox 1564 943 1751 1007; x_wconf 78' lang='lat' dir='ltr'><strong>gratiae.</strong></span> 
     </span>
    </p>

    <p class='ocr_par' dir='ltr' id='par_1_3' title="bbox 283 1019 1760 2376">
     <span class='ocr_line' id='line_1_12' title="bbox 379 1019 1751 1085; baseline -0.001 -16"><span class='ocrx_word' id='word_1_80' title='bbox 379 1021 507 1077; x_wconf 87' lang='lat' dir='ltr'><strong>Quod</strong></span> <span class='ocrx_word' id='word_1_81' title='bbox 542 1021 581 1068; x_wconf 89' lang='lat' dir='ltr'><strong>si</strong></span> <span class='ocrx_word' id='word_1_82' title='bbox 616 1020 719 1069; x_wconf 81' lang='lat' dir='ltr'><strong>talis</strong></span> <span class='ocrx_word' id='word_1_83' title='bbox 753 1021 837 1069; x_wconf 81' lang='lat' dir='ltr'><strong>fuit</strong></span> <span class='ocrx_word' id='word_1_84' title='bbox 875 1021 992 1084; x_wconf 79' lang='lat' dir='ltr'><strong>iugis</strong></span> <span class='ocrx_word' id='word_1_85' title='bbox 1025 1038 1078 1068; x_wconf 88' lang='lat' dir='ltr'><strong>ac</strong></span> <span class='ocrx_word' id='word_1_86' title='bbox 1112 1031 1324 1085; x_wconf 89' lang='lat' dir='ltr'><strong>perpetua</strong></span> <span class='ocrx_word' id='word_1_87' title='bbox 1363 1020 1577 1068; x_wconf 82' lang='lat' dir='ltr'><strong>ecclesiae</strong></span> <span class='ocrx_word' id='word_1_88' title='bbox 1611 1019 1723 1067; x_wconf 85' lang='lat' dir='ltr'><strong>fides</strong></span> <span class='ocrx_word' id='word_1_89' title='bbox 1741 1057 1751 1074; x_wconf 87' lang='lat'><strong>,</strong></span> 
     </span>
     <span class='ocr_line' id='line_1_13' title="bbox 285 1096 1759 1162; baseline -0.001 -16"><span class='ocrx_word' id='word_1_90' title='bbox 285 1115 386 1146; x_wconf 89' lang='lat' dir='ltr'><strong>cum</strong></span> <span class='ocrx_word' id='word_1_91' title='bbox 419 1097 633 1146; x_wconf 85' lang='lat' dir='ltr'><strong>ecclesiae</strong></span> <span class='ocrx_word' id='word_1_92' title='bbox 666 1108 814 1162; x_wconf 82' lang='lat' dir='ltr'><strong>patres</strong></span> <span class='ocrx_word' id='word_1_93' title='bbox 849 1097 970 1144; x_wconf 85' lang='lat' dir='ltr'><strong>iuxta</strong></span> <span class='ocrx_word' id='word_1_94' title='bbox 1005 1097 1137 1145; x_wconf 84' lang='lat' dir='ltr'><strong>fidem</strong></span> <span class='ocrx_word' id='word_1_95' title='bbox 1166 1114 1283 1162; x_wconf 87' lang='lat' dir='ltr'><strong>quae</strong></span> <span class='ocrx_word' id='word_1_96' title='bbox 1310 1097 1355 1144; x_wconf 91' lang='lat' dir='ltr'><strong>in</strong></span> <span class='ocrx_word' id='word_1_97' title='bbox 1385 1097 1540 1144; x_wconf 86' lang='lat' dir='ltr'><strong>eadem</strong></span> <span class='ocrx_word' id='word_1_98' title='bbox 1567 1096 1759 1144; x_wconf 77' lang='lat' dir='ltr'><strong>ecclesia</strong></span> 
     </span>
     <span class='ocr_line' id='line_1_14' title="bbox 284 1173 1755 1238; baseline -0.001 -17"><span class='ocrx_word' id='word_1_99' title='bbox 284 1174 460 1238; x_wconf 79' lang='lat' dir='ltr'><strong>vigebat</strong></span> <span class='ocrx_word' id='word_1_100' title='bbox 493 1174 778 1238; x_wconf 75' lang='lat' dir='ltr'><strong>scripserint,</strong></span> <span class='ocrx_word' id='word_1_101' title='bbox 818 1185 893 1221; x_wconf 87' lang='lat' dir='ltr'><strong>aut</strong></span> <span class='ocrx_word' id='word_1_102' title='bbox 927 1173 1091 1221; x_wconf 85' lang='lat' dir='ltr'><strong>suerint</strong></span> <span class='ocrx_word' id='word_1_103' title='bbox 1123 1173 1284 1229; x_wconf 82' lang='lat' dir='ltr'><strong>locuti,</strong></span> <span class='ocrx_word' id='word_1_104' title='bbox 1324 1174 1409 1221; x_wconf 91' lang='lat' dir='ltr'><strong>hoc</strong></span> <span class='ocrx_word' id='word_1_105' title='bbox 1444 1174 1543 1238; x_wconf 84' lang='lat' dir='ltr'><strong>ipso</strong></span> <span class='ocrx_word' id='word_1_106' title='bbox 1579 1173 1755 1221; x_wconf 81' lang='lat' dir='ltr'><strong>illorum</strong></span> 
     </span>
     <span class='ocr_line' id='line_1_15' title="bbox 283 1249 1759 1315; baseline -0.001 -17"><span class='ocrx_word' id='word_1_107' title='bbox 283 1250 536 1299; x_wconf 70' lang='lat' dir='ltr'><strong>testimonia</strong></span> <span class='ocrx_word' id='word_1_108' title='bbox 558 1267 673 1315; x_wconf 91' lang='lat' dir='ltr'><strong>quae</strong></span> <span class='ocrx_word' id='word_1_109' title='bbox 695 1250 906 1314; x_wconf 83' lang='lat' dir='ltr'><strong>ambigua</strong></span> <span class='ocrx_word' id='word_1_110' title='bbox 927 1250 1067 1298; x_wconf 88' lang='lat' dir='ltr'><strong>videri</strong></span> <span class='ocrx_word' id='word_1_111' title='bbox 1092 1261 1301 1314; x_wconf 86' lang='lat' dir='ltr'><strong>possunt,</strong></span> <span class='ocrx_word' id='word_1_112' title='bbox 1327 1250 1662 1314; x_wconf 77' lang='lat' dir='ltr'><strong>locutionesque</strong></span> <span class='ocrx_word' id='word_1_113' title='bbox 1683 1249 1759 1297; x_wconf 86' lang='lat' dir='ltr'><strong>oh-</strong></span> 
     </span>
     <span class='ocr_line' id='line_1_16' title="bbox 283 1326 1758 1390; baseline -0.001 -16"><span class='ocrx_word' id='word_1_114' title='bbox 283 1342 462 1381; x_wconf 81' lang='lat' dir='ltr'><strong>scurae,</strong></span> <span class='ocrx_word' id='word_1_115' title='bbox 493 1341 697 1390; x_wconf 84' lang='lat' dir='ltr'><strong>quaeque</strong></span> <span class='ocrx_word' id='word_1_116' title='bbox 730 1342 809 1390; x_wconf 88' lang='lat' dir='ltr'><strong>per</strong></span> <span class='ocrx_word' id='word_1_117' title='bbox 842 1342 893 1374; x_wconf 87' lang='lat' dir='ltr'><strong>se</strong></span> <span class='ocrx_word' id='word_1_118' title='bbox 925 1327 1072 1374; x_wconf 89' lang='lat' dir='ltr'><strong>minus</strong></span> <span class='ocrx_word' id='word_1_119' title='bbox 1107 1336 1258 1373; x_wconf 87' lang='lat' dir='ltr'><strong>essent</strong></span> <span class='ocrx_word' id='word_1_120' title='bbox 1285 1337 1416 1390; x_wconf 83' lang='lat' dir='ltr'><strong>aptae</strong></span> <span class='ocrx_word' id='word_1_121' title='bbox 1445 1326 1503 1373; x_wconf 88' lang='lat' dir='ltr'><strong>ad</strong></span> <span class='ocrx_word' id='word_1_122' title='bbox 1532 1340 1623 1373; x_wconf 86' lang='lat' dir='ltr'><strong>rem</strong></span> <span class='ocrx_word' id='word_1_123' title='bbox 1651 1337 1758 1373; x_wconf 56' lang='lat' dir='ltr'><strong>cona</strong></span> 
     </span>
     <span class='ocr_line' id='line_1_17' title="bbox 284 1402 1759 1466; baseline -0.001 -15"><span class='ocrx_word' id='word_1_124' title='bbox 284 1402 539 1459; x_wconf 79' lang='lat' dir='ltr'><strong>ficiendam,</strong></span> <span class='ocrx_word' id='word_1_125' title='bbox 569 1420 623 1450; x_wconf 83' lang='lat' dir='ltr'><strong>ex</strong></span> <span class='ocrx_word' id='word_1_126' title='bbox 650 1403 828 1466; x_wconf 80' lang='lat' dir='ltr'><strong>cognita</strong></span> <span class='ocrx_word' id='word_1_127' title='bbox 851 1402 1066 1451; x_wconf 87' lang='lat' dir='ltr'><strong>ecclesiae</strong></span> <span class='ocrx_word' id='word_1_128' title='bbox 1094 1403 1182 1451; x_wconf 90' lang='lat' dir='ltr'><strong>fide</strong></span> <span class='ocrx_word' id='word_1_129' title='bbox 1211 1420 1370 1450; x_wconf 87' lang='lat' dir='ltr'><strong>novam</strong></span> <span class='ocrx_word' id='word_1_130' title='bbox 1399 1402 1543 1450; x_wconf 84' lang='lat' dir='ltr'><strong>lucem</strong></span> <span class='ocrx_word' id='word_1_131' title='bbox 1573 1419 1759 1450; x_wconf 74' lang='lat' dir='ltr'><strong>novum-</strong></span> 
     </span>
     <span class='ocr_line' id='line_1_18' title="bbox 283 1477 1759 1544; baseline -0.001 -17"><span class='ocrx_word' id='word_1_132' title='bbox 283 1496 371 1543; x_wconf 89' lang='lat' dir='ltr'><strong>que</strong></span> <span class='ocrx_word' id='word_1_133' title='bbox 417 1479 550 1527; x_wconf 90' lang='lat' dir='ltr'><strong>robur</strong></span> <span class='ocrx_word' id='word_1_134' title='bbox 587 1479 838 1544; x_wconf 85' lang='lat' dir='ltr'><strong>acquirunt.</strong></span> <span class='ocrx_word' id='word_1_135' title='bbox 871 1480 1024 1527; x_wconf 87' lang='lat' dir='ltr'><strong>Patres</strong></span> <span class='ocrx_word' id='word_1_136' title='bbox 1070 1479 1187 1527; x_wconf 82' lang='lat' dir='ltr'><strong>enim</strong></span> <span class='ocrx_word' id='word_1_137' title='bbox 1234 1479 1417 1543; x_wconf 84' lang='lat' dir='ltr'><strong>perinde</strong></span> <span class='ocrx_word' id='word_1_138' title='bbox 1463 1496 1516 1527; x_wconf 82' lang='lat' dir='ltr'><strong>ac</strong></span> <span class='ocrx_word' id='word_1_139' title='bbox 1558 1479 1617 1526; x_wconf 87' lang='lat' dir='ltr'><strong>de</strong></span> <span class='ocrx_word' id='word_1_140' title='bbox 1652 1477 1759 1526; x_wconf 76' lang='lat' dir='ltr'><strong>aliis</strong></span> 
     </span>
     <span class='ocr_line' id='line_1_19' title="bbox 284 1554 1760 1620; baseline 0 -18"><span class='ocrx_word' id='word_1_141' title='bbox 284 1554 505 1612; x_wconf 79' lang='lat' dir='ltr'><strong>articulis,</strong></span> <span class='ocrx_word' id='word_1_142' title='bbox 543 1555 621 1620; x_wconf 92' lang='lat' dir='ltr'><strong>qui</strong></span> <span class='ocrx_word' id='word_1_143' title='bbox 655 1565 810 1619; x_wconf 84' lang='lat' dir='ltr'><strong>postea</strong></span> <span class='ocrx_word' id='word_1_144' title='bbox 841 1556 888 1603; x_wconf 88' lang='lat' dir='ltr'><strong>in</strong></span> <span class='ocrx_word' id='word_1_145' title='bbox 922 1555 1106 1603; x_wconf 88' lang='lat' dir='ltr'><strong>dubium</strong></span> <span class='ocrx_word' id='word_1_146' title='bbox 1141 1555 1330 1603; x_wconf 82' lang='lat' dir='ltr'><strong>revocati</strong></span> <span class='ocrx_word' id='word_1_147' title='bbox 1366 1566 1494 1611; x_wconf 80' lang='lat' dir='ltr'><strong>sunt,</strong></span> <span class='ocrx_word' id='word_1_148' title='bbox 1533 1556 1594 1602; x_wconf 86' lang='lat' dir='ltr'><strong>ita</strong></span> <span class='ocrx_word' id='word_1_149' title='bbox 1627 1555 1760 1602; x_wconf 82' lang='lat' dir='ltr'><strong>etiam</strong></span> 
     </span>
     <span class='ocr_line' id='line_1_20' title="bbox 283 1629 1759 1694; baseline 0.001 -17"><span class='ocrx_word' id='word_1_150' title='bbox 283 1630 340 1677; x_wconf 91' lang='lat' dir='ltr'><strong>de</strong></span> <span class='ocrx_word' id='word_1_151' title='bbox 384 1630 518 1678; x_wconf 90' lang='lat' dir='ltr'><strong>huius</strong></span> <span class='ocrx_word' id='word_1_152' title='bbox 567 1631 829 1678; x_wconf 88' lang='lat' dir='ltr'><strong>sacramenti</strong></span> <span class='ocrx_word' id='word_1_153' title='bbox 874 1631 1057 1678; x_wconf 81' lang='lat' dir='ltr'><strong>veritate</strong></span> <span class='ocrx_word' id='word_1_154' title='bbox 1095 1630 1230 1679; x_wconf 87' lang='lat' dir='ltr'><strong>veluti</strong></span> <span class='ocrx_word' id='word_1_155' title='bbox 1275 1629 1482 1678; x_wconf 89' lang='lat' dir='ltr'><strong>omnibus</strong></span> <span class='ocrx_word' id='word_1_156' title='bbox 1528 1640 1759 1694; x_wconf 85' lang='lat' dir='ltr'><strong>perspecta</strong></span> 
     </span>
     <span class='ocr_line' id='line_1_21' title="bbox 283 1706 1758 1771; baseline -0.001 -18"><span class='ocrx_word' id='word_1_157' title='bbox 283 1717 416 1771; x_wconf 89' lang='lat' dir='ltr'><strong>atque</strong></span> <span class='ocrx_word' id='word_1_158' title='bbox 448 1723 475 1753; x_wconf 92' lang='lat' dir='ltr'><strong>a</strong></span> <span class='ocrx_word' id='word_1_159' title='bbox 506 1707 677 1754; x_wconf 90' lang='lat' dir='ltr'><strong>cunctis</strong></span> <span class='ocrx_word' id='word_1_160' title='bbox 710 1707 908 1755; x_wconf 84' lang='lat' dir='ltr'><strong>admissa</strong></span> <span class='ocrx_word' id='word_1_161' title='bbox 941 1716 1045 1755; x_wconf 87' lang='lat' dir='ltr'><strong>sunt</strong></span> <span class='ocrx_word' id='word_1_162' title='bbox 1077 1707 1233 1762; x_wconf 91' lang='lat' dir='ltr'><strong>locuti;</strong></span> <span class='ocrx_word' id='word_1_163' title='bbox 1264 1723 1408 1771; x_wconf 86' lang='lat' dir='ltr'><strong>neque</strong></span> <span class='ocrx_word' id='word_1_164' title='bbox 1442 1723 1654 1770; x_wconf 85' lang='lat' dir='ltr'><strong>umquam</strong></span> <span class='ocrx_word' id='word_1_165' title='bbox 1690 1706 1758 1752; x_wconf 84' lang='lat' dir='ltr'><strong>di-</strong></span> 
     </span>
     <span class='ocr_line' id='line_1_22' title="bbox 285 1781 1759 1847; baseline 0.001 -19"><span class='ocrx_word' id='word_1_166' title='bbox 285 1792 403 1830; x_wconf 83' lang='lat' dir='ltr'><strong>recte</strong></span> <span class='ocrx_word' id='word_1_167' title='bbox 433 1799 530 1830; x_wconf 91' lang='lat' dir='ltr'><strong>eam</strong></span> <span class='ocrx_word' id='word_1_168' title='bbox 565 1782 651 1829; x_wconf 90' lang='lat' dir='ltr'><strong>sibi</strong></span> <span class='ocrx_word' id='word_1_169' title='bbox 686 1782 998 1830; x_wconf 86' lang='lat' dir='ltr'><strong>adstruendam</strong></span> <span class='ocrx_word' id='word_1_170' title='bbox 1034 1794 1342 1847; x_wconf 86' lang='lat' dir='ltr'><strong>sumpserunt,</strong></span> <span class='ocrx_word' id='word_1_171' title='bbox 1371 1783 1501 1847; x_wconf 86' lang='lat' dir='ltr'><strong>quasi</strong></span> <span class='ocrx_word' id='word_1_172' title='bbox 1525 1781 1583 1829; x_wconf 88' lang='lat' dir='ltr'><strong>de</strong></span> <span class='ocrx_word' id='word_1_173' title='bbox 1606 1799 1654 1829; x_wconf 91' lang='lat' dir='ltr'><strong>re</strong></span> <span class='ocrx_word' id='word_1_174' title='bbox 1676 1782 1759 1829; x_wconf 75' lang='lat' dir='ltr'><strong>du-</strong></span> 
     </span>
     <span class='ocr_line' id='line_1_23' title="bbox 284 1857 1760 1923; baseline 0.001 -20"><span class='ocrx_word' id='word_1_175' title='bbox 284 1857 360 1905; x_wconf 91' lang='lat' dir='ltr'><strong>bia</strong></span> <span class='ocrx_word' id='word_1_176' title='bbox 398 1868 613 1920; x_wconf 82' lang='lat' dir='ltr'><strong>ageretur.</strong></span> <span class='ocrx_word' id='word_1_177' title='bbox 655 1857 836 1914; x_wconf 87' lang='lat' dir='ltr'><strong>Quoties</strong></span> <span class='ocrx_word' id='word_1_178' title='bbox 872 1870 1102 1923; x_wconf 86' lang='lat' dir='ltr'><strong>propterea</strong></span> <span class='ocrx_word' id='word_1_179' title='bbox 1122 1858 1360 1905; x_wconf 81' lang='lat' dir='ltr'><strong>‘disserunt</strong></span> <span class='ocrx_word' id='word_1_180' title='bbox 1394 1858 1450 1904; x_wconf 90' lang='lat' dir='ltr'><strong>de</strong></span> <span class='ocrx_word' id='word_1_181' title='bbox 1483 1857 1654 1922; x_wconf 89' lang='lat' dir='ltr'><strong>nuptiis</strong></span> <span class='ocrx_word' id='word_1_182' title='bbox 1688 1874 1760 1905; x_wconf 83' lang='lat' dir='ltr'><strong>ce·-</strong></span> 
     </span>
     <span class='ocr_line' id='line_1_24' title="bbox 285 1931 1760 1999; baseline 0.001 -20"><span class='ocrx_word' id='word_1_183' title='bbox 285 1931 510 1981; x_wconf 89' lang='lat' dir='ltr'><strong>lebrandis</strong></span> <span class='ocrx_word' id='word_1_184' title='bbox 549 1951 649 1981; x_wconf 90' lang='lat' dir='ltr'><strong>cum</strong></span> <span class='ocrx_word' id='word_1_185' title='bbox 695 1934 966 1982; x_wconf 87' lang='lat' dir='ltr'><strong>conscientia</strong></span> <span class='ocrx_word' id='word_1_186' title='bbox 1018 1934 1240 1999; x_wconf 88' lang='lat' dir='ltr'><strong>episcopi,</strong></span> <span class='ocrx_word' id='word_1_187' title='bbox 1288 1935 1345 1981; x_wconf 90' lang='lat' dir='ltr'><strong>de</strong></span> <span class='ocrx_word' id='word_1_188' title='bbox 1389 1933 1696 1981; x_wconf 83' lang='lat' dir='ltr'><strong>benedictione</strong></span> <span class='ocrx_word' id='word_1_189' title='bbox 1735 1951 1760 1980; x_wconf 89' lang='lat' dir='ltr'><strong>a</strong></span> 
     </span>
     <span class='ocr_line' id='line_1_25' title="bbox 286 2007 1760 2075; baseline 0.001 -20"><span class='ocrx_word' id='word_1_190' title='bbox 286 2007 471 2057; x_wconf 88' lang='lat' dir='ltr'><strong>Domino</strong></span> <span class='ocrx_word' id='word_1_191' title='bbox 490 2009 660 2074; x_wconf 86' lang='lat' dir='ltr'><strong>nuptiis</strong></span> <span class='ocrx_word' id='word_1_192' title='bbox 679 2009 923 2074; x_wconf 85' lang='lat' dir='ltr'><strong>impertita,</strong></span> <span class='ocrx_word' id='word_1_193' title='bbox 953 2010 1009 2057; x_wconf 94' lang='lat' dir='ltr'><strong>de</strong></span> <span class='ocrx_word' id='word_1_194' title='bbox 1042 2011 1223 2075; x_wconf 88' lang='lat' dir='ltr'><strong>copioso</strong></span> <span class='ocrx_word' id='word_1_195' title='bbox 1256 2011 1423 2074; x_wconf 75' lang='lat' dir='ltr'><strong>gratiae</strong></span> <span class='ocrx_word' id='word_1_196' title='bbox 1455 2025 1638 2058; x_wconf 84' lang='lat' dir='ltr'><strong>munere</strong></span> <span class='ocrx_word' id='word_1_197' title='bbox 1669 2009 1760 2056; x_wconf 85' lang='lat' dir='ltr'><strong>illis</strong></span> 
     </span>
     <span class='ocr_line' id='line_1_26' title="bbox 288 2084 1758 2151; baseline 0 -20"><span class='ocrx_word' id='word_1_198' title='bbox 288 2084 481 2141; x_wconf 85' lang='lat' dir='ltr'><strong>adnexo,</strong></span> <span class='ocrx_word' id='word_1_199' title='bbox 512 2086 683 2150; x_wconf 88' lang='lat' dir='ltr'><strong>quoties</strong></span> <span class='ocrx_word' id='word_1_200' title='bbox 702 2124 711 2141; x_wconf 94' lang='lat'><strong>,</strong></span> <span class='ocrx_word' id='word_1_201' title='bbox 740 2086 944 2151; x_wconf 90' lang='lat' dir='ltr'><strong>inquam,</strong></span> <span class='ocrx_word' id='word_1_202' title='bbox 974 2087 1109 2134; x_wconf 90' lang='lat' dir='ltr'><strong>hasce</strong></span> <span class='ocrx_word' id='word_1_203' title='bbox 1142 2087 1307 2134; x_wconf 89' lang='lat' dir='ltr'><strong>aliasve</strong></span> <span class='ocrx_word' id='word_1_204' title='bbox 1341 2085 1512 2133; x_wconf 87' lang='lat' dir='ltr'><strong>similes</strong></span> <span class='ocrx_word' id='word_1_205' title='bbox 1547 2084 1758 2133; x_wconf 89' lang='lat' dir='ltr'><strong>formulas</strong></span> 
     </span>
     <span class='ocr_line' id='line_1_27' title="bbox 287 2162 1759 2227; baseline 0.001 -21"><span class='ocrx_word' id='word_1_206' title='bbox 287 2171 526 2224; x_wconf 89' lang='lat' dir='ltr'><strong>usurpant,</strong></span> <span class='ocrx_word' id='word_1_207' title='bbox 566 2162 694 2209; x_wconf 89' lang='lat' dir='ltr'><strong>toties</strong></span> <span class='ocrx_word' id='word_1_208' title='bbox 729 2163 1027 2209; x_wconf 89' lang='lat' dir='ltr'><strong>testimonium</strong></span> <span class='ocrx_word' id='word_1_209' title='bbox 1065 2162 1300 2227; x_wconf 88' lang='lat' dir='ltr'><strong>perhibent</strong></span> <span class='ocrx_word' id='word_1_210' title='bbox 1324 2162 1495 2209; x_wconf 87' lang='lat' dir='ltr'><strong>veritati</strong></span> <span class='ocrx_word' id='word_1_211' title='bbox 1520 2177 1653 2225; x_wconf 92' lang='lat' dir='ltr'><strong>quam</strong></span> <span class='ocrx_word' id='word_1_212' title='bbox 1687 2177 1759 2207; x_wconf 90' lang='lat' dir='ltr'><strong>ec-</strong></span> 
     </span>
     <span class='ocr_line' id='line_1_28' title="bbox 287 2235 1757 2303; baseline 0.001 -21"><span class='ocrx_word' id='word_1_213' title='bbox 287 2235 423 2283; x_wconf 85' lang='lat' dir='ltr'><strong>clesia</strong></span> <span class='ocrx_word' id='word_1_214' title='bbox 455 2254 541 2283; x_wconf 91' lang='lat' dir='ltr'><strong>usu</strong></span> <span class='ocrx_word' id='word_1_215' title='bbox 575 2237 673 2300; x_wconf 89' lang='lat' dir='ltr'><strong>ipso</strong></span> <span class='ocrx_word' id='word_1_216' title='bbox 707 2255 756 2285; x_wconf 89' lang='lat' dir='ltr'><strong>ac</strong></span> <span class='ocrx_word' id='word_1_217' title='bbox 788 2238 914 2302; x_wconf 86' lang='lat' dir='ltr'><strong>praxi</strong></span> <span class='ocrx_word' id='word_1_218' title='bbox 949 2238 1208 2303; x_wconf 86' lang='lat' dir='ltr'><strong>quotidiana</strong></span> <span class='ocrx_word' id='word_1_219' title='bbox 1242 2250 1341 2286; x_wconf 90' lang='lat' dir='ltr'><strong>ante</strong></span> <span class='ocrx_word' id='word_1_220' title='bbox 1375 2237 1570 2285; x_wconf 88' lang='lat' dir='ltr'><strong>omnium</strong></span> <span class='ocrx_word' id='word_1_221' title='bbox 1605 2235 1757 2284; x_wconf 91' lang='lat' dir='ltr'><strong>oculos</strong></span> 
     </span>
     <span class='ocr_line' id='line_1_29' title="bbox 287 2313 994 2376; baseline 0.001 -18"><span class='ocrx_word' id='word_1_222' title='bbox 287 2322 662 2376; x_wconf 89' lang='lat' dir='ltr'><strong>conspectumque</strong></span> <span class='ocrx_word' id='word_1_223' title='bbox 696 2313 994 2376; x_wconf 88' lang='lat' dir='ltr'><strong>profitebatur.</strong></span> 
     </span>
    </p>

    <p class='ocr_par' dir='ltr' id='par_1_4' title="bbox 288 2385 1759 2831">
     <span class='ocr_line' id='line_1_30' title="bbox 385 2385 1759 2452; baseline 0 -19"><span class='ocrx_word' id='word_1_224' title='bbox 385 2385 557 2442; x_wconf 87' lang='lat' dir='ltr'><strong>Quibus</strong></span> <span class='ocrx_word' id='word_1_225' title='bbox 590 2387 862 2451; x_wconf 90' lang='lat' dir='ltr'><strong>praemissis,</strong></span> <span class='ocrx_word' id='word_1_226' title='bbox 902 2389 1015 2434; x_wconf 89' lang='lat' dir='ltr'><strong>nihil</strong></span> <span class='ocrx_word' id='word_1_227' title='bbox 1039 2388 1159 2435; x_wconf 89' lang='lat' dir='ltr'><strong>aliud</strong></span> <span class='ocrx_word' id='word_1_228' title='bbox 1183 2397 1411 2452; x_wconf 86' lang='lat' dir='ltr'><strong>superest,</strong></span> <span class='ocrx_word' id='word_1_229' title='bbox 1439 2403 1571 2452; x_wconf 89' lang='lat' dir='ltr'><strong>quam</strong></span> <span class='ocrx_word' id='word_1_230' title='bbox 1595 2398 1644 2434; x_wconf 91' lang='lat' dir='ltr'><strong>ut</strong></span> <span class='ocrx_word' id='word_1_231' title='bbox 1666 2387 1759 2434; x_wconf 90' lang='lat' dir='ltr'><strong>sin-</strong></span> 
     </span>
     <span class='ocr_line' id='line_1_31' title="bbox 288 2461 1751 2527; baseline 0 -20"><span class='ocrx_word' id='word_1_232' title='bbox 288 2461 458 2524; x_wconf 79' lang='lat' dir='ltr'><strong>gularia</strong></span> <span class='ocrx_word' id='word_1_233' title='bbox 492 2462 708 2526; x_wconf 86' lang='lat' dir='ltr'><strong>quaedam</strong></span> <span class='ocrx_word' id='word_1_234' title='bbox 744 2473 917 2526; x_wconf 89' lang='lat' dir='ltr'><strong>patrum</strong></span> <span class='ocrx_word' id='word_1_235' title='bbox 951 2464 1199 2510; x_wconf 89' lang='lat' dir='ltr'><strong>testimonia</strong></span> <span class='ocrx_word' id='word_1_236' title='bbox 1222 2480 1273 2510; x_wconf 85' lang='lat' dir='ltr'><strong>ac</strong></span> <span class='ocrx_word' id='word_1_237' title='bbox 1296 2463 1429 2509; x_wconf 84' lang='lat' dir='ltr'><strong>effata</strong></span> <span class='ocrx_word' id='word_1_238' title='bbox 1462 2462 1751 2527; x_wconf 85' lang='lat' dir='ltr'><strong>proferamus.</strong></span> 
     </span>
     <span class='ocr_line' id='line_1_32' title="bbox 291 2537 1758 2603; baseline 0.001 -20"><span class='ocrx_word' id='word_1_239' title='bbox 291 2537 501 2593; x_wconf 88' lang='lat' dir='ltr'><strong>Quamvis</strong></span> <span class='ocrx_word' id='word_1_240' title='bbox 543 2555 647 2585; x_wconf 88' lang='lat' dir='ltr'><strong>vero</strong></span> <span class='ocrx_word' id='word_1_241' title='bbox 689 2555 740 2584; x_wconf 93' lang='lat' dir='ltr'><strong>ea</strong></span> <span class='ocrx_word' id='word_1_242' title='bbox 781 2539 1011 2586; x_wconf 87' lang='lat' dir='ltr'><strong>notissima</strong></span> <span class='ocrx_word' id='word_1_243' title='bbox 1051 2539 1164 2595; x_wconf 93' lang='lat' dir='ltr'><strong>sint,</strong></span> <span class='ocrx_word' id='word_1_244' title='bbox 1213 2539 1498 2603; x_wconf 90' lang='lat' dir='ltr'><strong>omniumque</strong></span> <span class='ocrx_word' id='word_1_245' title='bbox 1539 2555 1650 2603; x_wconf 90' lang='lat' dir='ltr'><strong>pene</strong></span> <span class='ocrx_word' id='word_1_246' title='bbox 1684 2555 1758 2585; x_wconf 91' lang='lat' dir='ltr'><strong>ore</strong></span> 
     </span>
     <span class='ocr_line' id='line_1_33' title="bbox 291 2613 1759 2678; baseline 0.001 -19"><span class='ocrx_word' id='word_1_247' title='bbox 291 2613 412 2669; x_wconf 84' lang='lat' dir='ltr'><strong>trita,</strong></span> <span class='ocrx_word' id='word_1_248' title='bbox 453 2624 583 2678; x_wconf 89' lang='lat' dir='ltr'><strong>atque</strong></span> <span class='ocrx_word' id='word_1_249' title='bbox 617 2632 642 2661; x_wconf 87' lang='lat' dir='ltr'><strong>a</strong></span> <span class='ocrx_word' id='word_1_250' title='bbox 676 2613 890 2677; x_wconf 76' lang='lat' dir='ltr'><strong>theologis</strong></span> <span class='ocrx_word' id='word_1_251' title='bbox 924 2614 1154 2662; x_wconf 88' lang='lat' dir='ltr'><strong>catholicis</strong></span> <span class='ocrx_word' id='word_1_252' title='bbox 1189 2614 1354 2661; x_wconf 92' lang='lat' dir='ltr'><strong>iamdiu</strong></span> <span class='ocrx_word' id='word_1_253' title='bbox 1384 2614 1587 2670; x_wconf 78' lang='lat' dir='ltr'><strong>collecta,</strong></span> <span class='ocrx_word' id='word_1_254' title='bbox 1617 2632 1671 2661; x_wconf 91' lang='lat' dir='ltr'><strong>ne</strong></span> <span class='ocrx_word' id='word_1_255' title='bbox 1695 2626 1759 2661; x_wconf 90' lang='lat' dir='ltr'><strong>ta-</strong></span> 
     </span>
     <span class='ocr_line' id='line_1_34' title="bbox 289 2690 1758 2756; baseline 0.003 -22"><span class='ocrx_word' id='word_1_256' title='bbox 289 2699 390 2735; x_wconf 87' lang='lat' dir='ltr'><strong>men</strong></span> <span class='ocrx_word' id='word_1_257' title='bbox 422 2690 650 2754; x_wconf 88' lang='lat' dir='ltr'><strong>quidpiam</strong></span> <span class='ocrx_word' id='word_1_258' title='bbox 675 2690 730 2737; x_wconf 90' lang='lat' dir='ltr'><strong>ad</strong></span> <span class='ocrx_word' id='word_1_259' title='bbox 756 2690 994 2756; x_wconf 87' lang='lat' dir='ltr'><strong>pleniorem</strong></span> <span class='ocrx_word' id='word_1_260' title='bbox 1040 2690 1339 2756; x_wconf 82' lang='lat' dir='ltr'><strong>probationem</strong></span> <span class='ocrx_word' id='word_1_261' title='bbox 1376 2690 1588 2738; x_wconf 83' lang='lat' dir='ltr'><strong>adversus</strong></span> <span class='ocrx_word' id='word_1_262' title='bbox 1624 2691 1758 2739; x_wconf 89' lang='lat' dir='ltr'><strong>huius</strong></span> 
     </span>
     <span class='ocr_line' id='line_1_35' title="bbox 291 2765 1757 2831; baseline 0.002 -20"><span class='ocrx_word' id='word_1_263' title='bbox 291 2766 499 2829; x_wconf 87' lang='lat' dir='ltr'><strong>temporis</strong></span> <span class='ocrx_word' id='word_1_264' title='bbox 520 2765 763 2815; x_wconf 85' lang='lat' dir='ltr'><strong>haereticos</strong></span> <span class='ocrx_word' id='word_1_265' title='bbox 792 2766 1087 2823; x_wconf 87' lang='lat' dir='ltr'><strong>desideretur,</strong></span> <span class='ocrx_word' id='word_1_266' title='bbox 1119 2767 1195 2831; x_wconf 90' lang='lat' dir='ltr'><strong>qui</strong></span> <span class='ocrx_word' id='word_1_267' title='bbox 1223 2765 1370 2814; x_wconf 84' lang='lat' dir='ltr'><strong>adhuc</strong></span> <span class='ocrx_word' id='word_1_268' title='bbox 1398 2767 1654 2831; x_wconf 83' lang='lat' dir='ltr'><strong>pugnaciter</strong></span> <span class='ocrx_word' id='word_1_269' title='bbox 1681 2767 1757 2814; x_wconf 86' lang='lat' dir='ltr'><strong>de-</strong></span> 
     </span>
    </p>
   </div>
  </div>
 </body>
</html>
