1912 3180
325 154 415 197 306
599 166 678 196 mn.
707 164 736 194 1.
767 161 879 193 sacr.
911 161 1082 194 ALTERA.
1113 161 1164 194 1)ss
1190 160 1361 192 mrum.
1391 160 1530 192 civim.

876 330 1148 367 ARTICULUS
1176 330 1240 366 111.

596 471 675 509 Lex
700 470 748 508 de
776 469 1020 508 Matrimonio
1047 468 1153 507 civili
1178 471 1236 506 est
1263 467 1511 516 antipolitica.

425 627 516 671 lam
556 624 973 679 animadvertimus,
1007 622 1241 686 plerosque
1263 620 1690 685 pseudo—politicos,
1713 623 1791 686 qui

327 711 586 765 promovent
617 699 757 763 legem
793 700 848 745 de
872 697 1106 745 connubiis
1130 714 1250 744 mere
1273 696 1479 744 civilibus
1497 734 1508 753 ,
1536 714 1692 760 pamm
1715 710 1793 745 aut

328 776 441 823 nihil
473 775 716 840 permoveri
747 791 883 822 causa
917 772 1168 835 religionis,
1198 789 1342 836 neque
1364 789 1417 818 ea
1440 772 1674 828 deterreri,
1702 789 1792 837 quo

328 854 477 900 minus
512 869 642 899 caeco
677 851 868 915 quodam
902 849 1047 896 furore
1080 850 1360 896 connitantur
1396 848 1517 895 omni
1559 865 1651 912 qua
1691 864 1794 913 pos-

327 939 431 976 sunt
463 945 547 992 ope
571 927 710 990 legem
734 925 854 971 illam
879 925 1161 972 constituere.
1191 924 1406 979 Quocirca
1430 924 1545 971 aliae
1568 935 1794 988 praeterea

328 1003 416 1051 illis
441 1021 601 1051 causae
625 1001 902 1049 adiiciendae
925 1011 1055 1057 sunt,
1085 999 1248 1065 quibus
1272 1018 1424 1047 eorum
1449 1001 1624 1048 animus
1650 1001 1795 1063 magis

327 1079 613 1126 deterreatur.
651 1077 743 1142 Ipsi
778 1077 1060 1142 profitentur,
1101 1094 1148 1123 se
1189 1076 1410 1124 societatis
1445 1076 1609 1124 bonum
1644 1093 1795 1141 perse-

327 1155 430 1219 qui,
469 1155 515 1200 id
548 1172 685 1200 unum
721 1170 825 1217 prae
848 1153 990 1200 oculis
1013 1152 1179 1199 habere
1195 1190 1205 1209 ,
1233 1152 1318 1200 hoc
1341 1153 1586 1200 consectari
1611 1170 1660 1200 se
1681 1151 1795 1200 velle

327 1242 418 1278 tum
453 1248 498 1277 ln
535 1230 617 1277 hac
651 1240 743 1277 tum
777 1230 822 1275 in
857 1229 958 1276 aliis
994 1228 1249 1275 huiusmodi
1275 1228 1448 1291 legibus
1473 1228 1790 1293 proponendis.

328 1306 486 1370 Utpote
520 1323 544 1352 a
579 1305 742 1370 populo
776 1303 933 1351 delecti
971 1304 1018 1350 in
1051 1304 1216 1351 bonum
1252 1303 1543 1367 reipublicae,
1572 1314 1704 1368 atque
1736 1303 1793 1350 ad

329 1382 498 1446 patriae
532 1382 708 1445 negotia
742 1380 1043 1436 discutienda,
1082 1397 1163 1427 nec
1197 1397 1284 1427 non
1309 1379 1365 1426 ad
1389 1380 1531 1444 ipsius
1561 1379 1793 1427 utilitatem

329 1468 371 1505 et
403 1457 635 1504 commoda
670 1456 881 1503 sectanda
914 1456 1141 1520 deputati,
1180 1454 1356 1502 nonnisi
1391 1472 1418 1501 a
1451 1455 1671 1502 communi
1696 1455 1794 1502 uni-

328 1533 579 1597 versalique
612 1532 727 1580 bono
763 1531 1009 1596 permoveri
1046 1541 1247 1595 possunt.
1277 1531 1341 1577 Ita
1380 1531 1561 1595 quidem
1602 1532 1688 1596 ipsi
1730 1524 1795 1580 lo-

331 1620 527 1673 quuntur
559 1626 609 1656 ac
643 1618 958 1674 protestantur.

425 1685 471 1730 Si
507 1685 639 1748 igitur
673 1684 997 1732 ostenderimus
1031 1700 1129 1740 eos,
1167 1685 1243 1748 qui
1267 1684 1422 1730 intenti
1448 1694 1549 1730 sunt
1573 1683 1628 1730 ad
1653 1683 1794 1747 legem

332 1761 596 1823 urgendam,
637 1761 693 1807 de
725 1778 815 1825 qua
848 1770 915 1807 est
939 1777 1104 1816 sermo,
1134 1777 1221 1807 non
1250 1759 1380 1807 modo
1416 1777 1503 1807 non
1541 1760 1795 1824 prospicere

333 1847 375 1883 et
409 1836 640 1883 consulere
663 1836 843 1900 publico
867 1835 1178 1900 communique
1200 1835 1337 1891 bono,
1368 1836 1502 1883 immo
1524 1852 1627 1883 vero
1651 1835 1795 1882 eidem

334 1912 511 1976 penitus
545 1911 795 1968 adversari3
825 1912 862 1958 si
893 1911 1166 1958 in.medium
1201 1912 1353 1974 gravia
1387 1911 1625 1959 afferamus
1649 1928 1701 1958 ac
1725 1927 1796 1958 so-

332 1989 426 2035 lida
454 1989 672 2035 rationum
703 1998 944 2045 momenta,
983 1988 1144 2052 quibus
1179 1998 1347 2036 constet
1374 2005 1472 2035 eam
1505 1988 1646 2051 legem
1676 1987 1796 2035 nullo

334 2063 487 2119 modo,
528 2064 566 2110 si
603 2063 658 2110 ad
694 2081 848 2110 sanam
885 2062 1107 2128 politicam
1148 2063 1368 2126 exigatur,
1406 2081 1539 2127 posse
1583 2062 1792 2128 probari,

336 2139 497 2186 factum
534 2138 587 2184 iri
623 2138 914 2195 confidimus,
951 2148 1000 2185 ut
1033 2137 1200 2202 publici
1235 2138 1309 2185 isti
1344 2139 1537 2186 nationis
1572 2138 1792 2202 delegati,

335 2225 411 2261 aut
444 2215 576 2261 etiam
601 2224 649 2260 ut
670 2223 826 2261 vocant
848 2223 1230 2277 repraesentantes,
1260 2213 1331 2260 sin
1354 2213 1502 2260 minus
1525 2224 1574 2260 ut
1604 2213 1798 2277 religiosi

334 2289 447 2346 viri,
489 2288 644 2336 saltem
678 2299 726 2335 ut
760 2287 926 2352 politici
962 2287 1018 2334 ab
1052 2288 1265 2353 incoeptis
1300 2288 1525 2343 desinant,
1560 2305 1640 2334 nec
1670 2288 1798 2352 perti·

338 2365 504 2412 naciter
538 2365 745 2411 insistant
779 2364 863 2427 legi
900 2364 964 2410 illi
999 2364 1344 2429 promovendae,
1383 2381 1497 2429 quae
1526 2363 1797 2429 antipolitica

337 2442 677 2489 demonstratur.
707 2441 800 2487 Hoc
834 2450 979 2487 autem
1003 2451 1094 2497 est,
1123 2441 1242 2505 quod
1266 2440 1496 2488 ostendere
1527 2440 1798 2488 assumimus

337 2517 475 2563 innixi
511 2535 591 2564 nec
623 2516 794 2564 levibus
828 2534 909 2563 nec
930 2516 1095 2580 -pauciS
1135 2527 1488 2579 argumentorum
1531 2516 1791 2563 rationibus.

434 2593 570 2655 Igitur
602 2592 671 2639 lex
705 2592 782 2638 illa
814 2591 1036 2639 censenda
1069 2591 1345 2655 dicendaque
1387 2602 1454 2638 est
1492 2591 1791 2655 antipolitica,

339 2684 452 2730 quae
484 2678 551 2714 est
583 2679 734 2715 contra
767 2677 970 2714 naturam
1005 2678 1046 2714 et
1080 2667 1237 2723 finem,
1266 2684 1395 2731 quem
1421 2667 1465 2712 in
1490 2666 1661 2730 legibus
1692 2684 1796 2714 con-

340 2740 496 2787 dendis
532 2742 615 2788 sibi
651 2743 940 2806 praestituere
972 2741 1101 2789 debet
1134 2742 1277 2790 omnis
1302 2742 1481 2806 sapiens
1517 2760 1567 2790 ac
1601 2743 1796 2806 prudens
