1912 3180
410 235 499 266 cn.
524 235 551 265 Ι.
575 235 626 265 ΒΕ
651 234 825 266 unam.
850 234 998 265 clvms
1022 234 1198 265 NATURA.
1222 234 1314 264 ΛΒΤ.
1339 234 1401 265 lu.
1556 218 1642 263 229

188 312 397 375 religione
415 310 665 376 praescindi
686 349 696 368 ,
720 311 815 357 iura
832 310 980 357 omnia
998 311 1210 358 ecclesiae
1229 310 1507 375 pessumdat,
1529 328 1644 375 quae

184 386 450 434 catholicum
482 385 648 433 clerum
682 386 946 439 insectatur,
985 402 1098 449 quae
1132 386 1335 433 licentiae
1369 386 1505 442 favet,
1545 403 1647 451 pro-

185 462 509 509 testantismum
545 470 792 525 promovet,
831 459 980 506 omnia
1012 472 1242 525 expectare
1276 461 1391 509 licet.
1420 461 1645 526 Siquidem

182 537 349 602 optime
383 537 467 583 sibi
501 536 728 593 cohaeret,
767 546 897 600 atque
929 535 1201 600 deplorabile
1226 538 1378 585 ruinae
1402 555 1513 603 opus
1537 538 1645 585 satis

184 613 298 659 bene
331 622 533 676 coeptum
570 612 853 676 perficeretur
881 613 996 673 (35).

280 688 415 744 Sane,
446 699 640 753 recepta,
670 706 803 753 quam
827 698 1006 743 vocant,
1046 687 1245 735 libertate
1267 690 1486 746 cultuum,
1515 701 1647 756 atque

182 764 386 812 libertate
425 765 719 812 conscientiae
763 783 852 811 una
890 782 987 812 cum
1036 764 1386 812 institutionibus
1429 767 1646 831 cuiusque

184 850 330 887 sectae
364 840 581 905 propriis,
620 840 908 902 guber-nium,
946 840 1061 905 quod
1085 840 1225 903 legem
1251 841 1517 888 matrimonii
1543 859 1648 891 con-

181 915 323 963 stituit
354 916 523 972 civilis,
552 916 589 963 si
614 917 848 964 cohaerere
881 916 966 964 sibi
1000 916 1130 973 velit,
1158 926 1357 964 coercere
1391 918 1545 982 nequit
1568 935 1645 982 po-

181 991 449 1057 lygamiam,
496 992 651 1039 saltem
697 993 843 1057 quoad
889 992 1013 1048 illos,
1053 992 1129 1057 qui
1168 1010 1264 1040 eam
1305 993 1368 1039 uti
1409 993 1645 1056 legitimam

182 1067 369 1125 habent,
408 1068 757 1134 profitenturque
782 1070 903 1116 iuxta
927 1069 1142 1133 privatam
1166 1068 1405 1116 Bibliorum
1433 1069 1646 1134 interpre-

179 1145 403 1192 tationem.
434 1145 607 1192 Habent
640 1156 683 1193 et
715 1146 788 1193 isti
815 1163 939 1193 suam
966 1146 1321 1210 persuasionem,
1351 1162 1450 1202 seu,
1479 1156 1529 1192 ut
1557 1147 1642 1211 ipsi

178 1220 441 1286 loquuntur,
481 1222 780 1267 convictione-m
803 1221 858 1268 de
882 1220 1161 1286 polygamiae
1185 1221 1416 1268 honestate
1438 1222 1569 1268 etiam
1599 1222 1645 1268 in

178 1296 277 1360 lege
307 1296 577 1360 evangelica,
606 1298 771 1362 Ecquis
808 1298 852 1343 in
887 1307 1126 1362 systemate
1167 1297 1504 1362 protestantium
1550 1297 1644 1344 iure

181 1371 340 1436 poterit
373 1372 418 1417 in
453 1369 637 1418 dubium
672 1372 717 1418 id
753 1372 996 1419 revocare?

274 1447 552 1513 Quapropter
575 1448 634 1495 ita
652 1448 932 1495 vehementer
949 1464 1035 1494 non
1055 1448 1202 1494 minus
1221 1465 1352 1512 quam
1371 1448 1510 1511 logice
1538 1449 1647 1496 Mor-

178 1524 395 1579 monitae‚
433 1541 515 1571 seu
548 1525 700 1571 Sancti
730 1524 1055 1570 novissimorum
1088 1524 1274 1579 dierum,
1323 1525 1442 1589 quod
1487 1543 1643 1572 nomen

178 1601 266 1665 ipsi
302 1600 388 1648 sibi
422 1600 699 1655 adsciscunt,
728 1600 894 1664 quique
925 1610 1027 1646 sunt
1063 1601 1409 1663 protestantismi
1435 1601 1512 1647 filii
1539 1612 1645 1648 natu

176 1676 347 1723 minimi
371 1677 464 1739 (39)
485 1714 494 1733 ‚
512 1676 725 1739 urgebant
743 1693 828 1723 non
847 1676 907 1723 ita
925 1676 1096 1740 pridem
1116 1687 1317 1724 senatum
1339 1678 1537 1725 Statuum
1559 1678 1645 1725 foe-

272 1816 336 1857 (35)
358 1817 472 1858 Reipsa
490 1817 700 1849 Mormonitae
714 1818 927 1859 polygamiam
944 1818 1064 1859 ubique
1076 1818 1281 1860 diffundunt3
1296 1828 1334 1851 ac
1349 1819 1375 1852 si
1388 1828 1463 1851 vera
1474 1822 1551 1852 sunt
1565 1829 1647 1861 quae

176 1869 326 1909 leguntur
346 1869 378 1900 in
398 1870 509 1901 Diario
532 1872 674 1902 Univers
692 1875 740 1902 31.
759 1871 832 1902 Iulii
858 1876 945 1903 1856.
961 1873 1162 1912 Mor-mones,
1177 1873 1232 1912 qui
1250 1874 1409 1912 Augustae
1428 1874 1642 1905 Taurinorum

174 1922 309 1961 degunt,
326 1922 528 1954 collationem
543 1922 625 1954 inter
641 1932 675 1955 se
689 1923 871 1955 habuerunt
887 1924 919 1955 in
933 1933 998 1964 qua
1014 1924 1178 1956 decretum
1200 1927 1263 1965 est,
1294 1927 1330 1957 ut
1354 1925 1540 1966 paradigma
1566 1925 1643 1966 legis

173 1974 324 2007 ministro
349 1976 436 2016 regio
460 1976 648 2016 offerretur,
666 1976 713 2008 uti
734 1977 765 2008 in
786 1985 870 2008 nova
893 1977 960 2018 lege
979 1978 1187 2019 proponenda
1205 1980 1237 2010 et
1258 1979 1312 2010 bic
1326 1978 1482 2011 articulus
1505 1988 1641 2020 appone-

178 2028 265 2059 retur
279 2026 319 2058 de
336 2026 484 2059 ineundis
507 2027 664 2068 coniugiis
684 2029 773 2060 iuxta
793 2028 989 2060 libertatem
1010 2031 1250 2070 conscienciae,
1266 2029 1411 2071 adeoque
1431 2031 1531 2071 ipsam
1545 2031 1642 2062 etiam

174 2078 388 2119 polygamiam
414 2078 577 2120 sectandi3
599 2081 695 2120 atque
707 2105 716 2120 ,
735 2082 771 2111 ut
792 2080 911 2112 ibidem
935 2081 1050 2120 legitur
1073 2081 1219 2113 minister
1234 2081 1339 2122 regius
1352 2081 1446 2114 valde
1459 2091 1494 2114 se
1509 2090 1640 2123 propen-

171 2140 247 2163 sum
270 2131 419 2172 ‘praebuit
443 2132 483 2164 ad
510 2133 747 2165 concessionem
771 2132 929 2165 eiusmodi
957 2133 1148 2166 faciendam.

269 2184 333 2224 (36)
356 2185 470 2225 Coepit
483 2185 561 2217 haec
575 2187 672 2224 secta,
688 2194 771 2226 quae
785 2188 917 2218 vocatur
925 2186 1080 2218 Ecclesia
1090 2188 1291 2219 sanctorum
1301 2189 1564 2220 novissimorum
1577 2187 1643 2219 die·

174 2245 254 2269 rum
273 2237 507 2279 (Latter-Day
521 2238 656 2277 saints)
674 2247 726 2270 an.
747 2243 832 2271 1830.
849 2238 882 2270 in
902 2239 1047 2270 America
1067 2240 1305 2280 septentrionali
1319 2249 1379 2282 ope
1393 2240 1559 2272 cuiusdam
1576 2242 1638 2273 Ios.

166 2289 295 2330 Smitb3
313 2291 347 2321 et
365 2298 417 2321 an.
436 2295 522 2322 1834.
539 2291 591 2322 vix
613 2290 801 2323 numerabat
823 2292 975 2332 quinque
992 2290 1117 2331 fideles
1132 2301 1187 2324 seu
1207 2294 1396 2333 sectatores3
1420 2302 1506 2325 anno
1532 2295 1638 2325 autem

173 2344 262 2374 1854.
273 2343 336 2374 lam
349 2342 522 2374 excedebat
537 2351 706 2374 numerum
728 2343 1049 2384 30,000.etquotidie
1061 2352 1145 2375 nova
1161 2344 1256 2376 habet
1268 2345 1474 2376 incrementa.
1487 2345 1529 2376 Hi
1544 2345 1639 2377 etiam

172 2394 400 2425 Mor-monitae
416 2394 590 2435 nuncupati
615 2394 761 2425 acerrimi
784 2394 936 2426 ecclesiae
960 2395 1143 2427 catholicae:
1163 2396 1269 2427 hostes
1294 2396 1418 2437 fingunt
1440 2405 1474 2428 se
1497 2406 1554 2438 per
1578 2399 1638 2429 Ga-

169 2445 303 2478 brielem
329 2447 559 2487 archangelum
578 2455 696 2479 novam
721 2455 812 2479 suam
835 2448 1065 2479 revelationem
1082 2448 1243 2489 accepisse
1256 2448 1295 2480 ad
1312 2448 1412 2480 instar
1424 2449 1636 2482 Mabumedis.

168 2498 387 2539 contendunt,
403 2499 532 2539 librum,
550 2500 581 2530 in
597 2509 662 2540 quo
681 2500 740 2532 bae
759 2500 971 2532 revelationes
986 2501 1211 2541 continentur,
1238 2500 1471 2533 accensendum
1494 2510 1563 2534 esse
1589 2511 1637 2535 sa·

170 2549 233 2581 cris
248 2550 360 2582 Bibliis
377 2552 493 2584 veteris
509 2561 545 2583 ac
560 2553 634 2583 novi
650 2552 843 2584 Testamenti
862 2561 964 2593 eaque
980 2553 1151 2593 complere.
1170 2554 1306 2585 Possunt
1322 2554 1354 2585 bi
1372 2555 1419 2585 tot
1430 2554 1546 2586 ducere
1561 2564 1638 2587 uxo-

173 2610 224 2633 res
239 2604 319 2642 quot
332 2603 380 2635 eis
398 2613 533 2644 magnus
554 2604 696 2645 ipsorum
718 2605 871 2645 propheta
892 2605 1052 2645 indulget:
1072 2605 1232 2637 interdum
1250 2611 1301 2638 20.
1315 2608 1372 2638 aut
1386 2611 1436 2639 30.
1452 2616 1569 2639 uxores
1583 2608 1637 2640 ha—

170 2652 263 2693 beat,
282 2662 320 2686 nc
338 2655 510 2687 universim
533 2658 614 2697 quot
637 2656 722 2688 alere
742 2658 892 2697 possunt;
913 2657 1107 2697 quandoque
1129 2656 1210 2689 duas
1235 2658 1359 2690 ducunt
1377 2666 1520 2699 sorores,
1538 2659 1637 2692 immo

171 2706 306 2738 matrem
322 2715 358 2738 ac
374 2707 455 2740 duas
468 2708 559 2740 filias.
572 2708 695 2740 Habent
711 2717 787 2741 suos
801 2709 973 2749 apostolos,
986 2718 1068 2750 quos
1077 2710 1108 2741 in
1118 2718 1228 2742 omnes
1240 2710 1383 2751 regiones
1397 2711 1639 2744 mittunt.Unus

170 2764 210 2788 ex
220 2756 271 2789 his
282 2757 324 2790 ad
337 2758 521 2800 subalpinos
533 2760 678 2801 pervenit
693 2769 731 2791 ac
745 2761 922 2801 proselytos
937 2761 1012 2792 facit
1028 2760 1110 2793 inter
1125 2762 1347 2801 protestantes.
1359 2762 1409 2794 Cf.
1419 2765 1465 2795 De
1477 2763 1538 2795 hac
1550 2765 1635 2795 secta

173 2808 238 2840 The
254 2811 436 2850 Momm,
450 2820 501 2851 or,
515 2814 721 2852 Lateer-Day
740 2814 874 2851 Samae,-
894 2822 914 2844 a
936 2815 1201 2855 contemporany
1225 2816 1375 2855 Hirtam),
1395 2815 1527 2848 Londou
1544 2815 1635 2847 office
