1912 3180
339 189 428 221 CAP.
452 189 513 221 111.
540 191 592 221 DE
610 190 783 223 ramim.
808 185 957 223 elv'ms
979 191 1102 223 LEGE.
1126 192 1219 223 ΛΒΤ.
1245 191 1306 224 111.
1475 176 1562 221 309

90 266 220 314 civile
254 266 399 314 solum
429 269 686 331 coniugium
714 268 932 324 facerent,
962 286 1015 316 ae
1041 287 1178 334 saepe
1195 270 1328 317 etiam
1347 267 1568 316 reluctan-

89 353 175 389 tem
201 343 387 407 cogendi
411 343 468 390 ad
494 343 869 407 perseverandum
894 344 940 389 in
966 355 1085 392 statu
1108 344 1350 393 habitualis
1374 345 1561 409 peccati,

88 420 154 466 uti
189 420 355 483 pariter
376 419 589 467 vidimus.
620 419 745 475 Quae
768 419 950 484 quidem
983 423 1133 469 omnia
1166 431 1271 470 sunt
1304 431 1457 469 contra
1488 437 1567 486 po·

90 494 260 542 liticum
278 495 444 542 bonum
457 533 467 551 ,
495 505 648 543 contra
672 495 950 543 honestatem
969 506 1012 543 et
1029 514 1184 544 sanam
1202 497 1376 545 ethicen
1394 535 1403 554 ,
1430 497 1567 546 immo

88 581 133 618 et
165 581 319 618 contra
354 571 586 619 iustitiam.

185 646 298 694 Cum
326 648 478 713 itaque
511 648 581 695 lex
614 649 776 697 debeat
806 649 892 697 sibi
928 666 1176 713 proponere
1208 650 1374 698 bonum
1409 661 1452 698 et
1485 650 1566 698 ho-

89 733 265 770 nestum
280 762 290 780 ,
321 734 451 788 prout
474 725 571 772 eius
596 736 755 773 natura
785 724 985 790 exposcit
1007 734 1052 773 et
1074 725 1231 788 exigit,
1261 742 1453 790 cumque
1476 742 1565 774 non

90 799 228 847 alium
264 800 398 848 finem
423 802 509 849 sibi
534 801 727 850 obiicere
750 802 894 868 possit
917 800 1167 865 legislator,
1205 819 1341 866 quam
1375 802 1566 850 societa-

86 877 144 925 tis
180 877 458 934 felicitatem,
486 879 664 944 utrique
695 890 844 927 autem
878 888 1129 943 opponatur
1150 877 1221 926 lex
1244 878 1300 925 de
1326 878 1563 927 connubiis

86 952 322 1010 civilibus,
358 972 640 1020 consequens
664 966 759 1012 est,
787 973 886 1004 eam
904 993 914 1011 ,
952 965 1104 1019 uptote
1137 965 1290 1003 contra
1321 954 1565 1018 legislatio—

84 1030 155 1078 nis
188 1041 391 1078 naturam
426 1048 478 1078 ac
512 1030 780 1094 legislatoris
816 1032 973 1087 finem,
1011 1030 1246 1079 dicendam
1270 1048 1372 1079 esse
1395 1047 1449 1078 ex
1476 1030 1562 1079 hoc

87 1107 232 1171 primo
265 1107 410 1172 capite
443 1107 626 1155 omnino
661 1107 997 1173 antipoliticam.

181 1183 401 1231 Secundo.
440 1183 525 1231 Sed
555 1194 623 1232 est
647 1195 875 1248 praeterea
906 1183 1018 1232 haec
1051 1184 1151 1249 ipsa
1184 1183 1254 1232 lex
1287 1182 1564 1248 antipolitica

84 1278 138 1307 ex
170 1259 311 1309 altero
345 1261 516 1326 capite,
559 1262 679 1326 quod
726 1272 938 1327 perpetuo
977 1273 1145 1326 pugnet
1188 1279 1289 1309 cum
1331 1260 1559 1324 religione,

88 1354 204 1402 quae
242 1337 288 1384 in
331 1337 561 1402 republica
594 1339 664 1386 vel
700 1356 835 1403 regno
874 1338 1142 1387 dominatur.
1189 1337 1421 1403 Quidquid
1461 1355 1564 1385 sen-

88 1412 202 1461 tiant
224 1430 277 1461 ac
299 1413 503 1461 effutiant
526 1413 682 1462 furiosi
712 1413 1077 1478 pseudo-politici
1105 1424 1149 1461 et
1171 1413 1389 1462 increduli
1418 1412 1562 1460 homi-

83 1507 189 1546 nes,
227 1489 297 1538 vel
329 1490 431 1554 ipse
465 1490 714 1537 communis
755 1507 916 1537 sensus
952 1490 1110 1538 suadet
1142 1507 1194 1538 ac
1227 1489 1357 1537 docet
1384 1526 1394 1546 ,
1432 1504 1563 1535 num-

84 1583 217 1631 quam
254 1582 393 1630 posse
426 1565 675 1613 conducere
702 1565 759 1613 ad
784 1565 949 1614 bonum
984 1566 1210 1614 societatis
1244 1565 1406 1630 legem,
1444 1581 1575 1630 quae-

84 1652 238 1707 aperta
277 1641 416 1690 veluti
458 1642 601 1690 fronte
635 1659 736 1689 cum
788 1641 1003 1705 religione
1043 1642 1281 1690 cohaerere
1327 1659 1416 1689 non
1457 1658 1562 1705 pos-

80 1718 164 1775 sit,
191 1736 326 1783 quam
351 1736 534 1782 regnum
559 1718 630 1766 vel
657 1718 913 1783 respublica
937 1719 1172 1783 profitetur
1194 1720 1316 1781 (11).
1338 1719 1448 1765 Nam
1471 1718 1557 1765 etsi

80 1794 307 1860 quaelibet
351 1795 542 1843 societas
578 1795 668 1843 alat
701 1795 862 1858 iugiter
894 1796 939 1841 in
975 1796 1078 1843 sinu
1112 1795 1316 1843 homines
1351 1793 1552 1857 exleges,

80 1870 312 1919 libertinos
337 1882 471 1936 atque
496 1888 755 1936 perversos,
785 1888 899 1935 quos
922 1889 1026 1919 vere
1054 1889 1256 1919 evomere
1290 1870 1456 1918 dixeris
1489 1870 1559 1917 in-

82 1948 254 1995 fernum
273 1947 330 1994 ad
349 1947 575 1995 societatis
594 1947 739 2011 ipsius
758 1946 948 2003 ruinam,
978 1947 1034 1994 ad
1059 1946 1275 1994 malorum
1299 1946 1481 1993 exitium
1515 1957 1559 1994 et

84 2023 350 2071 scandalum
368 2061 377 2079 ,
407 2023 714 2088 bonorumque
742 2023 1125 2080 exercitationem,
1158 2033 1459 2070 verumtamen
1484 2039 1559 2086 po-

88 2098 222 2164 pulus
257 2098 335 2146 ubi
370 2099 416 2146 in
451 2099 707 2147 universum
745 2109 984 2163 spectetur,
1023 2114 1264 2163 numquam
1291 2115 1343 2145 ex
1368 2097 1556 2162 perditis

175 2242 223 2282 (11
231 2241 242 2282 )
264 2242 346 2274 Sane
360 2242 388 2274 si
406 2250 512 2274 sermo
526 2243 569 2274 sit
584 2241 624 2273 de
639 2242 725 2273 statu
747 2240 945 2281 subalpino,
972 2241 1005 2272 in
1029 2242 1170 2273 statuto
1194 2240 1449 2273 costitutionali
1472 2240 1559 2271 illius

83 2294 170 2334 regni
194 2294 318 2335 primus
331 2294 384 2326 1116
401 2294 558 2326 articulus
571 2294 687 2334 legitur
701 2305 707 2324 ι
727 2306 742 2321 n
754 2298 782 2325 1,
798 2294 843 2324 La
855 2292 1020 2333 Religione
1033 2292 1201 2333 cattofica,
1217 2291 1408 2334 apostolica,
1425 2300 1559 2324 romana

79 2345 97 2377 ι)
114 2345 151 2378 la
165 2346 243 2379 sola
256 2346 423 2387 reliyione
438 2346 530 2378 dello
545 2347 671 2378 sta-to.»

172 2405 205 2438 2.
229 2400 255 2432 11
273 2402 319 2433 Re
341 2400 368 2431 si
392 2399 495 2441 gloria
516 2399 550 2431 di
577 2408 683 2432 essere
707 2400 883 2440 protettore
907 2399 993 2431 della
1017 2399 1136 2432 chiesa.
1165 2400 1207 2430 Di
1227 2406 1458 2440 promuovere
1476 2398 1555 2431 l’os-

78 2460 250 2484 servanza
262 2451 353 2485 delle
368 2452 455 2494 legrqi
471 2451 504 2483 di
519 2461 589 2484 essa
604 2452 686 2484 nelle
700 2452 847 2493 materie,
863 2452 923 2484 che
935 2452 999 2484 alla
1013 2452 1138 2493 potesta
1149 2452 1235 2485 della
1248 2452 1424 2484 medesima
1443 2461 1555 2493 appar—

82 2506 233 2546 tengono.

179 2561 192 2590 l
210 2559 388 2600 magistrati
405 2559 547 2600 supremi
562 2556 769 2599 i‘eglieranno
782 2567 800 2591 a
813 2560 872 2592 6116
886 2560 913 2591 si
928 2560 1098 2600 mantenga
1110 2559 1133 2591 il
1149 2558 1295 2600 migliore
1310 2558 1446 2591 accordo
1461 2560 1510 2591 tra
1523 2559 1554 2591 la

83 2610 191 2642 chiesa
205 2619 223 2642 6
244 2611 275 2642 10
290 2613 392 2651 stato,
407 2611 446 2643 ed
460 2621 477 2642 a
493 2611 538 2643 tal
554 2612 616 2643 line
630 2611 883 2643 continueranno
907 2611 947 2642 nd
974 2612 1143 2643 esercitare
1164 2611 1196 2643 la
1215 2611 1284 2643 loro
1305 2611 1445 2643 autorita
1457 2619 1475 2645 e
1486 2611 1553 2652 giu-

79 2661 249 2694 risdizione
265 2663 299 2694 in
313 2663 364 2695 610
376 2664 436 2696 6116
450 2672 609 2696 concerne
622 2664 664 2705 gli
680 2664 773 2696 assari
789 2664 997 2697 ecelesiastici
1012 2663 1151 2696 secondo
1166 2664 1226 2695 6116
1244 2664 1264 2696 1*
1276 2673 1336 2696 uso
1350 2673 1369 2697 6
1382 2664 1413 2696 la
1426 2663 1556 2705 ragione

83 2713 304 2746 ricbiedono.u
1296 2739 1298 2741 ·

178 2766 257 2803 Quis
277 2768 351 2807 post
370 2768 449 2800 haec
472 2769 655 2810 suspicatus
668 2769 770 2808 esset,
785 2770 834 2801 tot
850 2769 995 2809 potuisse
1006 2777 1025 2800 a
1039 2769 1178 2801 comitiis
1191 2769 1370 2810 subalpinis
1380 2769 1466 2810 legoe
1481 2778 1552 2810 pro-

81 2819 156 2858 poni
175 2828 212 2851 ac
236 2820 372 2861 sanciri,
389 2829 472 2862 quae
485 2823 633 2854 evertunt
646 2822 741 2863 plane
752 2821 912 2863 nosipsos
926 2821 1184 2855 fundamentales
1197 2822 1316 2856 Statuti
1331 2823 1504 2856 articulos?
