1918 3186
255 192 312 238 46
425 217 431 222 ·
509 207 587 238 mn.
619 206 647 237 ι.
677 204 788 237 sacr.
819 204 848 235 1.
878 203 930 235 ns
964 203 1137 237 numu.
1167 203 1447 236 SAanussnro.

250 288 537 344 sacramenti,
574 303 688 352 quae
722 287 882 350 iugiter
903 287 948 334 in
971 287 1160 336 ecclesia
1186 286 1430 334 christiana
1454 299 1533 332 seu
1561 283 1714 332 catho-

250 362 336 411 lica
365 363 505 426 viguit
525 372 568 409 et
588 362 779 410 obtinuit
804 363 952 426 (119).

347 438 462 497 Quid
497 437 704 485 nimirum
722 477 732 496 ,
771 439 810 486 si
843 437 1052 487 haeretici
1086 456 1173 487 non
1205 437 1492 503 acquiescant
1519 435 1626 482 huic
1645 433 1715 481 bi-

249 512 392 561 blicae
425 514 700 578 probationi,
739 514 778 561 si
811 513 899 562 alia
933 515 1065 562 etiam
1099 514 1237 561 multo
1269 511 1484 561 validiora
1512 509 1717 558 reiiciunt

248 588 412 637 biblica
444 589 717 646 testimonia,
746 607 860 655 quae
882 601 1031 654 aperte
1053 590 1164 638 adeo
1188 589 1317 637 nobis
1338 588 1565 636 veritatem
1587 584 1714 633 exhi-

249 664 354 712 bent
375 675 619 712 ceterorum
642 676 1016 714 sacramentorum
1035 703 1044 722 ,
1066 682 1182 730 quae
1197 675 1343 712 tamen
1368 663 1481 728 ipsis
1505 678 1714 727 respuere

248 740 416 804 placuit
448 741 628 806 propria
660 741 857 806 ipsorum
893 741 1095 804 exegesi,
1135 741 1242 806 quin
1276 740 1488 788 rationem
1521 739 1716 786 habeant

251 815 391 863 ullam
431 817 657 864 unanimis
697 834 941 864 consensus
979 816 1113 864 totius
1146 816 1418 880 antiquitatis
1441 815 1466 860 9
1498 814 1713 861 Nimirum

249 891 340 956 ipsi
374 892 498 957 prius
527 910 580 940 ex
608 892 778 957 privato
811 910 946 940 sensu
978 893 1339 957 interpretantur,
1368 909 1448 938 seu
1470 890 1619 955 potius
1642 889 1716 937 de·

249 977 452 1032 torquent
479 969 748 1033 Scripturas,
788 969 834 1015 in
867 967 1030 1033 quibus
1066 967 1129 1014 nil
1159 968 1313 1015 vident
1340 967 1426 1015 nisi
1455 966 1574 1031 quod
1598 965 1713 1030 ipsis

249 1042 433 1100 arridet;
472 1060 572 1090 cum
609 1060 712 1091 vero
751 1043 862 1108 ipsis
903 1043 1151 1091 seculorum
1185 1043 1381 1091 omnium
1414 1043 1714 1107 interpretatio

247 1117 454 1166 obiicitur
482 1129 671 1183 patrum,
701 1119 987 1167 conciliorum
1003 1157 1013 1177 ,
1046 1136 1155 1167 rom.
1190 1118 1467 1184 pontificum,
1498 1128 1542 1165 et
1574 1117 1715 1165 eccle-

247 1192 343 1241 siae
378 1193 610 1242 universae
648 1211 808 1243 sensus
850 1205 894 1242 et
931 1195 1082 1260 praxis
1110 1233 1120 1252 ,
1166 1212 1264 1242 eam
1306 1204 1457 1259 utpote
1498 1194 1714 1240 hominum

248 1269 647 1334 interpretationem
671 1270 861 1335 superbe
884 1281 1098 1335 respuunt
1119 1280 1251 1335 atque
1274 1279 1571 1318 contemnunt.
1595 1268 1713 1325 Quid

250 1361 381 1409 porro
416 1363 525 1409 agas
560 1363 661 1393 cum
682 1337 914 1394 *eiusmodi
947 1346 1208 1403 haereticis,
1252 1346 1330 1410 qui
1363 1345 1478 1392 nihil
1511 1345 1597 1393 nisi
1631 1362 1714 1393 sua

249 1420 570 1484 magnifaciunt
584 1432 735 1486 utpote
752 1421 835 1469 soli
853 1421 1072 1479 videntes,
1094 1422 1199 1468 dum
1217 1421 1378 1469 caeteri
1395 1437 1545 1469 eorum
1562 1419 1715 1468 existi-

247 1497 439 1544 matione
471 1507 515 1544 et
549 1497 713 1545 iudicio
747 1498 927 1546 totidem
959 1497 1077 1545 caeci
1105 1497 1241 1545 sunt?
1273 1497 1363 1562 Ipsi
1393 1507 1443 1544 ut
1472 1495 1712 1561 plurimum

248 1588 361 1636 pene
404 1573 626 1621 exclusive
664 1590 822 1621 vocum
866 1573 1174 1638 ethimologias
1225 1583 1533 1621 consectantur
1582 1583 1715 1636 atque

245 1648 578 1710 grammaticam
621 1647 908 1713 philologiam
932 1687 943 1706 ,
981 1649 1045 1697 uti
1085 1667 1137 1696 ex
1172 1665 1324 1696 eorum
1361 1648 1488 1695 libris
1523 1647 1708 1712 patefit3

245 1723 422 1772 interim
453 1724 674 1789 logicam,
713 1742 792 1773 seu
823 1725 972 1773 verius
1006 1725 1327 1773 traditionalem
1356 1725 1562 1788 exegesin
1585 1723 1714 1772 omit-

246 1808 367 1856 tunt,
401 1791 804 1864 atque'catholicos
836 1811 886 1848 ut
917 1801 1065 1848 minus
1098 1800 1265 1866 peritos
1306 1811 1509 1864 exegetas
1542 1800 1712 1864 passim

244 1884 448 1939 carpunt.

344 1949 489 2015 Atque
504 1961 554 1997 ut
569 1950 830 1999 insistamus
848 1951 894 1998 in
912 1969 964 1999 eo
980 1969 1112 2017 quem
1128 1969 1357 2000 versamus
1376 1961 1494 1999 textu
1510 1950 1708 2015 paulino,

243 2036 472 2074 autumant
494 2036 787 2091 protestantes
802 2028 904 2076 ideo
921 2028 1162 2076 catholicos
1189 2044 1427 2092 agnoscere
1445 2027 1490 2073 in
1508 2026 1712 2090 coniugio

246 2111 567 2149 sacramentum
589 2140 599 2159 ,
645 2102 751 2167 quia
782 2103 1020 2169 Apostolus
1054 2104 1176 2152 iuxta
1209 2103 1431 2167 vulgatam
1464 2101 1710 2150 versionem

246 2175 447 2240 scripsit:
486 2178 810 2226 Sacramentum
843 2180 917 2226 hoc
949 2197 1154 2245 maynum
1186 2190 1272 2235 est,
1312 2197 1399 2227 non
1434 2177 1712 2226 animadver—

245 2260 387 2300 tentes
431 2253 578 2317 ipsum
623 2271 777 2318 graece
818 2257 1025 2322 posuisse
1054 2246 1348 2319 μυστήριονς
1383 2254 1513 2320 quasi
1553 2270 1711 2318 nempe

245 2328 290 2372 1.
325 2326 529 2375 catholici
576 2331 852 2393 peregrinam
893 2332 1010 2379 hanc
1054 2332 1335 2395 ignorassent
1377 2329 1704 2385 eruditionem;

246 2403 289 2449 2.
312 2403 532 2452 nescirent
561 2406 743 2470 perinde
776 2408 946 2471 passim
979 2425 1078 2455 esse
1111 2407 1281 2471 graecis
1313 2405 1564 2471 mysterium
1589 2404 1708 2469 quod

244 2490 313 2526 est
334 2479 483 2529 latinis
512 2493 848 2538 sacramentum,
888 2500 978 2548 qua
1010 2483 1271 2531 sacramenti
1295 2499 1402 2530 voce
1422 2498 1523 2529 oum
1546 2479 1610 2527 illi
1634 2497 1708 2528 ca—

340 2650 427 2691 (119)
446 2653 528 2684 Sane
552 2660 645 2685 wne.
667 2651 878 2685 tridentinum
905 2652 978 2693 post
1001 2651 1099 2684 allata
1125 2651 1217 2683 Pauli
1243 2650 1342 2683 verba
1368 2649 1551 2682 immediate
1577 2649 1707 2682 subdit:

243 2715 259 2729 «ι
273 2703 355 2734 Cum
372 2702 469 2744 igitur
488 2705 727 2737 matrimonium
748 2706 782 2737 in
802 2705 871 2746 lege
890 2694 1073 2746 evangelica
1093 2703 1256 2736 veteribus
1275 2703 1445 2735 connubiis
1468 2711 1523 2744 per
1542 2703 1708 2735 Christum

245 2754 349 2795 gratia
372 2757 535 2798 praestet,
561 2758 678 2790 merito
699 2757 783 2792 iuter
804 2765 908 2790 novae
932 2755 1012 2798 legis
1038 2757 1239 2790 sacramenta
1266 2755 1561 2788 connumerandum
1594 2757 1707 2788 sancti

242 2809 363 2848 patres
384 2810 510 2848 nosen,
533 2810 680 2843 concilia
699 2812 735 2843 et
754 2809 964 2844 ammaus
989 2809 1151 2844 ecclesiae
1177 2807 1322 2841 traditio
1346 2817 1470 2849 sempor
1495 2808 1705 2841 docuerunt.»
