1912 3180
259 207 349 239 CAP.
370 207 428 238 lv.
445 206 497 238 DE
516 204 673 237 Ancum.
698 204 775 237 PRO
800 204 905 236 LEGE
923 203 976 236 m:
1000 202 1126 236 uun.
1145 203 1228 237 (nv.
1247 203 1341 236 Am.
1364 203 1395 236 1.
1501 188 1592 234 365

108 284 374 349 vparentibus
399 294 621 331 servatum
646 293 715 330 est
740 283 786 329 in
812 281 909 346 lege
933 292 1142 339 naturae,
1165 282 1348 347 quando
1364 282 1594 349 principes

115 362 383 409 familiarum
425 359 647 407 Abraham
667 397 677 415 ‚
726 358 852 406 Isaac
886 369 930 405 et
964 359 1097 406 Iacob
1131 370 1284 424 utpote
1322 359 1485 407 summi
1519 376 1594 408 sa-

114 437 317 486 cerdotes
352 437 677 484 coniunxerunt
711 434 757 481 in
791 434 1074 483 matrimonio
1109 435 1227 484 filios
1260 452 1396 494 suos;
1434 435 1596 485 deinde

114 513 199 562 sub
234 513 331 576 lege
365 513 561 560 mosaica
587 511 708 559 Deus
745 510 842 576 ipse
876 509 921 556 in
945 510 1140 559 Levitico
1163 528 1244 576 per
1265 511 1448 578 Moysen
1472 512 1594 577 leges

115 590 240 638 dedit
262 590 382 637 circa
406 589 714 652 coniugiorum
749 586 1090 635 celebrationem
1116 625 1126 644 ,
1172 588 1294 636 iuxta
1328 606 1443 654 quas
1475 588 1595 654 leges

120 666 333 731 deinceps
369 665 414 711 in
451 663 617 729 populo
650 663 731 711 Dei
767 662 975 727 coniugia
1017 662 1127 710 inita
1162 674 1267 712 sunt
1288 702 1298 720 ‚
1336 675 1386 713 ut
1423 676 1596 715 constat

116 760 169 790 ex
194 742 250 788 ΙΙ.
275 740 407 789 Esdr.
430 758 562 806 capp.
585 740 645 787 lx
668 751 712 788 et
732 740 787 786 X.
802 739 1006 805 Denique
1028 738 1236 788 Christus
1259 741 1592 790 matrimonium

115 819 172 866 ad
189 818 435 883 perfectum
453 817 662 874 adduxit,
689 816 813 873 dum,
842 816 1019 865 sublato
1041 815 1194 865 libello
1218 817 1413 882 repudii,
1440 819 1591 884 ipsum

117 894 173 941 ad
208 892 510 942 omnimodam
544 892 776 949 unitatem,
804 909 857 940 ac
879 890 1319 940 indissolubilitatem
1353 894 1590 951 revocavit,

119 970 277 1018 dicens
306 989 316 1017 ε
363 968 489 1026 Quod
524 969 640 1016 Deus
674 971 933 1024 coniunxit,
983 969 1101 1016 homo
1133 986 1218 1016 non
1249 979 1419 1034 separet
1453 970 1596 1033 (Mat-

121 1047 186 1094 th.
214 1047 330 1094 XIX.
356 1049 435 1110 6.)

217 1123 327 1171 Cum
353 1122 505 1189 itaque
522 1123 579 1170 ab
598 1124 697 1188 ipsa
715 1141 797 1171 sua
814 1123 1091 1172 institutione
1114 1124 1445 1173 matrimonium
1469 1141 1594 1190 prae·

119 1202 318 1264 figurans
337 1198 529 1247 suturam
548 1199 714 1248 Christi
731 1200 1089 1248 coniunctionem
1107 1217 1208 1248 cum
1227 1199 1417 1248 ecclesia
1431 1237 1441 1257 ‚
1464 1210 1596 1265 prout

117 1276 288 1324 iamdiu
311 1276 622 1324 animadvertit
639 1293 677 1324 s.
692 1277 777 1324 Leo
794 1276 852 1323 M.
864 1278 908 1339 (3
917 1277 961 1339 4)
972 1315 982 1333 ,
995 1294 1021 1324 a
1038 1276 1189 1324 divina
1206 1275 1304 1341 lege
1321 1276 1454 1324 fuerit
1468 1293 1598 1342 prae-

118 1363 411 1418 occupatum,
451 1351 574 1399 nulla
607 1351 804 1399 humana
836 1352 907 1399 lex
946 1351 1048 1399 ferri
1078 1362 1243 1417 potest,
1282 1369 1399 1417 quae
1431 1351 1601 1400 afficiat

118 1430 215 1478 eius
234 1429 553 1485 substantiam3
578 1428 689 1475 nulli
714 1429 894 1477 Caesari
919 1429 1177 1492 coniugium
1195 1428 1431 1477 subiicitur
1446 1465 1456 1485 ‚
1483 1427 1592 1477 nulli

120 1505 317 1552 humano
359 1504 620 1568 legislatori.
660 1503 796 1551 Multo
839 1520 942 1551 vero
987 1504 1136 1552 minus
1170 1520 1224 1552 ex
1266 1520 1356 1569 quo
1389 1503 1596 1553 Christus

119 1591 391 1629 contractum
423 1580 669 1628 naturalem
694 1579 751 1628 ad
774 1580 866 1628 veri
895 1596 947 1629 ac
970 1580 1139 1646 proprii
1164 1581 1430 1629 sacramenti
1455 1597 1597 1630 novae

119 1657 232 1720 legis
267 1656 494 1720 fastigium
525 1659 684 1704 evexit.
713 1657 828 1704 Sane
854 1674 909 1704 ex
932 1656 1072 1705 sacris
1105 1656 1265 1705 litteris
1298 1657 1595 1723 comperimus

120 1733 355 1799 Apostolos
390 1733 561 1798 absque
594 1732 686 1780 ulla
721 1750 748 1781 a
781 1734 942 1799 quavis
975 1733 1172 1782 humana
1205 1733 1483 1798 legislatione
1518 1733 1596 1783 de·

121 1810 362 1875 pendentia
395 1808 571 1872 regulas
606 1808 817 1857 statuisse
850 1808 1052 1857 eiusdem
1085 1810 1306 1874 coniugii,
1344 1820 1478 1875 atque
1511 1810 1596 1857 im-

122 1885 377 1950 pedimenta
401 1885 632 1942 sanxisse;
662 1885 782 1950 quod
813 1885 1024 1951 deinceps
1052 1885 1241 1934 ecclesia
1263 1886 1416 1934 divina
1443 1896 1595 1935 aucto-

123 1961 253 2009 ritate
275 1960 386 2009 freta
410 1961 571 2025 iugiter
594 1960 651 2009 ad
676 1960 795 2009 hunc
817 1968 962 2026 usque
991 1960 1110 2009 diem
1139 1960 1315 2010 efficere
1347 1978 1592 2028 numquam

123 2141 200 2172 nota
221 2140 262 2172 ad
284 2148 317 2171 n.
334 2142 405 2172 2³7.
423 2140 551 2181 quoties
571 2141 659 2172 Deus
674 2149 709 2172 se
725 2139 975 2180 adspectabilem
998 2139 1074 2173 fecit
1094 2139 1156 2172 sub
1178 2140 1284 2172 forma
1303 2141 1445 2173 humana
1458 2140 1600 2173 exterius

122 2194 306 2233 assumpta,
330 2193 392 2224 fuit
414 2193 484 2234 ipsa
504 2201 642 2234 persona
666 2193 764 2226 Verbi
783 2193 833 2224 sic
846 2192 912 2225 iam
929 2192 1130 2234 proludentia
1152 2193 1194 2225 ad
1215 2193 1358 2226 futuram
1375 2202 1468 2226 suam
1496 2193 1598 2225 incar·

125 2247 309 2287 nationem;
333 2246 479 2287 adeoque
496 2248 534 2278 ut
553 2246 697 2287 pontifex
718 2246 880 2278 maximus
896 2246 981 2287 apud
997 2247 1124 2279 Patrem
1136 2270 1146 2287 ,
1168 2248 1206 2279 ut
1220 2255 1348 2279 rursum
1372 2246 1471 2279 iidem
1491 2247 1599 2288 patres

125 2299 279 2339 tradunt,
303 2300 501 2341 pontificiam
518 2300 664 2332 exercuit
679 2299 870 2340 potestatem
884 2299 955 2340 ipso
969 2301 1043 2331 actu
1058 2299 1289 2332 benedictionis
1300 2307 1355 2332 seu
1372 2300 1435 2331 ritu
1452 2299 1599 2332 sacerdo·

125 2353 201 2394 tali,
220 2355 258 2386 ut
275 2353 393 2394 legitur
416 2355 531 2386 Genes.
550 2354 576 2385 1.
596 2355 645 2387 27.
662 2352 772 2384 collat.
788 2353 869 2385 Gen.
891 2354 931 2384 lI.
951 2357 985 2385 21
1004 2361 1094 2394 seqq.
1115 2365 1130 2380 ιι
1142 2354 1183 2385 Et
1197 2353 1320 2386 creavit
1333 2354 1420 2385 Deus
1433 2353 1599 2386 hominem

127 2407 168 2439 ad
182 2407 354 2448 imaginem
370 2416 516 2439 suam...
531 2405 712 2438 masculum
727 2408 760 2438 et
776 2405 950 2438 foeminam
964 2406 1087 2438 creavit
1099 2414 1164 2439 eos.
1175 2405 1427 2447 Benedixitque
1438 2405 1504 2438 illis
1513 2407 1599 2439 Deus

127 2461 160 2493 et
184 2460 247 2492 ait:
270 2459 404 2492 crescite
419 2461 451 2491 et
464 2458 780 2500 multiplicamini...
796 2458 936 2491 Immisit
960 2459 1119 2491 Dominus
1142 2460 1230 2491 Deus
1250 2467 1398 2501 soporem
1424 2459 1457 2490 in
1474 2458 1599 2498 Adam,

125 2520 266 2553 cumque
289 2512 524 2551 obdormisset,
552 2511 629 2544 tulit
652 2519 749 2543 unam
773 2511 814 2543 de
834 2511 934 2544 costis
958 2511 1123 2544 eius....et
1138 2511 1320 2544 aedificavit
1335 2511 1493 2544 Dominus
1513 2513 1600 2545 Deus

123 2566 248 2598 costam
258 2589 267 2605 ‚
284 2574 382 2606 quam
398 2565 517 2597 tulerat
534 2563 575 2596 de
587 2563 703 2604 Adam,
720 2564 754 2596 in
767 2564 950 2605 mulierem,
963 2565 995 2597 et
1007 2563 1159 2597 adduxit
1170 2573 1241 2598 eam
1257 2564 1299 2597 ad
1315 2564 1429 2597 Adam.
1446 2565 1600 2606 Dixitque

128 2616 245 2650 Adam:
263 2618 325 2650 boc
338 2626 425 2650 nunc
435 2627 472 2650 os
483 2627 521 2650 ex
537 2617 664 2649 ossibus
673 2617 771 2657 meis,
786 2618 818 2650 et
830 2626 906 2650 caro
919 2617 959 2650 de
970 2625 1066 2650 carne
1078 2617 1426 2655 mea....Quamoh1-em
1442 2617 1600 2661 relinquet

131 2670 229 2703 bomo
243 2673 366 2712 patrem
378 2679 473 2703 suum
483 2673 515 2703 et
524 2672 673 2709 matrem.
684 2671 717 2702 et
728 2669 915 2703 adhaerebit
924 2671 1019 2703 uxori
1028 2679 1116 2711 suae,
1126 2672 1159 2704 et
1167 2672 1264 2703 erunt
1275 2671 1342 2704 duo
1353 2671 1387 2713 in
1396 2679 1492 2704 came
1503 2680 1601 2705 una.»

226 2723 294 2764 (³4)
314 2723 414 2765 Epist.
428 2724 471 2756 ad
486 2723 609 2757 Rustic.
625 2722 764 2757 Narbon.
782 2736 798 2752 «
813 2722 956 2756 societas
970 2723 1178 2765 nuptiarum,
1201 2723 1326 2765 inquit,
1351 2722 1397 2756 ab
1424 2725 1525 2758 inmo
1551 2725 1599 2757 ita

130 2776 191 2807 fuit
210 2776 402 2816 constituta,
422 2777 459 2808 ut
472 2777 597 2818 praeter
615 2784 751 2809 sexuum
778 2775 1036 2809 coniunctionem
1052 2774 1184 2809 haberet
1197 2775 1229 2809 in
1243 2784 1278 2810 se
1292 2775 1422 2810 Christi
1441 2778 1476 2810 et
1495 2776 1598 2810 cccle-

125 2830 196 2861 siae
217 2829 508 2862 sacramentum.»
