1912 3180
256 185 344 217 cn».
374 183 420 215 11.
454 184 505 216 nr:
539 183 663 216 nun.
693 182 775 215 clv.
799 182 909 214 ome.
933 183 981 214 nr
1006 183 1150 216 moen.
1174 183 1351 229 Aur.·n1,
1455 168 1544 215 285

94 275 184 319 tur,
222 263 482 327 passimque
515 261 780 325 reciperetur
810 259 957 307 fatalis
991 260 1217 309 distinctio
1250 262 1296 308 in
1331 262 1444 326 ipsis
1478 279 1551 310 ca-

96 338 357 387 tholicorum
392 337 560 401 nuptiis
594 336 707 383 inter
739 346 1006 383 contractum
1041 337 1214 385 civilem
1238 348 1282 386 et
1304 339 1552 386 sacramen-

95 426 213 471 tum,
240 425 289 461 ut
311 413 395 460 sub
429 412 565 459 huius
599 410 922 465 distinctionis,
962 410 1095 459 immo
1126 430 1229 461 vero
1262 413 1551 479 separationis

94 490 236 546 larva,
265 499 416 554 posset
438 488 615 553 politica
649 495 841 552 potestas
874 486 1165 535 matrimoniis
1199 489 1454 537 christianis
1479 489 1553 536 do-

95 582 269 611 m1nar1.

190 640 284 687 Hoc
317 641 432 687 enim
478 639 613 687 semel
648 656 700 686 ac
733 637 1028 693 obtinuerint,
1072 639 1242 704 reliqua
1275 641 1362 688 iam
1399 653 1554 706 sponte

95 726 354 781 sequuntur.
395 716 439 762 Si
479 715 597 763 enim
635 715 696 761 ita
729 714 878 761 divelli
914 713 969 761 ab
1009 714 1196 761 invicem
1234 732 1287 762 ac
1322 716 1553 764 dissociari

95 803 283 857 possunt
304 802 552 840 contractus
581 791 725 839 civilis
754 801 798 838 et
825 801 1146 838 sacramentum
1169 790 1216 836 in
1239 791 1553 840 catholicorum

94 869 296 931 coniugio
312 906 322 924 ,
343 878 392 915 ut
408 868 452 915 vi
472 867 592 914 illius
615 877 866 915 contractus
890 865 1084 929 legitime
1106 867 1253 913 coram
1271 866 1367 929 lege
1384 878 1555 915 contra·

95 944 250 991 hentes
273 954 368 991 tuta
385 943 654 991 conscientia
678 942 928 991 conversari
952 943 1137 1007 queantss
1160 942 1198 988 s'i
1221 942 1269 988 in
1291 942 1473 989 humani
1492 942 1555 990 le·

94 1019 318 1083 gislatoris
353 1019 535 1066 arbitrio
559 1036 610 1066 ac
634 1029 849 1083 potestate
881 1028 972 1074 est,
1001 1026 1049 1064 ut
1071 1018 1307 1065 decernere
1328 1018 1384 1066 de
1399 1035 1458 1066 eo
1478 1021 1554 1066 va-

96 1095 182 1143 leat
208 1113 325 1160 quae
360 1096 447 1160 ipsi
479 1095 715 1151 libuerint,
754 1094 909 1159 ecquis
943 1111 1030 1141 non
1064 1093 1212 1141 videat
1244 1093 1375 1159 plane
1407 1104 1554 1142 actum

94 1188 192 1218 esse
213 1171 270 1218 de
293 1171 349 1218 iis
371 1171 604 1226 omnibus,
634 1187 748 1235 quae
781 1170 970 1217 maxime
1003 1168 1207 1216 eiusdem
1241 1169 1450 1217 connubii
1475 1169 1555 1217 ho-

95 1258 308 1295 nestatem
344 1247 711 1311 sanctitatemque
745 1245 979 1293 afficiunt?
1060 1248 1062 1250 ’

189 1323 299 1370 Cum
335 1323 379 1369 in
414 1323 583 1370 lubrico
616 1323 772 1388 pedem
806 1323 908 1387 quis
943 1323 1079 1369 semel
1123 1323 1347 1387 posuerit,
1385 1323 1456 1370 vix
1490 1322 1555 1369 illi

96 1399 307 1464 possibile
340 1410 406 1446 est
438 1417 538 1446 eum
562 1410 637 1446 aut
666 1399 908 1454 continere,
937 1409 1012 1445 aut
1035 1398 1257 1446 retrahere
1280 1415 1336 1445 ne
1359 1398 1405 1444 in
1430 1415 1557 1463 prae-

94 1492 201 1539 ceps
225 1485 337 1521 ruat.
355 1474 592 1538 Aliquanto
616 1474 850 1538 praeterito
873 1474 1083 1538 temporis
1108 1473 1337 1521 intervallo
1355 1483 1456 1538 post
1473 1473 1558 1538 pri-

97 1567 216 1596 mum
240 1549 441 1613 gradum,
465 1549 522 1596 ad
547 1549 791 1596 secundum
809 1549 1135 1605 conscenditur,
1159 1549 1214 1595 ad
1233 1548 1409 1596 tertium
1432 1559 1475 1595 et
1498 1548 1558 1596 ita

95 1642 242 1689 porro,
265 1642 315 1672 ac
333 1642 385 1672 eo
402 1625 668 1690 pervenitur,
697 1642 785 1689 quo
809 1625 977 1672 amissa
993 1641 1046 1671 ac
1064 1624 1238 1688 perdita
1260 1624 1392 1671 fuerit
1413 1624 1557 1672 omnis

98 1701 216 1748 notio
249 1701 443 1764 coniugii
478 1718 580 1749 vere
613 1700 861 1748 christiani.
902 1700 1030 1756 Quod
1065 1701 1104 1748 si
1138 1701 1195 1748 ad
1229 1700 1405 1765 plenam
1439 1717 1559 1748 com-

96 1777 304 1824 munismi
344 1777 568 1824 licentiam
602 1794 653 1824 ac
689 1777 1005 1841 turpitudinem
1040 1777 1203 1840 gradus
1238 1777 1434 1825 nondum
1474 1776 1554 1832 fit,

97 1851 294 1899 celeriter
336 1853 534 1914 proxime
578 1853 635 1899 ad
680 1870 778 1899 eam
818 1852 1071 1899 acceditur.'
1096 1853 1297 1900 Extincto
1331 1852 1449 1899 enim
1482 1869 1559 1898 su-

97 1927 303 1992 blatoque
327 1927 552 1991 religionis
577 1928 816 1992 obsequio,
845 1928 1005 1992 ecquid
1031 1946 1119 1975 non
1144 1928 1387 1975 timendum
1411 1927 1468 1975 ab
1491 1928 1559 1973 in-

95 2004 272 2051 domitis
305 2004 659 2067 cupiditatibus?
694 2004 972 2068 Exemplum,
1013 2004 1133 2069 quod
1168 2022 1222 2051 ex
1256 2003 1559 2068 anabaptismo

96 2091 140 2128 et
166 2081 504 2137 mormonismo,
538 2081 640 2128 licet
669 2081 890 2144 religiosis
925 2081 1084 2137 sectis,
1113 2080 1266 2127 datum
1289 2091 1379 2136 est,
1407 2090 1456 2126 ut
1478 2096 1559 2126 suo

98 2156 191 2203 loco
224 2156 522 2220 expendemus
539 2195 549 2213 ,
579 2158 688 2204 satis
723 2167 872 2221 aperte
900 2156 1132 2222 patefacit,
1160 2174 1248 2220 quo
1279 2166 1377 2203 ruat
1409 2155 1560 2203 effrae-

98 2233 167 2279 nis
191 2233 412 2298 cupiditas
429 2271 438 2289 ,
463 2251 578 2298 quae
597 2234 742 2280 furore
765 2233 957 2298 quodam
981 2233 1214 2297 abripitur.
1234 2231 1559 2280 Matrimonium

97 2308 253 2372 quavis
278 2319 418 2356 aetate
441 2309 730 2372 depravatum
748 2346 758 2364 ,
786 2318 1177 2372 oppugnatumque
1199 2307 1255 2355 ab
1280 2307 1430 2371 impiis
1456 2307 1552 2362 fuit,

96 2384 171 2448 qui
192 2384 307 2431 intra
330 2385 461 2449 aequi
480 2396 524 2431 et
541 2385 717 2432 honesti
743 2384 938 2447 regulam
963 2384 1173 2431 contineri
1201 2401 1287 2431 non
1312 2383 1552 2447 patiuntur.

192 2460 316 2507 Nunc
342 2478 446 2508 vero
474 2461 792 2509 communistae
827 2478 879 2508 ac
915 2460 1166 2508 socialistae
1200 2460 1452 2508 societatem
1483 2477 1561 2524 pe-

100 2535 284 2592 netrant,
302 2537 516 2584 invadunt
534 2548 864 2602 permeantque:
894 2536 1087 2600 scriptis,
1115 2536 1247 2583 dictis
1271 2535 1490 2599 factisque
1512 2535 1559 2581 in

98 2627 250 2658 omnes
276 2613 475 2661 eiusdem
499 2613 668 2661 classes
693 2630 777 2660 sua
799 2629 1011 2677 perversa
1034 2611 1194 2676 placita
1217 2611 1459 2659 insinuant.
1482 2611 1560 2658 Sess

99 2695 243 2733 cretae
264 2698 408 2735 sectae
430 2689 590 2736 iisdem
615 2689 847 2754 principiis
871 2687 1065 2734 imbutae
1090 2687 1222 2734 rebus
1247 2686 1437 2752 politicis
1461 2702 1560 2735 sese

103 2762 358 2821 immittunt,
390 2764 634 2829 eodemque
655 2765 787 2813 modo
812 2773 1150 2828 corrumpuntur
1166 2773 1210 2812 et
1226 2763 1359 2813 urbes
1375 2773 1419 2812 et
1434 2763 1552 2829 pagi,
