1918 3186
388 201 477 233 CAP.
508 200 554 232 Π.
584 201 636 233 DE
661 199 870 232 ulNISTno.
899 202 991 233 ΛΒΤ.
1022 201 1083 233 111.
1112 201 1336 234 concam.
1559 188 1616 233 77

147 279 321 336 bimus,
350 287 679 343 argumentatus
702 288 771 325 est
799 278 961 326 Paulus
986 278 1167 344 Sar-pius
1183 317 1193 336 ,
1215 296 1267 327 ac
1283 277 1446 326 deinde
1468 278 1617 344 plures

150 356 227 403 alii
264 356 361 403 eius
394 355 594 419 vestigiis
630 355 901 401 insistentes.

246 433 423 489 Quarto.
449 431 577 488 Quod
612 431 651 477 si
685 430 785 478 talis
820 431 1085 478 concedatur
1118 449 1218 480 esse
1252 431 1462 480 laicorum
1497 433 1618 498 prin-

148 509 296 574 cipum
330 518 523 573 potestas
557 507 603 553 in
638 516 907 554 contractum
942 507 1240 570 coniugalem,
1279 508 1356 572 qui
1392 508 1618 556 constituit

148 584 374 632 materiam
408 593 612 629 remotam
647 582 911 630 sacramenti
957 583 1259 640 matrimonii,
1303 601 1487 648 pronum
1525 594 1619 632 erat

148 661 248 708 aliis
283 660 460 716 inferre,
500 659 619 724 quod
655 659 817 706 factum
851 668 942 707 est:
974 676 1078 722 ergo
1117 659 1173 706 ad
1207 660 1362 708 civiles
1394 661 1617 727 principes

147 746 279 800 atque
307 735 363 782 ad
388 734 611 783 seculares
638 735 923 798 magistratus
953 744 1120 800 spectat
1153 735 1348 792 efficere,
1364 746 1419 797 *ut
1435 738 1617 784 materia

148 812 297 878 inepta
330 812 389 860 sit
422 812 478 859 ad
513 821 858 866 sacramentum,
890 811 1088 876 adeoque
1122 811 1178 857 ad
1211 828 1288 859 eos
1314 813 1501 877 pertinet
1529 823 1618 861 sta-

149 898 269 935 tuere
309 888 624 953 impedimenta
667 887 995 934 matrimonium
1036 886 1289 934 dirimentia
1311 926 1320 944 ‚
1360 898 1403 935 et
1435 889 1618 953 quidem

147 964 401 1021 exclusive,
447 965 507 1011 ita
540 975 590 1011 ut
623 964 694 1011 ius
729 962 899 1010 nullum
940 962 1152 1010 ecclesiae
1183 973 1400 1029 competat
1432 964 1509 1012 illa
1541 965 1618 1013 de-

147 1041 370 1089 cernendi.

247 1118 421 1174 Quinto.
462 1117 759 1182 Quapropter,
799 1116 836 1163 si
873 1116 1059 1163 ecclesia
1092 1117 1304 1163 anteactis
1343 1117 1614 1182 temporibus

148 1195 465 1260 impedimenta
482 1194 810 1241 matrimonium
829 1193 1083 1240 dirimentia
1105 1194 1352 1250 constituit,
1380 1193 1616 1241 dicendum

146 1273 327 1321 omnino
344 1283 427 1330 est,
451 1283 527 1320 aut
544 1291 641 1320 eam
660 1272 705 1318 id
725 1272 926 1320 effecisse
943 1290 995 1319 ex
1012 1272 1159 1327 tacito,
1178 1281 1252 1318 aut
1269 1289 1477 1336 expresso
1495 1271 1617 1336 prin-

147 1351 295 1415 cipum
329 1367 550 1397 consensu
567 1387 576 1405 ,
600 1358 675 1395 aut
693 1348 779 1395 sibi
797 1357 1056 1413 potestatem
1080 1365 1167 1394 non
1192 1365 1319 1394 suam
1346 1365 1611 1412 usurpasse,

148 1425 295 1472 medio
329 1425 587 1490 praesertim
618 1441 749 1480 aevo,
782 1423 962 1488 quando
986 1423 1043 1470 ob
1069 1423 1360 1486 ignorantiam
1393 1423 1618 1470 calamita—

149 1511 326 1566 temque
360 1501 480 1548 illius
516 1501 671 1548 aetatis
712 1500 861 1547 omnia
900 1500 997 1546 iura
1038 1499 1230 1547 tenebris
1263 1500 1469 1548 obvoluta
1502 1500 1618 1547 iace-

150 1588 265 1634 rent,
305 1578 543 1642 omniaque
577 1577 792 1642 permixta
826 1587 958 1641 atque
992 1577 1176 1624 confusa
1209 1587 1372 1623 essent.

244 1655 389 1701 Seoeto.
419 1654 529 1701 Cum
556 1664 781 1719 praeterea
815 1662 971 1717 agatur
995 1653 1051 1699 de
1076 1652 1170 1699 iure
1204 1652 1500 1708 inalienabili,
1528 1669 1617 1716 quo

150 1729 354 1777 fruuntur
382 1729 605 1795 principes
638 1729 682 1776 vi
717 1728 919 1794 propriae
943 1728 1238 1784 auctoritatis,
1269 1728 1340 1784 fit,
1375 1737 1423 1774 ut
1456 1727 1494 1774 si
1530 1727 1616 1792 ipsi

149 1806 307 1863 velint,
344 1806 600 1871 bonumque
634 1805 904 1871 reipublicae
936 1814 1112 1871 poscat,
1143 1804 1368 1851 vindicare
1392 1804 1478 1851 sibi
1501 1803 1618 1850 hanc

153 1891 408 1945 potestatem
432 1894 533 1931 actu
557 1883 756 1949 possint,
780 1899 832 1929 66
850 1893 1078 1948 propterea
1103 1882 1342 1944 corrigere,
1366 1881 1612 1937 immutare,

153 1973 266 2003 nova
292 1967 501 2015 statuere,
524 1969 568 2006 et
586 1959 797 2022 abrogare
825 1958 1166 2023 impedimenta,
1200 1974 1316 2021 quae
1349 1972 1465 2003 nunc
1498 1955 1615 2003 obti-

154 2025 274 2087 nent,
312 2033 369 2079 ab
402 2034 590 2081 ecclesia
622 2035 874 2083 constituta.

247 2110 448 2172 Septimo.
476 2110 541 2155 Ex
564 2111 719 2157 eodem
747 2111 865 2158 fonte
892 2111 1106 2166 dimanat,
1129 2109 1249 2174 quod
1275 2108 1350 2156 alii
1386 2108 1611 2165 dixerunt,

151 2184 356 2232 videlicet
388 2185 437 2232 'ut
470 2202 570 2232 cum
610 2186 765 2233 ambae
805 2196 1073 2251 potestates,
1120 2185 1419 2232 ecclesiastica
1457 2203 1615 2251 nempe

150 2270 282 2326 atque
316 2261 480 2317 civilis,
510 2261 664 2308 saltem
698 2279 776 2326 per
808 2262 986 2308 modum
1021 2262 1154 2309 unius
1187 2261 1242 2308 ad
1277 2255 1469 2324 coniugii
1503 2261 1617 2308 chri-

150 2337 282 2384 stiani
311 2348 631 2384 sacramentum
656 2347 937 2394 concurrant,
959 2337 1149 2385 debeant
1165 2338 1326 2402 pariter
1342 2355 1421 2402 per
1435 2338 1615 2385 modum

152 2414 286 2461 unius
303 2424 347 2461 et
363 2415 458 2479 pari
478 2415 572 2461 iure
590 2432 849 2462 concurrere
882 2415 939 2461 ad
974 2414 1092 2478 leges
1127 2414 1331 2461 ferendas
1359 2414 1476 2460 circa
1497 2414 1616 2461 eius-

151 2491 269 2537 modi
303 2491 607 2546 matrimonia;
629 2490 698 2538 vel
718 2491 756 2538 si
776 2491 821 2536 id
845 2491 988 2555 placet
1013 2491 1176 2554 magis,
1215 2490 1403 2537 ecclesia
1435 2489 1615 2553 quidem

152 2567 309 2630 poterit
348 2585 424 2614 eas
466 2567 584 2631 leges
629 2567 848 2623 condere,
896 2584 1010 2631 quae
1051 2566 1325 2632 prospiciunt
1364 2565 1615 2630 nuptiarum

154 2643 396 2711 sanctitati,
435 2636 630 2709 potestas
665 2661 767 2691 vero
801 2643 946 2690 civilis
980 2660 1056 2690 eas
1092 2643 1204 2689 ferre
1226 2680 1235 2697 ,
1275 2635 1390 2706 quae
1422 2641 1616 2688 valorem

154 2727 400 2766 contractus
443 2712 690 2783 attingant,
736 2735 925 2783 eumque
959 2718 1201 2781 legitimum
1238 2717 1452 2773 reddant;
1490 2727 1618 2765 erunt

157 2793 323 2840 scilicet
349 2794 580 2842 habendae
609 2806 833 2859 tamquam
869 2795 982 2842 duae
1017 2803 1251 2858 potestates
1285 2812 1311 2841 a
1347 2811 1395 2841 se
1429 2794 1616 2840 invicem
