1918 3186
282 171 340 218 26
545 185 626 217 un.
654 185 684 215 ι.
715 181 826 215 sacr.
857 180 887 212 1.
918 178 970 211 m:
993 178 1165 212 mrum.
1195 177 1476 211 sAcnmnmo.

276 275 410 327 quam
444 261 722 324 significant3
760 257 879 322 quod
914 267 1083 322 septem
1117 258 1205 304 sint
1237 265 1534 312 sacramenta,
1572 267 1616 304 et
1647 273 1746 305 con-

278 339 443 402 iugium
469 346 590 385 sexto
626 334 720 382 loco
755 334 880 399 ponit
916 334 1030 396 (78).

373 415 580 477 Magister
610 418 924 459 sententiarum
960 426 1038 458 seu
1074 411 1226 458 Petrus
1260 409 1534 458 Lombardus
1566 409 1645 456 lib.
1674 408 1742 457 lv.

275 491 468 538 Sentent.
489 489 592 536 dist.
619 490 662 535 2.
689 494 859 552 septem
885 498 930 535 et
959 488 1057 551 ipse
1080 498 1281 533 numerat
1304 503 1444 534 novae
1465 486 1576 550 legis
1601 503 1751 534 sacra-

278 577 446 622 menta,
485 579 537 613 ac
569 565 756 629 septimo
790 563 884 611 loco
919 561 1174 625 coniugium
1204 562 1342 626 ponit.
1367 562 1619 610 Praemissa
1643 578 1749 610 vero

277 644 322 689 in
338 643 443 690 dist.
471 644 516 688 1.
540 641 731 705 generali
765 640 1019 688 definitione
1053 639 1343 695 sacramenti,
1383 638 1505 704 quod
1540 639 1748 686 nimirum

279 718 338 769 sit
370 733 519 766 sacrae
539 720 609 765 rei
627 719 798 782 siqnum
812 737 826 773 ;
862 717 1062 781 pressius
1096 732 1226 763 vero:
1259 737 1280 758 «c
1296 716 1628 764 Sacramentum
1645 755 1655 773 ,
1682 717 1750 763 in-

278 796 400 862 quit,
440 795 618 861 proprie
649 795 811 843 dicitur
843 793 962 859 quod
996 794 1057 840 ita
1090 793 1266 856 signum
1289 802 1358 840 est
1379 794 1547 856 gratiae
1569 793 1678 849 Dei,
1705 803 1752 841 et

276 870 510 920 invisibssis
537 871 703 934 gratiae
730 870 893 926 forma,
921 879 970 916 ut
993 869 1137 934 ipsius
1171 868 1231 915 rei
1269 867 1602 915 similitudinem
1626 878 1751 931 gerat

276 957 322 995 et
353 960 486 994 causa
517 947 713 993 exsistat.
746 946 840 993 Non
863 961 968 1008 ergo
991 942 1271 1008 significandi
1306 954 1476 991 tantum
1509 943 1650 1006 gratia
1677 958 1752 991 sa-

278 1033 502 1070 cramenta
533 1022 732 1069 instituta
767 1031 893 1078 sunt,
924 1021 1003 1069 sed
1038 1022 1167 1068 etiam
1198 1019 1555 1085 sanctificandi:»
1595 1020 1752 1067 transi-

279 1108 372 1145 tum
409 1098 572 1145 deinde
603 1098 707 1145 facit
740 1097 795 1145 ad
830 1096 1151 1160 assignandum
1192 1095 1429 1144 discrimen
1464 1091 1581 1161 quod
1617 1096 1751 1143 inter—

279 1171 456 1238 ponitur
471 1174 585 1221 inter
602 1183 877 1221 sacramenta
899 1173 1008 1236 legis
1031 1173 1192 1220 veteris
1208 1211 1218 1229 ‚
1246 1183 1288 1220 et
1311 1181 1589 1220 sacramenta
1612 1188 1752 1220 novae

279 1248 391 1312 legis
405 1287 415 1306 ,
450 1248 648 1314 illudque
670 1250 716 1296 in
739 1265 791 1296 eo
814 1249 1061 1306 constituit,
1090 1248 1210 1314 quod
1234 1248 1309 1296 illa
1331 1249 1625 1313 siqnificarent
1655 1258 1751 1296 tan-

278 1335 399 1381 tum,
436 1324 549 1372 haec
581 1335 727 1373 autem
762 1335 989 1390 praeterea
1022 1324 1209 1388 gratiam
1242 1325 1482 1389 conferant,
1525 1333 1752 1388 usurpans

279 1400 337 1448 ad
365 1400 450 1448 hoc
481 1401 615 1449 verba
646 1418 684 1449 s.
707 1401 940 1465 Augustini
963 1401 1151 1448 dicentis
1178 1420 1201 1446 «
1223 1401 1330 1466 quia
1353 1399 1429 1448 illa
1446 1400 1753 1464 promittebant

281 1485 448 1523 tantum
470 1487 513 1524 et
534 1477 852 1541 siqnificabant,
891 1476 1003 1524 haec
1036 1486 1185 1523 autem
1219 1476 1325 1522 dant
1359 1476 1547 1524 salutem
1587 1478 1754 1541 (super

281 1550 608 1611 Psaanxm.
625 1555 693 1615 ).»
715 1553 917 1618 Cumque
947 1553 1146 1600 definitio
1179 1552 1257 1600 toti
1291 1552 1474 1600 definito
1503 1563 1752 1617 competere

279 1628 462 1686 debeat,
484 1628 621 1694 liquet
643 1629 790 1694 ipsum
813 1629 972 1677 dooere
1005 1640 1096 1676 tum
1130 1629 1383 1692 coniugium
1408 1639 1458 1675 ut
1478 1645 1632 1676 verum
1650 1645 1752 1693 pro-

279 1705 463 1770 prieque
478 1716 798 1753 sacramentum
817 1722 958 1754 novae
973 1705 1083 1770 legis
1096 1723 1123 1753 a
1135 1705 1310 1754 Christo
1327 1707 1577 1754 institutum
1591 1706 1746 1763 fuisse,

280 1784 345 1831 uti
367 1795 641 1832 sacramenta
664 1785 859 1850 reliqua,
880 1796 973 1833 tum
997 1786 1180 1849 gratiam
1204 1785 1424 1833 conferre:
1445 1785 1641 1851 alioquin
1665 1802 1751 1834 non

279 1859 656 1910 discriminaretur
673 1880 699 1909 a
715 1863 921 1926 coniugio
942 1862 987 1909 in
1011 1863 1146 1910 veteri
1172 1862 1284 1925 lege,
1317 1878 1445 1910 secus
1468 1879 1520 1909 ac
1542 1862 1640 1928 ipse
1673 1862 1752 1910 do—

279 1935 417 1984 cuerit
448 1939 564 1999 (79).
589 1937 708 1994 Quid>
740 1939 873 2002 igitur
907 1938 992 1986 sibi
1027 1939 1150 1995 vult,
1189 1955 1327 2004 quum
1362 1939 1456 1986 sive
1490 1939 1535 1985 in
1569 1939 1676 1987 dist.
1701 1940 1745 1985 2.

282 2012 373 2059 sive
406 2013 452 2059 in
485 2014 591 2062 dist.
618 2015 693 2060 26.
716 2014 908 2062 affirmat
940 2015 1265 2063 matrimonium
1296 2025 1396 2079 post
1421 2025 1650 2079 peccatum
1672 2014 1752 2062 da-

280 2099 374 2135 tum
402 2105 502 2137 esse
532 2092 580 2137 in
611 2091 881 2138 remedium?
911 2091 978 2138 Nil
1013 2091 1134 2139 aliud
1170 2091 1364 2156 profecto
1394 2108 1528 2156 quam
1563 2090 1749 2154 gratiam

281 2164 416 2213 huius
440 2168 698 2215 sacramenti
723 2168 947 2233 propriam
973 2178 1174 2233 spectare
1198 2168 1437 2233 praecipue
1459 2168 1516 2214 ad
1539 2165 1750 2214 cohiben-

280 2241 382 2288 dam
415 2243 837 2307 concupiscentiam;
870 2245 961 2291 dixi
988 2246 1242 2309 praecipue,
1271 2246 1315 2291 in
1339 2243 1561 2309 praesenti
1590 2260 1749 2307 nempe

281 2317 548 2366 infirmitatis
578 2319 844 2367 conditione:
870 2338 970 2367 nam
990 2320 1107 2367 idem
1124 2320 1330 2383 Magister
1358 2319 1548 2366 affirmat
1574 2318 1750 2365 institu-

283 2403 375 2440 tum
399 2404 624 2458 praeterea
656 2395 795 2443 fuisse
829 2396 1079 2459 coniugium
1108 2395 1165 2442 ad
1194 2406 1391 2443 mutuam
1424 2395 1661 2457 coniugum
1685 2394 1749 2441 so-

282 2469 467 2516 vendam
494 2469 773 2528 charitatem,
800 2482 844 2518 et
867 2471 932 2519 sic
952 2471 1114 2518 referre
1137 2488 1216 2535 per
1239 2488 1506 2518 consensum
1540 2470 1746 2518 unionem

377 2576 444 2616 (78)
464 2578 671 2609 sententiar.
686 2586 754 2618 par.
770 2580 810 2610 V.
824 2586 855 2610 c.
871 2582 900 2610 2.
918 2582 937 2610 3
952 2578 984 2610 et
1000 2579 1047 2609 14.

377 2628 445 2670 (79)
465 2630 535 2662 noc
549 2629 633 2663 vidit
646 2639 674 2663 ι.
687 2628 845 2671 Thomas,
860 2629 965 2672 quiin
979 2628 1055 2662 dist.
1067 2634 1118 2662 26.
1130 2637 1186 2670 qu.
1201 2633 1232 2662 2.
1248 2630 1309 2662 art.
1323 2633 1353 2662 3.
1371 2641 1387 2657 «
1400 2628 1571 2668 Definitio,
1585 2627 1702 2668 inquit,
1717 2628 1750 2659 et

282 2681 452 2715 definimm
469 2681 585 2716 dehent
605 2683 760 2726 converti.
778 2683 841 2717 sed
854 2683 888 2716 in
905 2682 1091 2716 defiuitione
1112 2683 1303 2716 sacramenti
1322 2681 1451 2724 ponitur
1464 2679 1656 2714 causalitas
1671 2688 1748 2721 qra-

283 2735 371 2774 ttae,
396 2734 434 2767 ut
453 2734 488 2768 in
511 2738 540 2768 1.
560 2734 633 2767 dist.
651 2736 765 2776 patuit.
780 2738 864 2777 Ergo
878 2743 952 2768 cum
971 2734 1213 2769 matrimonium
1235 2733 1277 2767 sit
1295 2734 1551 2773 sacramentnm,
1571 2733 1633 2766 erit
1652 2740 1749 2765 causa

283 2785 436 2826 gratiae.»
