1912 3180
264 233 356 265 eir.
379 229 437 264 iv.
462 232 513 264 m:
538 233 694 265 Ancum.
714 234 790 266 ruo
817 234 921 267 Luci:
939 235 990 266 nr:
1010 234 1136 266 uun.
1159 234 1242 266 civ.
1262 235 1354 267 Aur.
1371 235 1416 266 11.
1512 219 1601 264 387

126 311 283 359 ¹'culum
307 322 427 359 esset
448 311 686 358 maximum
724 312 793 359 lex
828 312 884 359 de
906 308 1125 375 vconiugio
1159 330 1279 360 mere
1313 308 1452 369 civili,
1490 330 1605 377 quae

134 405 222 435 non
249 388 309 435 ita
334 388 504 453 pridem
539 398 659 436 tanto
693 389 941 435 animorum
966 400 1091 437 aestu
1118 390 1162 435 in
1192 389 1385 454 publicis
1414 389 1606 436 comitiis

136 465 501 528 promovebatur;
540 465 751 530 quodque
785 466 1026 530 praecipue
1049 467 1106 513 ad
1132 484 1224 513 rem
1249 463 1445 514 nostram
1480 465 1601 521 facit,

133 538 387 604 exemplum
414 539 654 587 Galliarum
687 540 915 605 proponit,
958 540 1002 586 in
1039 559 1152 605 quas
1189 553 1357 589 tantum
1393 541 1607 589 malorum

136 616 406 681 profluvium
441 617 600 664 exinde
634 617 834 665 dimanat
861 618 978 680 (64).

233 692 353 740 Haec
386 703 532 740 autem
570 711 687 757 quae
726 693 881 741 leviter
912 693 959 739 in
993 693 1173 742 laudata
1207 695 1398 760 epistola
1432 713 1484 743 ac
1516 713 1610 743 cur-

133 769 223 816 sim
256 779 410 816 auctor
446 769 677 832 attigerat,
713 769 976 834 plenissime
1000 771 1160 818 evolvit
1187 771 1233 817 in
1253 781 1341 818 toto
1373 771 1604 837 opusculo.

136 845 344 894 Ostendit
366 845 485 892 enim
511 845 657 892 ideam
681 846 876 910 coniugii
895 847 1147 894 necessario
1165 849 1437 913 praeseferre
1455 859 1607 913 typum

137 916 407 969 characteris
450 921 678 984 religiosi,
725 940 752 969 a
790 939 879 987 quo
920 923 1118 987 separari
1159 924 1343 988 nequit;
1390 923 1486 970 fieri
1521 940 1609 970 non

134 1013 274 1062 ‘posse
306 1007 357 1043 ut
388 997 485 1043 sine
519 996 745 1059 religionis
780 997 1026 1045 interventu
1059 998 1312 1062 coniugium
1351 1009 1611 1063 perpetuum

139 1073 199 1120 sit
236 1089 288 1119 ac
328 1072 668 1128 indissolubile;
708 1074 1033 1138 separationem
1069 1074 1293 1122 inductam
1329 1093 1356 1122 a
1389 1075 1486 1137 lege
1516 1071 1613 1138 gal-

140 1149 227 1197 lica
260 1149 375 1196 inter
408 1148 664 1212 religionem
695 1161 738 1197 et
763 1160 926 1198 statum
963 1150 1138 1198 civilem
1172 1168 1378 1198 caussam
1412 1150 1614 1198 extitisse

140 1226 440 1290 corruptionis
475 1225 680 1292 publicae
710 1244 896 1274 morum.
927 1227 1052 1274 Hanc
1083 1227 1224 1291 legem
1259 1227 1428 1293 passim
1463 1244 1613 1274 macu—

142 1303 231 1350 lam
254 1313 409 1359 vocat,
437 1320 553 1368 quae
576 1303 774 1350 codicem
799 1304 951 1351 infecit
974 1304 1368 1352 turbolentissimis
1392 1303 1482 1350 illis
1506 1314 1615 1350 tem—

145 1379 347 1445 poribus,
370 1397 471 1427 cum
488 1380 656 1443 vigeret
674 1380 921 1427 atheismus
941 1399 950 1436 ;
974 1380 1168 1427 ostendit
1187 1380 1272 1427 sub
1289 1381 1409 1428 omni
1434 1390 1613 1444 aspectu

140 1458 364 1506 eiusmodi
388 1457 531 1521 legem
556 1458 878 1522 antipoliticam
902 1475 1002 1505 esse
1024 1497 1034 1514 ,
1063 1475 1145 1506 nec
1170 1458 1259 1505 nisi
1277 1476 1303 1505 a
1323 1458 1385 1505 rei
1411 1457 1614 1522 publicae

141 1534 347 1582 hostibus
382 1552 515 1600 posse
546 1535 823 1599 promoveri;
862 1534 1122 1583 adhortatur
1155 1534 1382 1600 publicum
1418 1534 1613 1598 regimen

142 1610 198 1658 ad
232 1627 330 1657 eam
363 1627 388 1658 e
421 1610 575 1657 codice
608 1610 787 1658 omnino
821 1610 1181 1674 expungendam,
1211 1621 1288 1657 aut
1307 1610 1472 1657 saltem
1507 1620 1614 1657 tem-

142 1686 401 1751 perandam.
443 1685 647 1750 Denique
682 1703 883 1732 summae
910 1685 1259 1750 imprudentiae,
1288 1703 1341 1733 ac
1366 1684 1543 1732 hostilis
1570 1685 1614 1731 in

145 1761 402 1826 religionem
449 1760 590 1807 animi
634 1760 726 1808 sore
770 1761 1073 1816 demonstrat,
1113 1778 1304 1808 errorem
1349 1760 1469 1807 hunc
1502 1760 1617 1806 anti-

144 1837 375 1902 politicum
411 1836 455 1882 in
490 1835 605 1882 alias
650 1846 803 1898 gentes
842 1835 1103 1892 transferre,
1142 1846 1186 1882 et
1220 1836 1286 1882 sic
1331 1835 1509 1881 inficere
1543 1851 1617 1881 co-

146 1912 290 1959 dicem
308 1950 318 1968 ,
347 1912 424 1976 qui
449 1911 597 1958 adhuc
633 1910 843 1957 immunis
867 1921 934 1958 est
957 1928 983 1957 a
1006 1910 1102 1973 lege
1117 1949 1126 1967 ‚
1154 1928 1269 1974 quae
1293 1920 1353 1957 tot
1377 1921 1618 1958 tantorum-

147 2005 236 2052 que
268 1987 485 2035 malorum
517 2003 653 2034 causa
690 1997 732 2033 et
765 1986 888 2048 origo
921 1997 1002 2032 est.

248 2063 371 2119 Quae
405 2058 524 2109 dicta
564 2072 669 2109 sunt
711 2061 767 2108 de
812 2061 966 2107 Galliis
1009 2061 1104 2125 pari
1147 2061 1241 2107 iure
1284 2060 1496 2107 affirmari
1542 2060 1619 2106 de-

148 2139 254 2187 bent
296 2139 353 2185 de
386 2138 563 2201 Belgio,
612 2136 688 2184 ubi
731 2136 868 2192 mala,
919 2154 1035 2201 quae
1080 2153 1133 2183 ex
1173 2136 1455 2183 matrimonio
1498 2133 1617 2181 civili

148 2215 415 2280 proveniunt
456 2231 544 2261 non
590 2214 762 2260 minora
811 2223 952 2268 sunt,
1001 2230 1054 2259 ac
1096 2212 1181 2260 sub
1224 2211 1374 2276 aliquo
1417 2221 1619 2275 respectu

147 2291 369 2339 deteriora
414 2290 563 2338 adhuc
604 2306 737 2353 quam
774 2289 819 2334 in
855 2288 1009 2335 Galliis
1045 2288 1173 2352 ipsis.
1217 2287 1446 2352 Siquidem
1481 2298 1524 2333 et
1558 2286 1618 2333 ibi

149 2367 473 2416 concubinatus
497 2366 654 2429 legalis
677 2365 820 2428 viget,
850 2365 1080 2429 persuasio
1106 2382 1244 2429 penes
1269 2364 1470 2411 rudiores
1494 2381 1623 2427 prae-

153 2443 304 2491 sertim
341 2442 518 2498 inolita,
558 2440 678 2505 quod
711 2457 791 2504 per
824 2439 995 2488 civilem
1042 2451 1312 2487 contractum
1347 2457 1494 2486 coram
1529 2456 1622 2486 ma-

153 2519 343 2583 gistratu
388 2518 655 2565 celebratum
690 2534 842 2563 verum
889 2515 1106 2563 habeatur
1137 2515 1418 2578 coniugium;
1458 2514 1622 2562 oblivio

156 2595 384 2659 religionis
410 2595 454 2641 in
480 2594 552 2650 iis,
584 2594 660 2659 qui
686 2592 746 2640 ita
771 2592 950 2657 nuptias
984 2591 1275 2647 contrahunt;
1314 2590 1487 2638 collisio
1511 2590 1622 2639 inter

247 2744 314 2782 (64)
339 2742 532 2784 Bellexa'ons
544 2751 607 2774 sur
622 2741 653 2773 le
668 2742 822 2781 marinae
834 2740 920 2772 civil
934 2740 967 2771 et
984 2738 1014 2770 le
1031 2740 1184 2779 rnartaye
1198 2738 1369 2779 reliyieux
1383 2747 1425 2770 en
1438 2739 1575 2771 france
1590 2741 1622 2771 et

155 2804 196 2828 en
212 2795 328 2827 Italic.
345 2797 434 2835 Lyon
453 2799 541 2828 185³.
551 2798 573 2826 A
585 2796 645 2826 Μτ.
661 2794 689 2825 le
704 2795 808 2826 comte
823 2792 862 2825 de
877 2795 1017 2831 camur,
1033 2790 1193 2832 president
1205 2791 1248 2821 du
1262 2790 1382 2823 wnseil
1395 2790 1451 2824 des
1465 2791 1627 2823 ministres

157 2848 197 2879 de
210 2856 246 2879 sa
259 2847 391 2887 majesta
405 2847 434 2879 le
450 2847 498 2879 roi
511 2846 551 2878 dr
564 2846 748 2886 sai-daignc.

1536 2897 1555 2915 ‘k
