1918 3186
428 220 518 252 cii».
541 220 570 251 1.
589 220 642 251 nr.
674 221 846 252 mrum.
882 220 1030 252 civius
1054 220 1232 252 mrum.
1251 220 1343 250 Αιιτ.
1363 220 1391 250 1.
1553 203 1640 247 209

173 299 346 364 repudii
382 309 424 346 et
451 297 619 346 divelli.
650 298 802 361 Neque
827 297 944 344 enim
982 299 1102 344 iuxta
1134 297 1233 344 illas
1269 296 1545 344 iudicaturus
1579 306 1646 342 est

172 387 213 422 te
246 376 365 423 Deus
400 375 443 420 in
479 374 551 421 die
585 372 687 428 illa,
727 371 806 419 sed
841 371 1084 418 secundum
1119 390 1222 428 eas,
1260 390 1373 436 quas
1420 371 1516 435 ipse
1555 381 1645 418 sta-

172 451 254 498 tuit
269 453 386 513 (2).»
409 451 453 496 S.
478 449 797 513 Hieronymus:
841 445 1003 492 «Aliae
1032 458 1158 503 sunt,
1198 447 1368 512 inquit,
1398 446 1518 510 leges
1536 446 1646 494 Cae-

171 544 344 582 sarum,
371 525 487 572 aliae
521 524 708 580 Christi,
749 523 870 570 aliud
906 522 1200 587 Papinianus,
1229 524 1351 571 aliud
1378 523 1541 571 Paulus
1567 541 1646 571 no-

170 613 261 649 ster
283 601 497 666 praecipit
529 603 647 663 (3).»
679 602 724 647 S.
747 599 1008 647 Ambrosius
1044 599 1148 646 item
1184 600 1362 647 scribit:
1407 599 1646 647 «Dimittis

170 695 274 741 ergo
306 695 486 724 uxorem
521 677 666 741 ipsam
700 677 831 742 quasi
866 676 983 731 iure,
1014 676 1110 723 sine
1145 676 1349 723 crimine:
1379 687 1422 723 et
1445 687 1575 741 putas
1600 676 1645 722 id

172 753 251 801 tibi
276 754 433 810 licere,
462 754 569 818 quia
603 753 671 800 lex
706 753 902 800 humana
936 770 1024 801 non
1062 751 1469 817 prohibet....Audi
1504 753 1645 816 legem

173 830 378 886 Domini,
428 830 498 877 cui
544 830 851 895 obsequuntur
889 829 1020 876 etiam
1060 829 1137 893 qui
1183 828 1304 892 leges
1348 829 1495 876 ferunt
1523 831 1642 892 (4).»

172 907 217 952 S.
242 906 475 969 Gregorius
495 906 719 953 nazianz.:
747 926 767 950 «
796 907 1051 962 Decretum,
1083 904 1253 970 inquit,
1282 903 1456 968 legibus
1482 906 1645 953 nostris

177 981 514 1042 (christianis)
559 981 803 1046 displicet,
851 981 1026 1028 tametsi
1073 997 1280 1028 romanae
1325 980 1452 1027 aliter
1494 980 1647 1028 decer-

174 1067 282 1103 nant
308 1060 426 1119 (5).»
451 1058 495 1104 S.
519 1057 795 1120 Augustinus
831 1057 1008 1105 scribit:
1041 1077 1063 1102 «
1086 1057 1199 1104 Hinc
1227 1073 1315 1104 non
1346 1055 1473 1104 licet.
1494 1095 1503 1102 .
1525 1095 1532 1103 .
1551 1058 1647 1106 iure

174 1133 301 1187 Poli,
339 1134 423 1181 etsi
457 1134 587 1181 liceat
613 1134 708 1180 iure
741 1135 829 1199 sori
850 1136 945 1195 (6)»
968 1143 1011 1180 et
1039 1132 1171 1180 alibi:
1213 1153 1236 1177 «
1258 1132 1459 1180 Sterilem
1492 1134 1646 1181 coniu-

171 1227 270 1272 gem
296 1209 546 1275 relinquere
564 1248 573 1266 ,
602 1221 650 1257 ut
673 1209 760 1257 alia
784 1210 999 1258 foecunda
1022 1209 1211 1257 ducatur
1227 1247 1237 1266 ,
1259 1208 1384 1256 nefas
1409 1219 1491 1257 est.
1517 1210 1645 1266 Quod

172 1286 212 1334 si
247 1287 488 1352 quisquam
522 1287 702 1344 fecerit,
736 1305 823 1334 non
856 1286 953 1350 lege
988 1286 1122 1333 huius
1159 1285 1325 1342 seculi,
1353 1286 1430 1332 uhi
1459 1286 1647 1336 interve-

172 1362 322 1410 niente
355 1363 540 1428 repudio
575 1363 674 1410 sine
705 1363 888 1410 crimine
917 1362 1319 1410 conceditur...sed
1343 1361 1439 1425 lege
1462 1380 1646 1427 evange-

172 1437 258 1484 lica
282 1455 384 1485 reus
408 1449 476 1486 est
499 1438 702 1486 adulterii
727 1440 843 1499 (7).»
861 1439 906 1484 S.
923 1437 1158 1501 Gregorius
1183 1438 1240 1484 M.
1265 1438 1428 1502 pariter
1449 1438 1505 1485 de
1527 1438 1645 1486 civili

171 1512 372 1560 scribens
396 1513 492 1576 lege
514 1513 721 1578 opposita
738 1513 822 1576 legi
844 1512 1125 1576 evangelicae
1142 1512 1251 1560 haec
1276 1512 1434 1560 habet:
1457 1533 1478 1558 «
1495 1513 1647 1561 Scien-

169 1587 276 1635 dum
305 1598 400 1646 est,
429 1589 535 1653 quia
567 1589 651 1636 etsi
686 1588 772 1637 hoc
805 1588 874 1636 lex
908 1589 1106 1636 humana
1140 1589 1385 1646 concessit,
1412 1589 1565 1637 divina
1589 1602 1647 1638 ta-

171 1682 271 1712 men
306 1665 513 1730 prohibet
528 1667 646 1728 (8).»
663 1665 786 1721 Quae
818 1665 954 1713 verba
987 1682 1088 1713 cum
1123 1665 1347 1713 retulisset
1378 1666 1586 1713 Nicolaus
1605 1667 1640 1712 1.

171 1740 237 1789 sic
270 1741 511 1789 universim
546 1742 828 1806 pronunciat:
858 1741 1021 1789 Civiles
1056 1741 1370 1806 imperatorum
1393 1741 1513 1805 leges
1547 1742 1645 1789 nul-

172 1816 263 1864 lum
296 1835 428 1883 posse
456 1818 778 1883 praeiudicium
813 1818 974 1866 inferre
1012 1818 1348 1882 «evangelicis,
1387 1819 1644 1883 apostolicis

173 1903 306 1958 atque
338 1894 554 1941 canonicis
588 1893 778 1940 decretis
800 1895 919 1957 (9).»

267 1970 485 2034 Equidem
519 1987 607 2018 non
642 1970 796 2033 ignoro
830 1981 996 2035 patres,
1035 1988 1222 2036 quorum
1257 1971 1381 2018 attuli
1413 1973 1646 2020 auctorita-

174 2057 239 2093 tes
263 2084 273 2102 ,
313 2046 532 2094 disserere
580 2046 636 2093 de
678 2047 891 2111 peculiari
927 2047 1104 2095 divortii
1152 2047 1439 2112 quaestione;
1490 2066 1643 2096 verum

173 2121 500 2186 dispiciendum
536 2132 603 2170 est
642 2124 909 2188 principium
950 2123 1007 2171 ab
1048 2123 1104 2170 iis
1144 2124 1428 2171 constitutum
1456 2163 1466 2181 ,
1514 2125 1645 2173 cuius

173 2198 315 2261 gratia
345 2215 421 2245 eas
455 2198 643 2254 adduxi;
678 2199 795 2262 quod
829 2199 1034 2262 generale
1060 2216 1160 2246 cum
1186 2199 1265 2256 sit,
1295 2217 1374 2264 pro
1412 2218 1557 2248 rerum
1590 2218 1644 2248 ac

171 2284 417 2338 temporum
451 2273 644 2338 pondere
678 2273 735 2320 ad
768 2274 916 2321 varios
950 2291 1082 2323 casus
1113 2274 1158 2322 in
1188 2286 1391 2324 concreto
1425 2269 1644 2341 applicari

265 2421 310 2463 (2)
331 2424 368 2454 In
384 2423 507 2455 nonnil.
524 2424 573 2455 De
587 2423 704 2456 libello
725 2423 863 2465 repudii
869 2435 883 2463 ‚·
899 2424 933 2456 in
947 2425 1039 2457 illum
1061 2424 1185 2458 locum:
1202 2425 1332 2458 Mulier
1346 2425 1496 2467 alliqata
1511 2427 1562 2458 est
1576 2427 1642 2458 etc.

172 2475 197 2505 Ι.
212 2474 276 2508 Cor
289 2476 359 2506 vn.
376 2479 426 2507 39.
442 2483 474 2506 n.
490 2479 517 2508 1.
534 2484 609 2516 opp.
625 2475 676 2508 ed.
693 2477 794 2508 Maur.
810 2478 890 2508 tom.
906 2478 964 2517 111.
978 2485 1050 2518 pag.
1067 2480 1138 2510 204.

266 2527 311 2568 (3)
331 2529 390 2569 Ep.
405 2530 549 2562 xxxix.
566 2527 614 2560 ad
632 2531 805 2562 Oceanum
818 2530 862 2562 de
874 2532 984 2563 morte
999 2530 1166 2563 Fabiolae
1179 2539 1211 2562 n.
1229 2535 1260 2563 3.
1274 2530 1327 2563 ed.
1342 2531 1479 2564 vallars.

265 2579 311 2620 (4)
331 2580 404 2613 Lib.
417 2582 503 2613 viu.
521 2581 555 2613 in
570 2590 642 2623 cap.
657 2583 743 2615 XVI.
760 2584 840 2615 Luc.
857 2592 890 2615 n.
908 2588 938 2616 5.
955 2583 1009 2615 ed.
1023 2585 1126 2615 Maur.

265 2632 311 2673 (5)
331 2633 434 2674 Epist.
449 2639 520 2667 211.
535 2644 611 2676 opp.
626 2635 679 2667 ed.
696 2636 798 2668 Paris.
816 2637 897 2668 tom.
913 2637 955 2668 11.
969 2645 1001 2677 p.
1020 2641 1110 2668 11³6.

266 2683 312 2723 (ο)
332 2686 435 2717 serm.
449 2687 600 2719 cccxc.
616 2688 697 2721 alias
710 2690 856 2721 ΧΧΧΙΧ.
873 2689 957 2720 inter
969 2690 1006 2720 Ι..
1019 2689 1099 2722 tom.
1116 2690 1157 2719 V.
1175 2698 1207 2730 p.
1227 2692 1316 2722 1304.
1331 2689 1383 2722 ed.
1399 2691 1503 2724 Maur.

268 2736 315 2776 (7)
333 2736 406 2769 Lib.
416 2739 443 2770 1.
459 2739 510 2771 De
523 2741 623 2781 nupt.
638 2743 673 2772 οι
687 2749 831 2782 concup.
847 2749 876 2772 c.
891 2743 931 2773 x.
946 2740 999 2773 ed.
1012 2740 1069 2773 nit.
1084 2741 1164 2773 tom.
1178 2744 1219 2772 x.
1235 2750 1266 2782 p.
1284 2746 1354 2776 286.

268 2787 314 2828 (8)
336 2788 407 2820 Lib.
427 2791 484 2822 xl.
497 2790 591 2832 epist.
605 2792 701 2824 XLV.
717 2792 799 2825 alias
817 2794 961 2825 XXXIX.

267 2838 313 2878 (9)
334 2839 435 2880 Epist.
451 2842 580 2875 xxxll.
596 2842 683 2885 apud
697 2843 797 2876 Lnbb.
816 2843 848 2876 ἰιι
864 2843 1004 2878 collect.
1021 2845 1143 2878 concil.
1155 2847 1235 2879 tom.
1251 2847 1334 2880 vm.
1350 2857 1422 2890 pag.
1442 2851 1512 2882 415.

1534 2913 1575 2945 14
