<?xml version="1.0" encoding="UTF-8"?>
<!DOCTYPE html PUBLIC "-//W3C//DTD XHTML 1.0 Transitional//EN"
    "http://www.w3.org/TR/xhtml1/DTD/xhtml1-transitional.dtd">
<html xmlns="http://www.w3.org/1999/xhtml" xml:lang="en" lang="en">
 <head>
  <title>
</title>
<meta http-equiv="Content-Type" content="text/html;charset=utf-8" />
  <meta name='ocr-system' content='tesseract 3.04.00' />
  <meta name='ocr-capabilities' content='ocr_page ocr_carea ocr_par ocr_line ocrx_word'/>
</head>
<body>
  <div class='ocr_page' id='page_1' title='image "a603380701perruoft_0403.png"; bbox 0 0 1912 3180; ppageno 0'>
   <div class='ocr_carea' id='block_1_1' title="bbox 258 190 1573 241">
    <p class='ocr_par' dir='ltr' id='par_1_1' title="bbox 258 190 1573 241">
     <span class='ocr_line' id='line_1_1' title="bbox 258 190 1573 241; baseline -0.003 0"><span class='ocrx_word' id='word_1_1' title='bbox 258 211 347 241; x_wconf 75' lang='lat' dir='ltr'><strong>CAP.</strong></span> <span class='ocrx_word' id='word_1_2' title='bbox 365 209 422 240; x_wconf 83' lang='lat' dir='ltr'>lv.</span> <span class='ocrx_word' id='word_1_3' title='bbox 441 210 491 240; x_wconf 75' lang='lat' dir='ltr'>lm</span> <span class='ocrx_word' id='word_1_4' title='bbox 511 194 667 240; x_wconf 69' lang='lat' dir='ltr'><strong>ARGUM.</strong></span> <span class='ocrx_word' id='word_1_5' title='bbox 687 207 762 239; x_wconf 77' lang='lat' dir='ltr'>PRO</span> <span class='ocrx_word' id='word_1_6' title='bbox 783 208 885 240; x_wconf 74' lang='lat' dir='ltr'><strong>LEGE</strong></span> <span class='ocrx_word' id='word_1_7' title='bbox 905 209 956 239; x_wconf 78' lang='lat' dir='ltr'>m:</span> <span class='ocrx_word' id='word_1_8' title='bbox 974 209 1098 240; x_wconf 73' lang='lat' dir='ltr'><strong>MATR.</strong></span> <span class='ocrx_word' id='word_1_9' title='bbox 1116 207 1200 240; x_wconf 77' lang='lat' dir='ltr'>clv.</span> <span class='ocrx_word' id='word_1_10' title='bbox 1222 208 1314 240; x_wconf 73' lang='lat' dir='ltr'>AM.</span> <span class='ocrx_word' id='word_1_11' title='bbox 1333 209 1378 240; x_wconf 87' lang='lat'>11.</span> <span class='ocrx_word' id='word_1_12' title='bbox 1487 190 1573 238; x_wconf 73' lang='lat'>381</span> 
     </span>
    </p>
   </div>
   <div class='ocr_carea' id='block_1_2' title="bbox 110 286 1592 2488">
    <p class='ocr_par' dir='ltr' id='par_1_2' title="bbox 110 286 1589 1479">
     <span class='ocr_line' id='line_1_2' title="bbox 111 286 1583 352; baseline -0.001 -17"><span class='ocrx_word' id='word_1_13' title='bbox 111 289 245 335; x_wconf 87' lang='lat' dir='ltr'>relate</span> <span class='ocrx_word' id='word_1_14' title='bbox 279 287 336 334; x_wconf 85' lang='lat' dir='ltr'>ad</span> <span class='ocrx_word' id='word_1_15' title='bbox 371 287 520 334; x_wconf 87' lang='lat' dir='ltr'>omnia</span> <span class='ocrx_word' id='word_1_16' title='bbox 554 298 821 351; x_wconf 89' lang='lat' dir='ltr'>temporum,</span> <span class='ocrx_word' id='word_1_17' title='bbox 859 286 1054 333; x_wconf 88' lang='lat' dir='ltr'>locorum</span> <span class='ocrx_word' id='word_1_18' title='bbox 1090 304 1142 334; x_wconf 87' lang='lat' dir='ltr'>ac</span> <span class='ocrx_word' id='word_1_19' title='bbox 1175 303 1466 352; x_wconf 86' lang='lat' dir='ltr'>personarum</span> <span class='ocrx_word' id='word_1_20' title='bbox 1502 287 1583 334; x_wconf 83' lang='lat' dir='ltr'>ad-</span> 
     </span>
     <span class='ocr_line' id='line_1_3' title="bbox 110 361 1581 428; baseline -0.001 -17"><span class='ocrx_word' id='word_1_21' title='bbox 110 367 274 413; x_wconf 83' lang='lat' dir='ltr'>iuncta.</span> <span class='ocrx_word' id='word_1_22' title='bbox 312 363 540 428; x_wconf 86' lang='lat' dir='ltr'>Siquidem</span> <span class='ocrx_word' id='word_1_23' title='bbox 574 364 612 410; x_wconf 89' lang='lat' dir='ltr'>si</span> <span class='ocrx_word' id='word_1_24' title='bbox 649 380 718 410; x_wconf 87' lang='lat' dir='ltr'>res</span> <span class='ocrx_word' id='word_1_25' title='bbox 754 363 812 408; x_wconf 90' lang='lat' dir='ltr'>sit</span> <span class='ocrx_word' id='word_1_26' title='bbox 845 361 988 419; x_wconf 83' lang='lat' dir='ltr'>mala,</span> <span class='ocrx_word' id='word_1_27' title='bbox 1029 363 1218 419; x_wconf 90' lang='lat' dir='ltr'>iniusta,</span> <span class='ocrx_word' id='word_1_28' title='bbox 1258 363 1494 410; x_wconf 87' lang='lat' dir='ltr'>inhonesta</span> <span class='ocrx_word' id='word_1_29' title='bbox 1529 380 1581 410; x_wconf 85' lang='lat' dir='ltr'>ac</span> 
     </span>
     <span class='ocr_line' id='line_1_4' title="bbox 111 437 1585 505; baseline 0 -18"><span class='ocrx_word' id='word_1_30' title='bbox 111 442 263 496; x_wconf 85' lang='lat' dir='ltr'>noxia,</span> <span class='ocrx_word' id='word_1_31' title='bbox 302 439 545 487; x_wconf 87' lang='lat' dir='ltr'>absurdum</span> <span class='ocrx_word' id='word_1_32' title='bbox 580 438 712 503; x_wconf 90' lang='lat' dir='ltr'>plane</span> <span class='ocrx_word' id='word_1_33' title='bbox 746 438 857 485; x_wconf 84' lang='lat' dir='ltr'>foret</span> <span class='ocrx_word' id='word_1_34' title='bbox 889 438 945 484; x_wconf 91' lang='lat' dir='ltr'>ad</span> <span class='ocrx_word' id='word_1_35' title='bbox 982 437 1168 486; x_wconf 89' lang='lat' dir='ltr'>aliorum</span> <span class='ocrx_word' id='word_1_36' title='bbox 1203 439 1456 504; x_wconf 88' lang='lat' dir='ltr'>exemplum</span> <span class='ocrx_word' id='word_1_37' title='bbox 1488 456 1585 505; x_wconf 89' lang='lat' dir='ltr'>pro-</span> 
     </span>
     <span class='ocr_line' id='line_1_5' title="bbox 110 513 1583 579; baseline -0.001 -15"><span class='ocrx_word' id='word_1_38' title='bbox 110 533 283 564; x_wconf 88' lang='lat' dir='ltr'>vocare.</span> <span class='ocrx_word' id='word_1_39' title='bbox 317 517 567 579; x_wconf 86' lang='lat' dir='ltr'>Numquam</span> <span class='ocrx_word' id='word_1_40' title='bbox 594 514 754 578; x_wconf 91' lang='lat' dir='ltr'>poterit</span> <span class='ocrx_word' id='word_1_41' title='bbox 776 513 994 560; x_wconf 89' lang='lat' dir='ltr'>eiusmodi</span> <span class='ocrx_word' id='word_1_42' title='bbox 1019 514 1270 579; x_wconf 87' lang='lat' dir='ltr'>exemplum</span> <span class='ocrx_word' id='word_1_43' title='bbox 1295 515 1356 561; x_wconf 90' lang='lat' dir='ltr'>rei</span> <span class='ocrx_word' id='word_1_44' title='bbox 1384 525 1583 562; x_wconf 85' lang='lat' dir='ltr'>naturam</span> 
     </span>
     <span class='ocr_line' id='line_1_6' title="bbox 112 588 1584 656; baseline -0.001 -17"><span class='ocrx_word' id='word_1_45' title='bbox 112 592 358 638; x_wconf 87' lang='lat' dir='ltr'>immutare.</span> <span class='ocrx_word' id='word_1_46' title='bbox 398 591 442 636; x_wconf 91' lang='lat' dir='ltr'>Si</span> <span class='ocrx_word' id='word_1_47' title='bbox 479 590 617 655; x_wconf 81' lang='lat' dir='ltr'>aliqui</span> <span class='ocrx_word' id='word_1_48' title='bbox 651 600 847 636; x_wconf 85' lang='lat' dir='ltr'>amentes</span> <span class='ocrx_word' id='word_1_49' title='bbox 883 606 935 635; x_wconf 91' lang='lat' dir='ltr'>ac</span> <span class='ocrx_word' id='word_1_50' title='bbox 968 588 1097 635; x_wconf 80' lang='lat' dir='ltr'>deliri</span> <span class='ocrx_word' id='word_1_51' title='bbox 1124 590 1168 635; x_wconf 91' lang='lat' dir='ltr'>in</span> <span class='ocrx_word' id='word_1_52' title='bbox 1195 608 1244 638; x_wconf 89' lang='lat' dir='ltr'>se</span> <span class='ocrx_word' id='word_1_53' title='bbox 1268 591 1389 656; x_wconf 90' lang='lat' dir='ltr'>ipsos</span> <span class='ocrx_word' id='word_1_54' title='bbox 1424 608 1584 638; x_wconf 88' lang='lat' dir='ltr'>manus</span> 
     </span>
     <span class='ocr_line' id='line_1_7' title="bbox 111 665 1580 730; baseline -0.001 -15"><span class='ocrx_word' id='word_1_55' title='bbox 111 668 432 723; x_wconf 85' lang='lat' dir='ltr'>consciverint,</span> <span class='ocrx_word' id='word_1_56' title='bbox 472 685 520 713; x_wconf 89' lang='lat' dir='ltr'>se</span> <span class='ocrx_word' id='word_1_57' title='bbox 554 665 909 720; x_wconf 83' lang='lat' dir='ltr'>excaecaverint,</span> <span class='ocrx_word' id='word_1_58' title='bbox 940 665 984 711; x_wconf 90' lang='lat' dir='ltr'>in</span> <span class='ocrx_word' id='word_1_59' title='bbox 1022 683 1236 730; x_wconf 87' lang='lat' dir='ltr'>praeceps</span> <span class='ocrx_word' id='word_1_60' title='bbox 1272 684 1320 713; x_wconf 88' lang='lat' dir='ltr'>se</span> <span class='ocrx_word' id='word_1_61' title='bbox 1354 666 1580 721; x_wconf 86' lang='lat' dir='ltr'>dederint,</span> 
     </span>
     <span class='ocr_line' id='line_1_8' title="bbox 112 740 1586 805; baseline 0 -15"><span class='ocrx_word' id='word_1_62' title='bbox 112 744 290 791; x_wconf 87' lang='lat' dir='ltr'>nemine</span> <span class='ocrx_word' id='word_1_63' title='bbox 313 743 605 798; x_wconf 84' lang='lat' dir='ltr'>reclamante,</span> <span class='ocrx_word' id='word_1_64' title='bbox 635 742 782 789; x_wconf 83' lang='lat' dir='ltr'>afferri</span> <span class='ocrx_word' id='word_1_65' title='bbox 807 759 863 788; x_wconf 89' lang='lat' dir='ltr'>ne</span> <span class='ocrx_word' id='word_1_66' title='bbox 887 740 1003 788; x_wconf 86' lang='lat' dir='ltr'>serio</span> <span class='ocrx_word' id='word_1_67' title='bbox 1038 752 1190 805; x_wconf 90' lang='lat' dir='ltr'>posset</span> <span class='ocrx_word' id='word_1_68' title='bbox 1224 742 1408 789; x_wconf 88' lang='lat' dir='ltr'>istorum</span> <span class='ocrx_word' id='word_1_69' title='bbox 1445 760 1586 791; x_wconf 80' lang='lat' dir='ltr'>exem-</span> 
     </span>
     <span class='ocr_line' id='line_1_9' title="bbox 112 818 1584 885; baseline 0 -18"><span class='ocrx_word' id='word_1_70' title='bbox 112 821 234 885; x_wconf 92' lang='lat' dir='ltr'>plum</span> <span class='ocrx_word' id='word_1_71' title='bbox 259 821 314 868; x_wconf 92' lang='lat' dir='ltr'>ad</span> <span class='ocrx_word' id='word_1_72' title='bbox 339 820 437 867; x_wconf 90' lang='lat' dir='ltr'>illas</span> <span class='ocrx_word' id='word_1_73' title='bbox 462 820 657 867; x_wconf 84' lang='lat' dir='ltr'>actiones</span> <span class='ocrx_word' id='word_1_74' title='bbox 692 818 1050 866; x_wconf 87' lang='lat' dir='ltr'>cohonestandas</span> <span class='ocrx_word' id='word_1_75' title='bbox 1086 819 1474 884; x_wconf 74' lang='lat' dir='ltr'>sanciendasque?</span> <span class='ocrx_word' id='word_1_76' title='bbox 1499 821 1584 876; x_wconf 83' lang='lat' dir='ltr'>Qui</span> 
     </span>
     <span class='ocr_line' id='line_1_10' title="bbox 112 896 1582 960; baseline -0.001 -16"><span class='ocrx_word' id='word_1_77' title='bbox 112 898 294 945; x_wconf 89' lang='lat' dir='ltr'>rationis</span> <span class='ocrx_word' id='word_1_78' title='bbox 329 908 473 944; x_wconf 86' lang='lat' dir='ltr'>rectae</span> <span class='ocrx_word' id='word_1_79' title='bbox 509 896 689 943; x_wconf 90' lang='lat' dir='ltr'>ductum</span> <span class='ocrx_word' id='word_1_80' title='bbox 735 906 1000 960; x_wconf 84' lang='lat' dir='ltr'>sequentes,</span> <span class='ocrx_word' id='word_1_81' title='bbox 1041 896 1297 959; x_wconf 88' lang='lat' dir='ltr'>praesertim</span> <span class='ocrx_word' id='word_1_82' title='bbox 1334 897 1582 952; x_wconf 88' lang='lat' dir='ltr'>admoniti,</span> 
     </span>
     <span class='ocr_line' id='line_1_11' title="bbox 113 972 1586 1037; baseline -0.001 -16"><span class='ocrx_word' id='word_1_83' title='bbox 113 991 168 1021; x_wconf 91' lang='lat' dir='ltr'>ne</span> <span class='ocrx_word' id='word_1_84' title='bbox 200 973 301 1020; x_wconf 92' lang='lat' dir='ltr'>illos</span> <span class='ocrx_word' id='word_1_85' title='bbox 336 974 585 1028; x_wconf 83' lang='lat' dir='ltr'>imitentur,</span> <span class='ocrx_word' id='word_1_86' title='bbox 616 972 672 1019; x_wconf 87' lang='lat' dir='ltr'>ab</span> <span class='ocrx_word' id='word_1_87' title='bbox 706 990 857 1019; x_wconf 89' lang='lat' dir='ltr'>eorum</span> <span class='ocrx_word' id='word_1_88' title='bbox 893 989 1030 1036; x_wconf 89' lang='lat' dir='ltr'>pravo</span> <span class='ocrx_word' id='word_1_89' title='bbox 1065 973 1264 1037; x_wconf 85' lang='lat' dir='ltr'>exemplo</span> <span class='ocrx_word' id='word_1_90' title='bbox 1298 973 1514 1021; x_wconf 89' lang='lat' dir='ltr'>imitando</span> <span class='ocrx_word' id='word_1_91' title='bbox 1539 991 1586 1020; x_wconf 84' lang='lat' dir='ltr'>se</span> 
     </span>
     <span class='ocr_line' id='line_1_12' title="bbox 112 1047 1587 1104; baseline -0.001 -8"><span class='ocrx_word' id='word_1_92' title='bbox 112 1067 162 1096; x_wconf 89' lang='lat' dir='ltr'>se</span> <span class='ocrx_word' id='word_1_93' title='bbox 195 1048 478 1104; x_wconf 91' lang='lat' dir='ltr'>abstineant,</span> <span class='ocrx_word' id='word_1_94' title='bbox 517 1048 669 1095; x_wconf 86' lang='lat' dir='ltr'>nescio</span> <span class='ocrx_word' id='word_1_95' title='bbox 703 1066 759 1094; x_wconf 90' lang='lat' dir='ltr'>an</span> <span class='ocrx_word' id='word_1_96' title='bbox 796 1047 980 1094; x_wconf 85' lang='lat' dir='ltr'>minoris</span> <span class='ocrx_word' id='word_1_97' title='bbox 1014 1047 1277 1094; x_wconf 89' lang='lat' dir='ltr'>aestimandi</span> <span class='ocrx_word' id='word_1_98' title='bbox 1314 1049 1417 1095; x_wconf 89' lang='lat' dir='ltr'>sint.</span> <span class='ocrx_word' id='word_1_99' title='bbox 1448 1050 1587 1095; x_wconf 87' lang='lat' dir='ltr'>Immo</span> 
     </span>
     <span class='ocr_line' id='line_1_13' title="bbox 111 1124 1588 1191; baseline -0.003 -17"><span class='ocrx_word' id='word_1_100' title='bbox 111 1126 214 1191; x_wconf 90' lang='lat' dir='ltr'>quis</span> <span class='ocrx_word' id='word_1_101' title='bbox 250 1143 337 1173; x_wconf 91' lang='lat' dir='ltr'>non</span> <span class='ocrx_word' id='word_1_102' title='bbox 375 1125 539 1172; x_wconf 88' lang='lat' dir='ltr'>habeat</span> <span class='ocrx_word' id='word_1_103' title='bbox 571 1125 635 1171; x_wconf 92' lang='lat' dir='ltr'>uti</span> <span class='ocrx_word' id='word_1_104' title='bbox 668 1124 854 1172; x_wconf 87' lang='lat' dir='ltr'>stolidas</span> <span class='ocrx_word' id='word_1_105' title='bbox 885 1124 1079 1188; x_wconf 87' lang='lat' dir='ltr'>pecudes</span> <span class='ocrx_word' id='word_1_106' title='bbox 1106 1124 1231 1180; x_wconf 87' lang='lat' dir='ltr'>illas,</span> <span class='ocrx_word' id='word_1_107' title='bbox 1259 1142 1374 1188; x_wconf 89' lang='lat' dir='ltr'>quae</span> <span class='ocrx_word' id='word_1_108' title='bbox 1398 1143 1499 1172; x_wconf 88' lang='lat' dir='ltr'>cum</span> <span class='ocrx_word' id='word_1_109' title='bbox 1522 1125 1588 1171; x_wconf 90' lang='lat' dir='ltr'>vi-</span> 
     </span>
     <span class='ocr_line' id='line_1_14' title="bbox 111 1201 1588 1267; baseline -0.001 -17"><span class='ocrx_word' id='word_1_110' title='bbox 111 1203 257 1250; x_wconf 83' lang='lat' dir='ltr'>derint</span> <span class='ocrx_word' id='word_1_111' title='bbox 294 1202 511 1267; x_wconf 87' lang='lat' dir='ltr'>pecudem</span> <span class='ocrx_word' id='word_1_112' title='bbox 548 1202 737 1266; x_wconf 89' lang='lat' dir='ltr'>primam</span> <span class='ocrx_word' id='word_1_113' title='bbox 775 1202 818 1247; x_wconf 92' lang='lat' dir='ltr'>in</span> <span class='ocrx_word' id='word_1_114' title='bbox 854 1201 1067 1265; x_wconf 87' lang='lat' dir='ltr'>abyssum</span> <span class='ocrx_word' id='word_1_115' title='bbox 1105 1218 1153 1247; x_wconf 93' lang='lat' dir='ltr'>se</span> <span class='ocrx_word' id='word_1_116' title='bbox 1187 1201 1429 1265; x_wconf 84' lang='lat' dir='ltr'>proiicere,</span> <span class='ocrx_word' id='word_1_117' title='bbox 1469 1201 1588 1248; x_wconf 89' lang='lat' dir='ltr'>illico</span> 
     </span>
     <span class='ocr_line' id='line_1_15' title="bbox 114 1276 1588 1343; baseline -0.001 -18"><span class='ocrx_word' id='word_1_118' title='bbox 114 1278 234 1326; x_wconf 90' lang='lat' dir='ltr'>illam</span> <span class='ocrx_word' id='word_1_119' title='bbox 277 1289 553 1343; x_wconf 89' lang='lat' dir='ltr'>sequuntur,</span> <span class='ocrx_word' id='word_1_120' title='bbox 593 1295 645 1324; x_wconf 88' lang='lat' dir='ltr'>ac</span> <span class='ocrx_word' id='word_1_121' title='bbox 679 1277 867 1342; x_wconf 87' lang='lat' dir='ltr'>proinde</span> <span class='ocrx_word' id='word_1_122' title='bbox 902 1295 950 1324; x_wconf 87' lang='lat' dir='ltr'>se</span> <span class='ocrx_word' id='word_1_123' title='bbox 984 1276 1236 1324; x_wconf 76' lang='lat' dir='ltr'>collidunt?</span> <span class='ocrx_word' id='word_1_124' title='bbox 1273 1278 1392 1324; x_wconf 80' lang='lat' dir='ltr'>{dem</span> <span class='ocrx_word' id='word_1_125' title='bbox 1427 1278 1500 1324; x_wconf 91' lang='lat' dir='ltr'>dic</span> <span class='ocrx_word' id='word_1_126' title='bbox 1532 1278 1588 1324; x_wconf 90' lang='lat' dir='ltr'>de</span> 
     </span>
     <span class='ocr_line' id='line_1_16' title="bbox 113 1353 1589 1421; baseline 0 -20"><span class='ocrx_word' id='word_1_127' title='bbox 113 1356 186 1412; x_wconf 91' lang='lat' dir='ltr'>iis,</span> <span class='ocrx_word' id='word_1_128' title='bbox 215 1355 293 1421; x_wconf 89' lang='lat' dir='ltr'>qui</span> <span class='ocrx_word' id='word_1_129' title='bbox 318 1355 654 1418; x_wconf 75' lang='lat' dir='ltr'>indignarentur</span> <span class='ocrx_word' id='word_1_130' title='bbox 677 1354 721 1400; x_wconf 90' lang='lat' dir='ltr'>in</span> <span class='ocrx_word' id='word_1_131' title='bbox 747 1353 872 1409; x_wconf 85' lang='lat' dir='ltr'>illos,</span> <span class='ocrx_word' id='word_1_132' title='bbox 901 1354 976 1418; x_wconf 91' lang='lat' dir='ltr'>qui</span> <span class='ocrx_word' id='word_1_133' title='bbox 1001 1354 1057 1400; x_wconf 87' lang='lat' dir='ltr'>de</span> <span class='ocrx_word' id='word_1_134' title='bbox 1087 1353 1281 1418; x_wconf 85' lang='lat' dir='ltr'>periculo</span> <span class='ocrx_word' id='word_1_135' title='bbox 1317 1355 1439 1417; x_wconf 88' lang='lat' dir='ltr'>ipsos</span> <span class='ocrx_word' id='word_1_136' title='bbox 1474 1371 1589 1401; x_wconf 84' lang='lat' dir='ltr'>com-</span> 
     </span>
     <span class='ocr_line' id='line_1_17' title="bbox 113 1432 455 1479; baseline -0.003 -1"><span class='ocrx_word' id='word_1_137' title='bbox 113 1432 455 1479; x_wconf 88' lang='lat' dir='ltr'>monefacerent.</span> 
     </span>
    </p>

    <p class='ocr_par' dir='ltr' id='par_1_3' title="bbox 114 1506 1592 2259">
     <span class='ocr_line' id='line_1_18' title="bbox 211 1506 1588 1572; baseline 0 -18"><span class='ocrx_word' id='word_1_138' title='bbox 211 1508 330 1556; x_wconf 86' lang='lat' dir='ltr'>Talis</span> <span class='ocrx_word' id='word_1_139' title='bbox 357 1525 487 1572; x_wconf 89' lang='lat' dir='ltr'>porro</span> <span class='ocrx_word' id='word_1_140' title='bbox 514 1518 582 1555; x_wconf 87' lang='lat' dir='ltr'>est</span> <span class='ocrx_word' id='word_1_141' title='bbox 612 1506 679 1554; x_wconf 81' lang='lat' dir='ltr'>lex</span> <span class='ocrx_word' id='word_1_142' title='bbox 703 1507 759 1554; x_wconf 92' lang='lat' dir='ltr'>de</span> <span class='ocrx_word' id='word_1_143' title='bbox 782 1507 1001 1569; x_wconf 87' lang='lat' dir='ltr'>coniugiis</span> <span class='ocrx_word' id='word_1_144' title='bbox 1038 1525 1158 1555; x_wconf 88' lang='lat' dir='ltr'>mere</span> <span class='ocrx_word' id='word_1_145' title='bbox 1193 1508 1425 1562; x_wconf 87' lang='lat' dir='ltr'>civilibus,</span> <span class='ocrx_word' id='word_1_146' title='bbox 1454 1525 1588 1572; x_wconf 88' lang='lat' dir='ltr'>quam</span> 
     </span>
     <span class='ocr_line' id='line_1_19' title="bbox 114 1584 1589 1648; baseline 0.001 -18"><span class='ocrx_word' id='word_1_147' title='bbox 114 1585 330 1632; x_wconf 86' lang='lat' dir='ltr'>hactenus</span> <span class='ocrx_word' id='word_1_148' title='bbox 353 1584 627 1632; x_wconf 88' lang='lat' dir='ltr'>ostendimus</span> <span class='ocrx_word' id='word_1_149' title='bbox 653 1584 1001 1648; x_wconf 87' lang='lat' dir='ltr'>protestantismi</span> <span class='ocrx_word' id='word_1_150' title='bbox 1029 1584 1258 1631; x_wconf 90' lang='lat' dir='ltr'>inventum</span> <span class='ocrx_word' id='word_1_151' title='bbox 1276 1622 1286 1640; x_wconf 91' lang='lat'>,</span> <span class='ocrx_word' id='word_1_152' title='bbox 1310 1584 1514 1648; x_wconf 88' lang='lat' dir='ltr'>publicae</span> <span class='ocrx_word' id='word_1_153' title='bbox 1538 1601 1589 1631; x_wconf 86' lang='lat' dir='ltr'>ac</span> 
     </span>
     <span class='ocr_line' id='line_1_20' title="bbox 116 1659 1590 1725; baseline 0 -19"><span class='ocrx_word' id='word_1_154' title='bbox 116 1661 310 1725; x_wconf 88' lang='lat' dir='ltr'>privatae</span> <span class='ocrx_word' id='word_1_155' title='bbox 343 1660 563 1707; x_wconf 88' lang='lat' dir='ltr'>honestati</span> <span class='ocrx_word' id='word_1_156' title='bbox 591 1660 882 1714; x_wconf 87' lang='lat' dir='ltr'>contrariam,</span> <span class='ocrx_word' id='word_1_157' title='bbox 913 1659 1108 1706; x_wconf 85' lang='lat' dir='ltr'>familiae</span> <span class='ocrx_word' id='word_1_158' title='bbox 1133 1660 1451 1725; x_wconf 87' lang='lat' dir='ltr'>societatisque</span> <span class='ocrx_word' id='word_1_159' title='bbox 1474 1660 1590 1707; x_wconf 86' lang='lat' dir='ltr'>bono</span> 
     </span>
     <span class='ocr_line' id='line_1_21' title="bbox 116 1735 1592 1800; baseline -0.001 -18"><span class='ocrx_word' id='word_1_160' title='bbox 116 1736 348 1783; x_wconf 85' lang='lat' dir='ltr'>adversam</span> <span class='ocrx_word' id='word_1_161' title='bbox 374 1775 382 1792; x_wconf 95' lang='lat'>,</span> <span class='ocrx_word' id='word_1_162' title='bbox 423 1735 625 1800; x_wconf 88' lang='lat' dir='ltr'>impiam,</span> <span class='ocrx_word' id='word_1_163' title='bbox 664 1736 938 1800; x_wconf 78' lang='lat' dir='ltr'>tyrannicam</span> <span class='ocrx_word' id='word_1_164' title='bbox 957 1773 966 1791; x_wconf 97' lang='lat'>,</span> <span class='ocrx_word' id='word_1_165' title='bbox 1008 1736 1211 1798; x_wconf 81' lang='lat' dir='ltr'>religioni</span> <span class='ocrx_word' id='word_1_166' title='bbox 1238 1736 1481 1783; x_wconf 88' lang='lat' dir='ltr'>catholicae</span> <span class='ocrx_word' id='word_1_167' title='bbox 1506 1736 1592 1781; x_wconf 91' lang='lat' dir='ltr'>ini-</span> 
     </span>
     <span class='ocr_line' id='line_1_22' title="bbox 116 1811 1591 1876; baseline -0.002 -16"><span class='ocrx_word' id='word_1_168' title='bbox 116 1813 273 1860; x_wconf 88' lang='lat' dir='ltr'>micam</span> <span class='ocrx_word' id='word_1_169' title='bbox 296 1851 306 1868; x_wconf 93' lang='lat'>,</span> <span class='ocrx_word' id='word_1_170' title='bbox 345 1830 396 1859; x_wconf 92' lang='lat' dir='ltr'>ac</span> <span class='ocrx_word' id='word_1_171' title='bbox 430 1812 624 1876; x_wconf 91' lang='lat' dir='ltr'>denique</span> <span class='ocrx_word' id='word_1_172' title='bbox 659 1811 743 1858; x_wconf 90' lang='lat' dir='ltr'>sub</span> <span class='ocrx_word' id='word_1_173' title='bbox 777 1812 896 1858; x_wconf 90' lang='lat' dir='ltr'>omni</span> <span class='ocrx_word' id='word_1_174' title='bbox 939 1823 1142 1876; x_wconf 84' lang='lat' dir='ltr'>respectu</span> <span class='ocrx_word' id='word_1_175' title='bbox 1187 1812 1365 1859; x_wconf 84' lang='lat' dir='ltr'>noxiam</span> <span class='ocrx_word' id='word_1_176' title='bbox 1400 1823 1444 1859; x_wconf 90' lang='lat' dir='ltr'>et</span> <span class='ocrx_word' id='word_1_177' title='bbox 1476 1812 1591 1859; x_wconf 88' lang='lat' dir='ltr'>anti-</span> 
     </span>
     <span class='ocr_line' id='line_1_23' title="bbox 117 1888 1589 1954; baseline -0.001 -19"><span class='ocrx_word' id='word_1_178' title='bbox 117 1888 357 1952; x_wconf 89' lang='lat' dir='ltr'>politicam.</span> <span class='ocrx_word' id='word_1_179' title='bbox 401 1888 524 1944; x_wconf 86' lang='lat' dir='ltr'>Quae</span> <span class='ocrx_word' id='word_1_180' title='bbox 564 1905 663 1934; x_wconf 89' lang='lat' dir='ltr'>cum</span> <span class='ocrx_word' id='word_1_181' title='bbox 706 1888 766 1934; x_wconf 93' lang='lat' dir='ltr'>ita</span> <span class='ocrx_word' id='word_1_182' title='bbox 807 1888 895 1943; x_wconf 90' lang='lat' dir='ltr'>sit,</span> <span class='ocrx_word' id='word_1_183' title='bbox 935 1888 1094 1952; x_wconf 88' lang='lat' dir='ltr'>ecquid</span> <span class='ocrx_word' id='word_1_184' title='bbox 1140 1889 1308 1935; x_wconf 84' lang='lat' dir='ltr'>confert</span> <span class='ocrx_word' id='word_1_185' title='bbox 1341 1888 1589 1954; x_wconf 85' lang='lat' dir='ltr'>exemplum</span> 
     </span>
     <span class='ocr_line' id='line_1_24' title="bbox 117 1964 1592 2028; baseline 0.001 -16"><span class='ocrx_word' id='word_1_186' title='bbox 117 1966 211 2012; x_wconf 87' lang='lat' dir='ltr'>sive</span> <span class='ocrx_word' id='word_1_187' title='bbox 244 1964 431 2028; x_wconf 83' lang='lat' dir='ltr'>gallicae</span> <span class='ocrx_word' id='word_1_188' title='bbox 467 1965 559 2012; x_wconf 89' lang='lat' dir='ltr'>sive</span> <span class='ocrx_word' id='word_1_189' title='bbox 599 1964 798 2027; x_wconf 79' lang='lat' dir='ltr'>belgicae</span> <span class='ocrx_word' id='word_1_190' title='bbox 843 1964 1139 2027; x_wconf 81' lang='lat' dir='ltr'>legislationis</span> <span class='ocrx_word' id='word_1_191' title='bbox 1176 1965 1232 2011; x_wconf 89' lang='lat' dir='ltr'>ad</span> <span class='ocrx_word' id='word_1_192' title='bbox 1267 1982 1363 2012; x_wconf 88' lang='lat' dir='ltr'>eam</span> <span class='ocrx_word' id='word_1_193' title='bbox 1398 1964 1592 2013; x_wconf 87' lang='lat' dir='ltr'>cohone-</span> 
     </span>
     <span class='ocr_line' id='line_1_25' title="bbox 116 2041 1592 2105; baseline -0.001 -16"><span class='ocrx_word' id='word_1_194' title='bbox 116 2041 360 2089; x_wconf 78' lang='lat' dir='ltr'>standam?</span> <span class='ocrx_word' id='word_1_195' title='bbox 384 2042 427 2087; x_wconf 86' lang='lat' dir='ltr'>Si</span> <span class='ocrx_word' id='word_1_196' title='bbox 453 2041 681 2104; x_wconf 86' lang='lat' dir='ltr'>regionum</span> <span class='ocrx_word' id='word_1_197' title='bbox 706 2041 879 2087; x_wconf 88' lang='lat' dir='ltr'>illarum</span> <span class='ocrx_word' id='word_1_198' title='bbox 916 2041 1282 2105; x_wconf 87' lang='lat' dir='ltr'>pseudo-politici</span> <span class='ocrx_word' id='word_1_199' title='bbox 1308 2041 1501 2104; x_wconf 85' lang='lat' dir='ltr'>graviter</span> <span class='ocrx_word' id='word_1_200' title='bbox 1522 2059 1592 2088; x_wconf 90' lang='lat' dir='ltr'>er-</span> 
     </span>
     <span class='ocr_line' id='line_1_26' title="bbox 117 2117 1589 2183; baseline 0.001 -19"><span class='ocrx_word' id='word_1_201' title='bbox 117 2129 268 2165; x_wconf 89' lang='lat' dir='ltr'>rarunt</span> <span class='ocrx_word' id='word_1_202' title='bbox 302 2135 399 2165; x_wconf 90' lang='lat' dir='ltr'>eam</span> <span class='ocrx_word' id='word_1_203' title='bbox 435 2118 710 2183; x_wconf 87' lang='lat' dir='ltr'>adoptando,</span> <span class='ocrx_word' id='word_1_204' title='bbox 750 2117 924 2165; x_wconf 90' lang='lat' dir='ltr'>illorum</span> <span class='ocrx_word' id='word_1_205' title='bbox 959 2135 1080 2165; x_wconf 83' lang='lat' dir='ltr'>error</span> <span class='ocrx_word' id='word_1_206' title='bbox 1114 2135 1400 2182; x_wconf 87' lang='lat' dir='ltr'>praemonere</span> <span class='ocrx_word' id='word_1_207' title='bbox 1440 2118 1589 2182; x_wconf 89' lang='lat' dir='ltr'>potius</span> 
     </span>
     <span class='ocr_line' id='line_1_27' title="bbox 115 2194 1454 2259; baseline 0 -19"><span class='ocrx_word' id='word_1_208' title='bbox 115 2195 246 2242; x_wconf 89' lang='lat' dir='ltr'>dehet</span> <span class='ocrx_word' id='word_1_209' title='bbox 278 2195 516 2259; x_wconf 87' lang='lat' dir='ltr'>prudentes</span> <span class='ocrx_word' id='word_1_210' title='bbox 552 2194 853 2257; x_wconf 80' lang='lat' dir='ltr'>legislatores,</span> <span class='ocrx_word' id='word_1_211' title='bbox 892 2205 940 2240; x_wconf 95' lang='lat' dir='ltr'>ut</span> <span class='ocrx_word' id='word_1_212' title='bbox 974 2194 1030 2240; x_wconf 87' lang='lat' dir='ltr'>ab</span> <span class='ocrx_word' id='word_1_213' title='bbox 1065 2194 1219 2241; x_wconf 90' lang='lat' dir='ltr'>eodem</span> <span class='ocrx_word' id='word_1_214' title='bbox 1255 2205 1454 2241; x_wconf 86' lang='lat' dir='ltr'>caveant.</span> 
     </span>
    </p>

    <p class='ocr_par' dir='ltr' id='par_1_4' title="bbox 113 2269 1591 2488">
     <span class='ocr_line' id='line_1_28' title="bbox 213 2269 1591 2336; baseline 0 -18"><span class='ocrx_word' id='word_1_215' title='bbox 213 2271 415 2326; x_wconf 88' lang='lat' dir='ltr'>Accedit,</span> <span class='ocrx_word' id='word_1_216' title='bbox 453 2272 572 2336; x_wconf 92' lang='lat' dir='ltr'>quod</span> <span class='ocrx_word' id='word_1_217' title='bbox 608 2270 827 2333; x_wconf 80' lang='lat' dir='ltr'>legislatio</span> <span class='ocrx_word' id='word_1_218' title='bbox 872 2269 1031 2333; x_wconf 85' lang='lat' dir='ltr'>gallica</span> <span class='ocrx_word' id='word_1_219' title='bbox 1075 2270 1216 2334; x_wconf 90' lang='lat' dir='ltr'>legem</span> <span class='ocrx_word' id='word_1_220' title='bbox 1252 2271 1371 2318; x_wconf 88' lang='lat' dir='ltr'>hanc</span> <span class='ocrx_word' id='word_1_221' title='bbox 1406 2271 1591 2336; x_wconf 90' lang='lat' dir='ltr'>adopta—</span> 
     </span>
     <span class='ocr_line' id='line_1_29' title="bbox 113 2347 1589 2396; baseline 0.001 -3"><span class='ocrx_word' id='word_1_222' title='bbox 113 2348 226 2395; x_wconf 85' lang='lat' dir='ltr'>verit</span> <span class='ocrx_word' id='word_1_223' title='bbox 252 2365 350 2396; x_wconf 89' lang='lat' dir='ltr'>cum</span> <span class='ocrx_word' id='word_1_224' title='bbox 386 2349 603 2395; x_wconf 79' lang='lat' dir='ltr'>ferverent</span> <span class='ocrx_word' id='word_1_225' title='bbox 635 2347 790 2394; x_wconf 91' lang='lat' dir='ltr'>civiles</span> <span class='ocrx_word' id='word_1_226' title='bbox 824 2357 968 2395; x_wconf 92' lang='lat' dir='ltr'>motus</span> <span class='ocrx_word' id='word_1_227' title='bbox 992 2365 1044 2395; x_wconf 90' lang='lat' dir='ltr'>ac</span> <span class='ocrx_word' id='word_1_228' title='bbox 1069 2348 1316 2395; x_wconf 89' lang='lat' dir='ltr'>seditiones</span> <span class='ocrx_word' id='word_1_229' title='bbox 1345 2348 1430 2395; x_wconf 88' lang='lat' dir='ltr'>suh</span> <span class='ocrx_word' id='word_1_230' title='bbox 1455 2348 1589 2395; x_wconf 87' lang='lat' dir='ltr'>finem</span> 
     </span>
     <span class='ocr_line' id='line_1_30' title="bbox 114 2423 1589 2488; baseline 0.001 -18"><span class='ocrx_word' id='word_1_231' title='bbox 114 2423 253 2488; x_wconf 81' lang='lat' dir='ltr'>elapsi</span> <span class='ocrx_word' id='word_1_232' title='bbox 280 2424 445 2472; x_wconf 88' lang='lat' dir='ltr'>saeculi</span> <span class='ocrx_word' id='word_1_233' title='bbox 475 2425 590 2485; x_wconf 83' lang='lat'>(57),</span> <span class='ocrx_word' id='word_1_234' title='bbox 620 2440 721 2470; x_wconf 91' lang='lat' dir='ltr'>cum</span> <span class='ocrx_word' id='word_1_235' title='bbox 746 2424 896 2471; x_wconf 91' lang='lat' dir='ltr'>omnia</span> <span class='ocrx_word' id='word_1_236' title='bbox 919 2423 1115 2471; x_wconf 90' lang='lat' dir='ltr'>humana</span> <span class='ocrx_word' id='word_1_237' title='bbox 1133 2441 1187 2471; x_wconf 90' lang='lat' dir='ltr'>ac</span> <span class='ocrx_word' id='word_1_238' title='bbox 1206 2424 1366 2471; x_wconf 90' lang='lat' dir='ltr'>divina</span> <span class='ocrx_word' id='word_1_239' title='bbox 1391 2424 1487 2471; x_wconf 89' lang='lat' dir='ltr'>iura</span> <span class='ocrx_word' id='word_1_240' title='bbox 1513 2425 1589 2471; x_wconf 89' lang='lat' dir='ltr'>sus</span> 
     </span>
    </p>
   </div>
   <div class='ocr_carea' id='block_1_3' title="bbox 110 2564 1594 2767">
    <p class='ocr_par' dir='ltr' id='par_1_5' title="bbox 110 2564 1594 2767">
     <span class='ocr_line' id='line_1_31' title="bbox 209 2564 1594 2607; baseline 0.001 -11"><span class='ocrx_word' id='word_1_241' title='bbox 209 2566 275 2606; x_wconf 85' lang='lat'>(57)</span> <span class='ocrx_word' id='word_1_242' title='bbox 297 2565 348 2598; x_wconf 86' lang='lat' dir='ltr'>ct&#39;.</span> <span class='ocrx_word' id='word_1_243' title='bbox 374 2567 434 2597; x_wconf 83' lang='lat' dir='ltr'>Les</span> <span class='ocrx_word' id='word_1_244' title='bbox 454 2565 553 2597; x_wconf 80' lang='lat' dir='ltr'>codes</span> <span class='ocrx_word' id='word_1_245' title='bbox 571 2564 736 2604; x_wconf 73' lang='lat' dir='ltr'>franceis</span> <span class='ocrx_word' id='word_1_246' title='bbox 756 2565 958 2598; x_wconf 70' lang='lat' dir='ltr'>collationes</span> <span class='ocrx_word' id='word_1_247' title='bbox 973 2574 1037 2597; x_wconf 83' lang='lat' dir='ltr'>sur</span> <span class='ocrx_word' id='word_1_248' title='bbox 1055 2565 1103 2597; x_wconf 84' lang='lat' dir='ltr'>les</span> <span class='ocrx_word' id='word_1_249' title='bbox 1120 2567 1230 2598; x_wconf 76' lang='lat' dir='ltr'>textes</span> <span class='ocrx_word' id='word_1_250' title='bbox 1255 2564 1404 2606; x_wconf 75' lang='lat' dir='ltr'>officiels</span> <span class='ocrx_word' id='word_1_251' title='bbox 1422 2574 1481 2607; x_wconf 82' lang='lat' dir='ltr'>par</span> <span class='ocrx_word' id='word_1_252' title='bbox 1494 2565 1594 2598; x_wconf 80' lang='lat' dir='ltr'>Louis</span> 
     </span>
     <span class='ocr_line' id='line_1_32' title="bbox 116 2618 1592 2660; baseline 0.001 -11"><span class='ocrx_word' id='word_1_253' title='bbox 116 2618 253 2658; x_wconf 79' lang='lat' dir='ltr'>Tripier.</span> <span class='ocrx_word' id='word_1_254' title='bbox 271 2619 362 2651; x_wconf 79' lang='lat' dir='ltr'>Paris</span> <span class='ocrx_word' id='word_1_255' title='bbox 377 2621 466 2652; x_wconf 68' lang='lat'><strong>1854.</strong></span> <span class='ocrx_word' id='word_1_256' title='bbox 484 2618 528 2650; x_wconf 85' lang='lat' dir='ltr'>ibi</span> <span class='ocrx_word' id='word_1_257' title='bbox 545 2619 601 2651; x_wconf 81' lang='lat' dir='ltr'>liv.</span> <span class='ocrx_word' id='word_1_258' title='bbox 620 2624 646 2651; x_wconf 80' lang='lat' dir='ltr'>t.</span> <span class='ocrx_word' id='word_1_259' title='bbox 661 2619 748 2651; x_wconf 75' lang='lat' dir='ltr'>‘titre</span> <span class='ocrx_word' id='word_1_260' title='bbox 762 2619 945 2660; x_wconf 81' lang='lat' dir='ltr'>cinquieme</span> <span class='ocrx_word' id='word_1_261' title='bbox 958 2618 1008 2652; x_wconf 81' lang='lat' dir='ltr'>du</span> <span class='ocrx_word' id='word_1_262' title='bbox 1023 2621 1177 2660; x_wconf 70' lang='grc' dir='ltr'>ηιανὶαςε</span> <span class='ocrx_word' id='word_1_263' title='bbox 1190 2619 1343 2652; x_wconf 81' lang='lat' dir='ltr'>habetur:</span> <span class='ocrx_word' id='word_1_264' title='bbox 1359 2621 1592 2653; x_wconf 67' lang='lat' dir='ltr'>constitution</span> 
     </span>
     <span class='ocr_line' id='line_1_33' title="bbox 110 2670 1591 2715; baseline 0.003 -13"><span class='ocrx_word' id='word_1_265' title='bbox 110 2670 292 2711; x_wconf 68' lang='lat' dir='ltr'>francaise</span> <span class='ocrx_word' id='word_1_266' title='bbox 306 2671 350 2704; x_wconf 92' lang='lat' dir='ltr'>du</span> <span class='ocrx_word' id='word_1_267' title='bbox 367 2675 446 2704; x_wconf 59' lang='lat'>544.</span> <span class='ocrx_word' id='word_1_268' title='bbox 462 2674 549 2713; x_wconf 82' lang='lat' dir='ltr'>Sept.</span> <span class='ocrx_word' id='word_1_269' title='bbox 566 2675 654 2704; x_wconf 78' lang='grc'><strong>1781.</strong></span> <span class='ocrx_word' id='word_1_270' title='bbox 669 2673 738 2704; x_wconf 77' lang='lat' dir='ltr'>titt.</span> <span class='ocrx_word' id='word_1_271' title='bbox 754 2674 765 2703; x_wconf 89' lang='grc' dir='ltr'>Ι</span> <span class='ocrx_word' id='word_1_272' title='bbox 797 2685 812 2700; x_wconf 72' lang='grc' dir='ltr'>ιι</span> <span class='ocrx_word' id='word_1_273' title='bbox 830 2675 873 2705; x_wconf 84' lang='lat' dir='ltr'>La</span> <span class='ocrx_word' id='word_1_274' title='bbox 891 2673 933 2704; x_wconf 81' lang='grc' dir='ltr'>Ιοί</span> <span class='ocrx_word' id='word_1_275' title='bbox 947 2681 987 2704; x_wconf 87' lang='lat' dir='ltr'>ne</span> <span class='ocrx_word' id='word_1_276' title='bbox 1001 2673 1169 2706; x_wconf 76' lang='lat' dir='ltr'>considere</span> <span class='ocrx_word' id='word_1_277' title='bbox 1185 2674 1214 2706; x_wconf 79' lang='lat' dir='ltr'>le</span> <span class='ocrx_word' id='word_1_278' title='bbox 1229 2673 1370 2714; x_wconf 80' lang='lat' dir='ltr'>mariage</span> <span class='ocrx_word' id='word_1_279' title='bbox 1385 2682 1450 2715; x_wconf 82' lang='lat' dir='ltr'>que</span> <span class='ocrx_word' id='word_1_280' title='bbox 1463 2682 1591 2706; x_wconf 77' lang='lat' dir='ltr'>comme</span> 
     </span>
     <span class='ocr_line' id='line_1_34' title="bbox 114 2724 1593 2767; baseline 0.003 -13"><span class='ocrx_word' id='word_1_281' title='bbox 114 2725 259 2756; x_wconf 82' lang='lat' dir='ltr'>contract</span> <span class='ocrx_word' id='word_1_282' title='bbox 273 2724 383 2756; x_wconf 56' lang='lat' dir='ltr'>civita·</span> <span class='ocrx_word' id='word_1_283' title='bbox 396 2724 499 2766; x_wconf 81' lang='lat' dir='ltr'>Chap.</span> <span class='ocrx_word' id='word_1_284' title='bbox 514 2727 554 2757; x_wconf 87' lang='lat'>11.</span> <span class='ocrx_word' id='word_1_285' title='bbox 569 2727 633 2758; x_wconf 83' lang='lat' dir='ltr'>Des</span> <span class='ocrx_word' id='word_1_286' title='bbox 647 2725 824 2757; x_wconf 73' lang='lat' dir='ltr'>formantes</span> <span class='ocrx_word' id='word_1_287' title='bbox 838 2725 857 2757; x_wconf 67' lang='lat' dir='ltr'>a</span> <span class='ocrx_word' id='word_1_288' title='bbox 871 2725 901 2757; x_wconf 84' lang='lat' dir='ltr'>la</span> <span class='ocrx_word' id='word_1_289' title='bbox 916 2725 1066 2758; x_wconf 72' lang='lat' dir='ltr'>celebrat.</span> <span class='ocrx_word' id='word_1_290' title='bbox 1079 2725 1123 2757; x_wconf 87' lang='lat' dir='ltr'>du</span> <span class='ocrx_word' id='word_1_291' title='bbox 1135 2727 1276 2767; x_wconf 80' lang='lat' dir='ltr'>maringe</span> <span class='ocrx_word' id='word_1_292' title='bbox 1290 2729 1351 2759; x_wconf 81' lang='lat' dir='ltr'>art.</span> <span class='ocrx_word' id='word_1_293' title='bbox 1366 2731 1433 2759; x_wconf 75' lang='lat'>165.</span> <span class='ocrx_word' id='word_1_294' title='bbox 1448 2740 1464 2754; x_wconf 72' lang='grc' dir='ltr'>«ι</span> <span class='ocrx_word' id='word_1_295' title='bbox 1474 2728 1518 2760; x_wconf 81' lang='lat' dir='ltr'>Le</span> <span class='ocrx_word' id='word_1_296' title='bbox 1528 2735 1593 2758; x_wconf 86' lang='lat' dir='ltr'>ma·</span> 
     </span>
    </p>
   </div>
   <div class='ocr_carea' id='block_1_4' title="bbox 114 2777 1594 2870">
    <p class='ocr_par' dir='ltr' id='par_1_6' title="bbox 114 2777 1594 2870">
     <span class='ocr_line' id='line_1_35' title="bbox 114 2777 1594 2819; baseline 0.001 -11"><span class='ocrx_word' id='word_1_297' title='bbox 114 2777 199 2816; x_wconf 73' lang='lat' dir='ltr'>tinge</span> <span class='ocrx_word' id='word_1_298' title='bbox 224 2785 295 2812; x_wconf 76' lang='lat' dir='ltr'>sera</span> <span class='ocrx_word' id='word_1_299' title='bbox 317 2777 442 2810; x_wconf 69' lang='lat' dir='ltr'>celebre</span> <span class='ocrx_word' id='word_1_300' title='bbox 467 2778 712 2819; x_wconf 78' lang='lat' dir='ltr'>publiqueinent</span> <span class='ocrx_word' id='word_1_301' title='bbox 739 2779 859 2811; x_wconf 79' lang='lat' dir='ltr'>devant</span> <span class='ocrx_word' id='word_1_302' title='bbox 887 2778 1031 2811; x_wconf 70' lang='lat' dir='ltr'>rofficier</span> <span class='ocrx_word' id='word_1_303' title='bbox 1046 2779 1123 2812; x_wconf 80' lang='lat' dir='ltr'>civil</span> <span class='ocrx_word' id='word_1_304' title='bbox 1137 2780 1180 2811; x_wconf 90' lang='lat' dir='ltr'>du</span> <span class='ocrx_word' id='word_1_305' title='bbox 1197 2779 1350 2814; x_wconf 76' lang='lat' dir='ltr'>domicile</span> <span class='ocrx_word' id='word_1_306' title='bbox 1364 2780 1405 2812; x_wconf 85' lang='lat' dir='ltr'>de</span> <span class='ocrx_word' id='word_1_307' title='bbox 1427 2780 1512 2813; x_wconf 82' lang='lat' dir='ltr'>l&#39;une</span> <span class='ocrx_word' id='word_1_308' title='bbox 1536 2780 1594 2812; x_wconf 71' lang='lat' dir='ltr'>des</span> 
     </span>
     <span class='ocr_line' id='line_1_36' title="bbox 116 2828 378 2870; baseline 0.004 -10"><span class='ocrx_word' id='word_1_309' title='bbox 116 2828 198 2861; x_wconf 76' lang='lat' dir='ltr'>deux</span> <span class='ocrx_word' id='word_1_310' title='bbox 228 2829 378 2870; x_wconf 53' lang='lat' dir='ltr'>parties„</span> 
     </span>
    </p>
   </div>
  </div>
 </body>
</html>
