1918 3186
429 199 518 229 cn.
543 199 572 230 1.
598 199 648 230 me
675 199 848 230 unum.
882 198 1029 230 civius
1062 198 1242 230 unum.
1270 199 1363 231 Λ1ιτ.
1395 199 1422 229 1.
1570 183 1658 228 213

184 277 484 324 ecclesiastico
519 287 776 332 arceantur,
811 292 890 322 seu
926 293 1138 323 accusare
1171 287 1214 322 et
1247 276 1472 323 testificari
1508 276 1662 340 prohi-

185 354 372 400 beantur
416 354 532 414 (13).
573 351 718 398 Altera
751 368 922 415 poena,
975 351 1018 396 in
1066 369 1199 416 quam
1236 352 1420 417 insuper
1453 351 1661 400 concubi-

185 430 297 476 narii
333 428 497 494 publici
543 426 752 473 labuntur
790 443 841 473 ea
883 437 981 481 est,
1020 427 1137 490 quod
1174 428 1212 474 si
1256 446 1307 475 ex
1344 429 1428 475 hac
1460 429 1552 476 vita
1584 428 1660 476 de—

183 505 341 552 cedant
382 504 427 549 in
472 502 790 558 concubinatu,
832 501 953 549 nullo
1003 502 1107 550 dato
1159 505 1455 567 poenitentiae
1500 505 1654 569 signo,

182 597 331 627 carere
363 578 553 625 debeant
575 577 877 625 ecclesiastica
901 577 1150 642 sepultura,
1179 596 1247 635 ac,
1277 580 1315 626 si
1343 580 1387 625 in
1413 580 1508 628 loco
1531 597 1659 628 sacro

182 655 343 703 fuerint
376 654 553 720 sepulti,
593 654 824 701 exhumari
860 653 1071 709 debeant,
1106 655 1217 701 etin
1242 655 1388 702 locum
1424 657 1657 720 profanum

181 731 314 779 abiici
355 733 471 793 (14).
505 732 754 795 Numquam
790 730 924 794 igitur
958 748 984 778 a
1018 730 1313 778 concubinatu
1348 732 1537 780 ecclesia
1572 750 1657 780 non

180 808 410 856 abhorruit
431 808 441 854 1

275 884 456 932 Accedit
490 885 609 950 quod
644 885 864 934 eiusmodi
900 885 1202 933 concubinarii
1240 896 1465 950 tamquam
1489 886 1657 949 publici

181 972 432 1024 peccatores
469 961 645 1026 publice
681 962 771 1008 sint
794 980 820 1009 a
845 961 1149 1026 superioribus
1184 961 1502 1008 ecclesiasticis
1527 978 1658 1024 argu-

178 1037 279 1083 endi
316 1055 367 1084 ac
403 1038 558 1101 poenis
595 1037 840 1101 plectendi,
869 1048 1000 1102 prout
1034 1054 1210 1084 rursum
1235 1054 1261 1084 a
1286 1037 1528 1084 tridentino
1556 1055 1656 1084 con-

179 1113 379 1159 stitutum
416 1123 483 1160 est
512 1113 850 1177 insequentibus
874 1112 1047 1160 verbis:
1076 1112 1351 1177 «Apostolus
1377 1124 1549 1169 monet,
1575 1131 1656 1177 pu-

177 1189 291 1236 blice
325 1200 557 1254 peccantes
585 1189 729 1253 palam
755 1207 856 1236 esse
879 1189 1198 1253 corripiendos.
1225 1189 1414 1245 Quando
1440 1189 1575 1252 igitur
1599 1189 1655 1236 ab

178 1264 328 1330 aliquo
362 1264 539 1330 publice
562 1265 674 1312 etin
699 1264 935 1312 multorum
971 1275 1212 1328 conspectu
1247 1264 1413 1311 crimen
1447 1265 1656 1312 commis-

178 1358 276 1387 sum
312 1341 474 1397 fuerit,
520 1341 639 1387 unde
679 1340 790 1387 alios
826 1339 1038 1388 scandalo
1083 1339 1278 1386 offensos
1324 1350 1655 1405 commotosque

179 1416 318 1463 fuisse
352 1434 439 1464 non
476 1416 533 1463 sit
567 1415 860 1463 dubitandum
884 1454 894 1472 ,
943 1415 1049 1462 huic
1092 1415 1358 1478 condignam
1393 1433 1481 1480 pro
1522 1417 1654 1463 modo

178 1493 334 1558 culpae
358 1492 673 1557 poenitentiam
699 1491 874 1556 publice
898 1492 1070 1555 iniungi
1096 1502 1288 1557 oportet,
1311 1502 1360 1539 ut
1376 1509 1489 1556 quos
1514 1509 1654 1539 exem-

178 1568 252 1632 plo
285 1586 367 1616 suo
401 1568 456 1615 ad
492 1568 632 1616 malos
676 1586 820 1616 mores
865 1569 1144 1633 provocavit,
1185 1585 1294 1615 suae
1328 1568 1651 1616 emendationis

177 1645 425 1692 testimonio
459 1645 516 1691 ad
551 1656 714 1692 rectam
751 1656 924 1692 revocet
956 1645 1090 1692 vitam
1126 1645 1275 1707 (15).»
1299 1644 1429 1691 Haud
1455 1662 1525 1691 me
1549 1644 1654 1692 latet

177 1720 274 1769 heic
306 1721 361 1767 de
396 1721 451 1768 iis
486 1721 584 1784 agi,
623 1722 700 1786 qui
735 1721 895 1769 delicto
931 1722 1081 1786 aliquo
1115 1721 1294 1786 publice
1318 1739 1367 1769 se
1399 1739 1649 1768 commacu-

177 1797 293 1853 lant,
333 1814 520 1861 reosque
554 1797 599 1843 in
635 1809 873 1862 conspectu
908 1797 1204 1845 multitudinis
1247 1814 1296 1845 se
1336 1798 1645 1853 constituunt,

176 1872 341 1937 quibus
375 1873 555 1937 publiea
591 1873 710 1920 iuxta
745 1890 937 1921 canones
971 1873 1243 1938 poenitentia
1279 1883 1346 1920 est
1380 1872 1645 1935 infligenda;

177 1958 368 1995 attamen
401 1965 530 1995 nemo
565 1949 789 2011 negaverit
822 1948 1025 2013 publicos
1060 1948 1400 1996 concubinarios
1427 1948 1472 1993 in
1497 1964 1649 1995 eorum

175 2024 326 2071 venire
359 2041 563 2080 censum,
602 2025 678 2090 qui
715 2024 924 2072 scandalo
961 2024 1172 2089 populum
1209 2024 1436 2080 afficiunt,
1465 2023 1541 2088 qui
1572 2040 1649 2071 eos

176 2111 327 2157 notat,
372 2101 517 2165 deque
549 2118 700 2149 eorum
733 2101 910 2149 vivendi
950 2101 1118 2150 ratione
1153 2100 1440 2165 obloquitur,
1481 2099 1649 2164 quique

176 2176 340 2223 idcirco
374 2176 430 2223 ad
465 2176 723 2224 scandalum
766 2176 1063 2240 reparandum
1098 2186 1304 2223 tenentur
1346 2174 1525 2239 publica
1559 2174 1650 2222 sal-

176 2264 260 2300 tem
295 2252 630 2317 resipiscentia,
672 2253 741 2300 sin
778 2253 925 2300 minus
959 2252 1250 2300 determinata
1292 2251 1471 2316 publica
1505 2268 1647 2317 poena

175 2330 265 2377 sint
297 2329 533 2395 plectendi.

269 2406 393 2462 Quae
427 2424 526 2453 cum
569 2406 631 2453 ita
665 2424 714 2453 se
749 2406 967 2461 habeant,
1007 2406 1088 2453 rite
1123 2423 1176 2452 ex
1210 2405 1470 2470 praemissis
1505 2404 1647 2450 dedu-

174 2482 315 2529 cimus
362 2500 464 2538 eos,
505 2482 582 2546 qui
617 2480 824 2530 civilibus
864 2492 1032 2530 tantum
1056 2519 1066 2538 ‚
1104 2498 1216 2546 quas
1250 2490 1441 2538 vocant,
1464 2480 1647 2545 nuptiis

271 2648 336 2691 (13)
357 2654 436 2693 Cap.
452 2653 539 2686 Cum
554 2653 702 2686 dilectus
715 2650 1120 2691 20.Deaccusator1bus,
1146 2650 1257 2682 addita
1282 2650 1395 2682 Glossa
1420 2648 1498 2682 ibid.
1515 2650 1646 2682 Concu·

177 2702 337 2736 binarios.

274 2756 338 2795 (14)
360 2759 438 2798 Cap.
462 2760 577 2790 Sacris
603 2763 650 2790 ιο.
676 2760 724 2789 De
741 2757 867 2799 sepulc.
883 2756 1040 2789 clement.

270 2808 335 2847 (15)
357 2811 439 2842 Soss.
457 2812 568 2843 XXW.
588 2811 620 2844 iu
639 2812 769 2842 Deerat.
787 2810 829 2841 (Ie
852 2808 992 2848 reform.
1009 2818 1078 2852 cap.
1095 2813 1124 2841 8.
