1912 3180
309 188 399 236 362
573 201 653 237 un.
683 199 712 231 1.
742 198 856 231 sacr.
885 197 1058 230 ALTERA.
1087 198 1140 230 nn
1163 199 1338 232 numu.
1359 200 1519 251 elvm..

404 277 532 334 Quod
568 276 721 324 adiicit
742 275 799 322 de
822 274 1036 339 religione
1059 275 1118 323 acl
1141 277 1307 323 caelum
1340 277 1554 326 evehente
1574 290 1706 343 pacta
1729 284 1776 329 in

308 357 434 403 terris
465 355 632 408 iurata,
661 352 718 399 de
747 352 1084 400 confirmatione
1107 362 1151 399 et
1173 352 1482 401 benedictione
1515 355 1778 405 adveniente

310 433 386 489 iis,
408 447 523 496 quae
543 439 738 495 potestas
755 428 903 477 civilis
919 429 1175 485 constituit,
1203 429 1391 477 mirifice
1415 431 1534 495 quod
1552 431 1748 481 diximus
1761 472 1771 490 ‚

306 507 537 573 patefacit3
566 506 664 570 ipse
686 505 806 553 enim
830 506 1043 570 supponit
1066 504 1325 568 religionem
1349 523 1429 553 seu
1452 520 1776 557 sacramentum

307 583 502 632 accedere
525 599 606 631 seu
628 582 764 630 adiici
798 581 1042 630 contractui
1078 581 1225 637 civili,
1259 583 1387 646 quasi
1420 601 1580 648 nempe
1605 602 1683 649 per
1705 602 1778 633 so·

307 659 400 707 lum
432 669 578 707 actum
613 657 789 706 civilem
825 657 948 705 fieret
981 656 1336 714 matrimonium,
1374 668 1418 705 et
1444 669 1579 722 pacta
1609 661 1772 715 iurata,

306 746 356 784 ut
378 736 476 801 ipse
499 735 711 800 loquitur,
739 734 868 782 firma
890 750 942 780 ac
966 742 1063 780 rata
1086 749 1186 780 esse
1219 733 1318 780 sine
1350 745 1626 783 sacramento
1640 773 1651 791 ‚
1678 753 1777 783 cum

308 811 458 876 reipsa
490 811 587 858 sine
621 820 898 858 sacramento
922 807 1046 856 nulla
1071 808 1161 856 sint
1179 845 1189 865 ‚
1223 825 1303 856 seu
1334 809 1503 858 nullius
1537 810 1671 874 plane
1701 828 1780 859 va-

307 887 432 936 loris.
472 887 626 951 Itaque
661 886 815 948 religio
848 900 928 932 seu
967 895 1294 932 sacramentum
1334 885 1479 933 solum
1518 897 1618 943 est,
1659 887 1777 952 quod

309 981 414 1012 vere
451 962 679 1011 constituit
716 970 986 1009 contractum
1027 960 1305 1023 coniugalem
1323 999 1333 1018 ‚
1367 972 1411 1009 et
1445 962 1514 1009 lex
1548 962 1694 1011 civilis
1728 980 1780 1011 ea

313 1039 461 1104 reipsa
483 1049 577 1095 est,
603 1054 718 1103 quae
751 1035 923 1084 accedit
953 1036 1011 1083 ad
1044 1036 1374 1084 matrimonium
1409 1038 1498 1085 iam
1532 1038 1779 1086 consectum

309 1115 441 1180 eique
468 1116 557 1162 iam
585 1114 631 1160 in
660 1130 741 1161 suo
771 1130 871 1160 esse
905 1112 1144 1160 constituto
1176 1113 1398 1161 adiicitur.
1437 1113 1582 1179 Atque
1615 1114 1782 1163 idcirco

308 1208 336 1238 a
368 1191 506 1247 falso,
544 1189 663 1256 quod
698 1199 881 1246 vocant,
920 1188 1155 1253 supposito
1189 1189 1288 1254 ipse
1320 1189 1520 1254 procedit
1553 1207 1606 1238 ac
1646 1190 1781 1239 ratio-

307 1267 495 1315 cinatur.

404 1344 530 1390 quta
563 1342 768 1391 eumdem
801 1353 1015 1391 oratorem
1050 1342 1182 1391 debet
1214 1342 1406 1390 ecclesia
1438 1342 1599 1390 adesse
1631 1344 1777 1390 matri-

307 1420 458 1468 monio
492 1419 648 1467 eadem
681 1420 875 1476 ratione,
904 1437 993 1485 qua
1015 1418 1144 1467 adest
1168 1419 1386 1466 nativitati
1412 1435 1464 1466 ac
1488 1418 1640 1475 morti,
1669 1436 1784 1483 quae

307 1514 335 1545 a
364 1506 522 1544 natura
548 1506 679 1552 sunt,
717 1513 862 1561 neque
893 1495 949 1543 ab
981 1495 1169 1543 ecclesia
1204 1495 1423 1559 pendent,
1451 1495 1538 1542 nisi
1563 1506 1784 1559 quatenus

308 1572 410 1620 illas
441 1572 705 1620 sanctificat.
736 1572 816 1620 Ast
843 1572 1084 1637 disparitas
1109 1571 1155 1617 in
1179 1588 1231 1618 eo
1261 1581 1350 1628 est,
1379 1570 1499 1636 quod
1531 1581 1784 1619 contractus

307 1649 523 1697 naturalis
569 1649 668 1713 ipse
713 1659 890 1698 evectus
941 1648 998 1696 sit
1045 1648 1102 1695 ad
1153 1647 1416 1711 dignitatem
1470 1647 1778 1702 sacramenti,

310 1742 364 1773 ac
396 1725 442 1771 in
477 1726 578 1790 ipsa
610 1725 876 1774 sacramenti
905 1724 1139 1773 collatione
1165 1724 1240 1771 ille
1272 1723 1577 1771 tantummodo
1610 1723 1784 1786 exurgit

311 1811 445 1866 atque
469 1801 721 1866 perficitur,
754 1801 955 1865 adeoque
978 1800 1034 1847 ab
1057 1799 1247 1847 ecclesia
1280 1799 1460 1847 omnino
1495 1799 1684 1863 pendet,
1711 1815 1783 1845 se-

310 1895 390 1925 cus
426 1894 478 1925 ac
513 1877 559 1924 in
593 1877 821 1925 nativitate
851 1887 894 1924 et
927 1886 1066 1924 morte
1095 1876 1336 1938 contingat.

969 2040 1009 2098 g.
1049 2036 1116 2082 lv.

358 2183 552 2216 Autonomia
573 2192 612 2215 ac
632 2184 790 2224 primatus
812 2183 963 2224 politicae
980 2182 1149 2224 potestatis
1166 2183 1199 2214 et
1218 2182 1378 2223 separatio
1398 2183 1503 2215 status
1521 2182 1562 2214 ab
1583 2182 1735 2215 Ecclesia.

409 2327 634 2392 Principio
666 2326 965 2375 distinctionis
996 2327 1111 2375 inter
1147 2325 1439 2374 christianum
1469 2335 1513 2372 et
1545 2324 1686 2371 civem
1721 2325 1787 2371 as-

314 2403 403 2450 fine
437 2414 505 2451 est
542 2403 812 2467 principium
848 2402 1128 2451 autonomiae
1156 2419 1207 2449 ac
1235 2401 1451 2467 primatus
1477 2398 1680 2464 politicae
1707 2416 1786 2463 po—

314 2480 486 2527 testatis
499 2518 509 2536 ,
537 2479 923 2544 separationisque
941 2489 1083 2526 status
1103 2478 1160 2525 ab
1178 2477 1382 2526 ecclesia,
1406 2477 1499 2524 Hoc
1516 2475 1783 2540 principium

314 2555 579 2619 saepissime
613 2555 669 2602 ad
699 2555 946 2603 satietatem
980 2571 1127 2618 usque
1159 2553 1425 2600 inculcatum
1458 2560 1553 2607 est,
1592 2550 1787 2614 quando-

315 2648 402 2694 que
441 2631 525 2678 sub
564 2642 748 2696 aspectu
784 2648 905 2679 mere
937 2629 1142 2696 politico,
1181 2629 1454 2695 quandoque
1486 2626 1569 2674 sub
1604 2637 1787 2690 aspectu

315 2707 446 2754 etiam
471 2708 566 2771 pio,
591 2726 643 2756 ac
666 2709 705 2757 si
730 2707 990 2756 huiusmodi
1018 2707 1239 2771 separatio
1270 2704 1471 2768 religioni
1498 2705 1583 2769 ipsi
1611 2705 1787 2769 prodes-

316 2792 406 2838 set,
435 2800 521 2830 non
547 2801 645 2831 raro
680 2784 765 2833 sub
798 2794 980 2849 aspectu
1014 2794 1164 2848 aperte
1197 2781 1443 2844 irreligioso
1467 2790 1602 2845 atque
1628 2781 1780 2845 impio.
