1912 3180
320 199 409 245 280
569 212 646 242 un.
678 210 708 239 1.
736 207 848 239 sacr.
878 206 1048 237 ALTERA.
1078 206 1130 238 nn
1165 205 1336 238 imma.
1367 203 1504 236 civim.

315 307 459 338 coram
501 287 595 334 solo
634 287 892 350 magistratu
926 286 1105 351 politico
1141 287 1249 332 inito
1282 283 1337 331 ad
1373 283 1669 331 exclusionem
1704 303 1777 332 sa-

314 363 538 412 cramenti.
577 363 699 410 Ratio
740 378 870 426 porro
915 363 1045 410 istius
1090 361 1254 409 silentii
1290 378 1378 408 non
1424 360 1513 407 alia
1551 360 1772 424 assignari

313 450 458 504 potest
496 448 668 503 praeter
702 438 846 496 illam,
884 456 1018 504 quam
1050 437 1412 502 assignavimus,
1451 436 1619 484 scilicet
1657 436 1776 501 quod

312 514 506 579 nondum
535 514 750 579 superiori
783 524 924 562 aetate
950 514 1064 561 inter
1096 512 1337 561 catholicos
1371 512 1590 560 eiusmodi
1624 511 1777 560 civiles

312 589 490 653 nuptiae
525 589 837 636 invaluissent.

406 666 643 729 Postquam
666 682 771 712 vero
805 665 1056 729 primaevus
1082 663 1156 710 ille
1179 681 1206 710 a
1229 664 1588 727 protestantismo
1622 663 1778 710 horror

309 741 558 797 deferbuit;
604 752 840 806 postquam
875 738 1091 786 increduli
1127 739 1263 786 seculi
1299 739 1486 786 anteacti
1521 739 1777 785 indifferen-

307 818 488 864 tismum
511 817 557 863 in
586 816 811 880 religionis
839 814 1012 878 negotio
1042 814 1172 878 longe
1200 814 1376 879 lateque
1407 815 1772 870 disseminarunt,

307 909 454 939 rerum
487 892 624 940 facies
654 893 882 938 immutata
910 900 991 936 est.
1015 890 1189 936 Etenim
1217 900 1318 954 post
1346 889 1533 937 rebelles
1562 901 1709 938 motus
1731 890 1775 936 in

308 967 465 1025 Gallia,
487 985 586 1015 cum
614 967 857 1015 atheismus
892 965 1094 1029 religioni
1128 965 1259 1012 fuerit
1294 965 1523 1021 suffectus,
1551 966 1777 1013 matrimo—

306 1044 429 1091 nium
464 1055 688 1108 tamquam
723 1060 873 1089 merus
908 1042 1053 1089 civilis
1087 1052 1337 1090 contractus
1382 1042 1471 1089 lata
1504 1042 1600 1105 lege
1633 1042 1775 1090 decla·

307 1131 449 1166 ratum
478 1129 546 1166 est
580 1136 668 1166 una
697 1135 797 1165 cum
825 1117 1172 1182 consequentiis,
1202 1135 1317 1182 quae
1339 1118 1488 1182 ipsum
1511 1118 1775 1166 comitantur

307 1205 353 1241 et
387 1211 487 1241 cum
511 1212 563 1242 eo
592 1204 926 1242 connectuntur.
961 1195 1046 1240 Lex
1068 1193 1124 1240 de
1147 1193 1367 1241 connubio
1391 1194 1511 1241 civili
1535 1212 1607 1241 an.
1628 1196 1769 1240 1789.

307 1286 360 1316 ac
405 1271 546 1316 1793.
589 1270 672 1316 fuit
714 1280 819 1317 tune
860 1269 1050 1333 primum
1094 1269 1373 1333 promulgata
1415 1270 1471 1316 ab
1511 1270 1769 1318 incredulis.

306 1345 457 1392 Aetate
484 1345 560 1392 illa
585 1346 755 1409 passim
782 1345 987 1408 coniugia
1011 1345 1130 1391 circa
1154 1344 1275 1391 illam
1304 1362 1437 1409 quam
1462 1356 1622 1393 vocant
1649 1346 1775 1393 arbo-

305 1437 395 1466 rem
431 1421 641 1467 libertatis
665 1438 745 1468 seu
773 1421 1045 1485 reipublicae
1079 1420 1329 1485 symbolum
1361 1438 1412 1468 ac
1441 1431 1627 1468 stemma
1660 1421 1774 1469 cele—

305 1495 560 1543 brabantur.
602 1497 814 1552 Quamvis
854 1514 957 1543 vero
1005 1496 1216 1560 temporis
1257 1495 1448 1543 decursu
1483 1496 1618 1545 febris
1653 1497 1730 1545 illa
1758 1537 1768 1554 ,

308 1589 424 1635 quae
448 1582 510 1618 tot
533 1572 773 1628 invaserat,
802 1590 881 1637 per
904 1572 1068 1635 gradus
1098 1571 1231 1618 veluti
1266 1572 1484 1636 quosdam
1514 1574 1767 1631 cessaverit,

306 1658 350 1693 et
383 1647 522 1694 codex
555 1647 741 1711 gallicus
776 1648 821 1694 in
856 1647 1080 1695 meliorem
1122 1647 1306 1695 formam
1348 1648 1552 1696 redactus
1598 1649 1728 1697 fuerit
1756 1689 1766 1705 ,

306 1723 517 1770 articulus
542 1734 687 1771 tamen
711 1723 767 1770 de
790 1723 1068 1771 matrimonio
1092 1723 1210 1771 civili
1235 1724 1530 1788 perseveravit
1558 1735 1601 1772 et
1623 1726 1770 1773 adhuc

304 1809 573 1860 perseverat.
595 1799 754 1846 Verum
778 1799 833 1846 de
856 1799 941 1846 hac
965 1799 1061 1862 lege
1095 1809 1262 1883 postea.

399 1874 493 1926 Non
529 1874 665 1922 multo
701 1885 801 1939 post
835 1875 1314 1933 sansimonianismus,
1354 1878 1704 1926 communismus
1728 1889 1771 1925 et

306 1949 584 1996 socialismus
619 1967 644 1996 e
677 1949 857 1997 latebris
891 1949 1089 2015 undique
1118 1962 1376 2028 eruperunt,
1409 1969 1462 2000 ac
1488 1952 1601 2000 inter
1621 1954 1768 2002 varias

303 2025 527 2072 societatis
557 2025 724 2073 classes
752 2036 1056 2090 penetrarunt,
1085 2043 1135 2073 ac
1159 2022 1220 2073 ita
1245 2026 1406 2074 factum
1431 2039 1517 2084 est,
1546 2038 1596 2076 ut
1619 2029 1767 2077 catho-

303 2100 412 2148 licos
449 2101 572 2165 ipsos
607 2102 839 2150 incesserit
872 2102 1124 2166 coniugium
1158 2103 1301 2158 civile,
1331 2105 1402 2151 cui
1436 2105 1595 2168 legulei
1629 2107 1767 2170 potis-

304 2176 466 2222 simum
500 2194 551 2223 ac
587 2177 948 2242 pseudo-politici
982 2178 1168 2225 mirifice
1201 2178 1361 2226 favent.

398 2251 555 2299 Horret
600 2250 792 2300 animus*
820 2253 1078 2301 meminisse
1123 2272 1211 2319 quo
1253 2255 1577 2303 incredulorum
1621 2268 1765 2305 sectae

303 2327 563 2375 devenerint
594 2328 713 2375 circa
745 2328 866 2375 illam
895 2347 1029 2393 quam
1056 2340 1215 2378 vocant
1247 2332 1640 2396 emancipationem
1675 2350 1765 2380 car-

303 2402 374 2449 nis
391 2440 400 2458 ,
423 2419 568 2467 neque
586 2403 719 2451 huius
737 2404 822 2451 loci
841 2415 909 2451 est
926 2405 1374 2463 sansimonianorum,
1396 2407 1758 2466 fourieristarum,

306 2476 600 2526 icarianorum
615 2517 625 2534 ‚
655 2490 1015 2545 caeterorumque
1039 2482 1430 2529 communistarum
1452 2483 1644 2531 theorias
1664 2502 1764 2549 per-

303 2554 461 2616 sequi,
501 2554 557 2602 de
591 2555 755 2620 quibus
790 2555 1076 2621 opportunior
1109 2573 1158 2604 se
1195 2574 1244 2604 se
1277 2558 1451 2606 occasio
1484 2558 1636 2607 offeret
1668 2560 1762 2608 dis-

303 2629 494 2675 serendi.
519 2630 638 2678 Licet
665 2648 769 2679 vero
805 2631 879 2679 isti
912 2631 1059 2679 adhuc
1083 2632 1310 2696 pervenire
1344 2633 1524 2681 minime
1544 2634 1761 2683 valuerint

302 2700 359 2746 ad
399 2719 505 2751 suas
538 2704 785 2770 impietates
809 2745 819 2764 ,
856 2723 935 2754 seu
967 2706 1111 2772 potius
1145 2707 1372 2755 foeditates
1406 2709 1755 2773 persuadendas,

304 2792 402 2822 eum
428 2777 576 2852 'nimis
610 2780 822 2843 pudorem
864 2799 914 2828 ac
960 2791 1122 2829 rectum
1169 2781 1394 2831 hominum
1442 2802 1621 2834 sensum
1658 2803 1758 2852 per-
