1912 3180
362 173 452 208 cir.
470 177 528 208 iv.
547 177 599 208 uu
620 175 779 208 aucun.
803 176 879 208 ruo
903 176 1006 208 teca
1030 176 1082 208 ne
1107 176 1231 209 aava.
1248 175 1332 208 ειν.
1350 177 1443 209 aar.
1466 177 1527 208 111.
1603 164 1691 209 433

232 252 391 316 gandi,
419 253 514 301 sive
538 251 832 316 restringendi
863 252 1177 317 impedimenta
1199 252 1415 302 ecclesiae
1438 255 1696 302 auctoritate

232 328 471 376 constituta
491 366 501 385 ,
547 327 616 376 vel
651 327 969 393 comprobata;
1017 329 1121 376 item
1154 345 1244 394 qua
1287 339 1412 393 parte
1448 330 1692 395 supponit,

231 404 465 452 ecclesiam
494 421 575 468 per
602 413 862 468 potestatem
895 403 1071 451 civilem
1105 404 1288 470 spoliari
1321 421 1455 469 posse
1489 405 1587 452 iure
1614 423 1696 454 suo

231 479 525 544 dispensandi
561 497 695 545 super
736 479 1067 544 impedimentis
1102 480 1158 527 ab
1192 480 1293 546 ipsa
1332 481 1586 529 constitutis
1627 481 1697 530 vel

231 554 544 620 comprobatis
583 555 813 602 Libertatis
845 572 895 602 ac
920 557 1144 618 potestatis
1177 556 1377 603 ecclesiae
1413 557 1692 612 sabea-siva,

233 630 462 678 tridentino
485 632 734 687 contraria,
773 648 829 678 ex
865 631 1115 678 haereticali
1140 649 1274 695 supra
1301 631 1503 680 damnato
1527 634 1695 697 princi-

226 707 301 771 pio
329 708 526 772 prosecta
548 707 697 769 (118).
709 727 731 752 »

325 781 470 831 Tales
484 799 644 848 nempe
673 793 779 830 sunt
803 783 949 832 fontes
982 800 1035 831 ex
1068 783 1234 850 quibus
1265 795 1411 833 orator
1438 802 1491 833 ac
1519 795 1697 833 senator

230 857 474 906 doctrinam
510 874 636 905 suam
670 857 849 916 hausit,
887 875 1048 924 nempe
1080 876 1134 906 ex
1167 870 1368 924 apostata
1390 861 1455 907 De
1471 860 1692 917 Dominis,

230 951 283 981 ex
300 933 518 990 Launoio,
541 950 593 980 ex
618 933 907 980 iansenistica
935 934 1107 999 synodo
1135 934 1420 998 pistoriensi,
1447 935 1574 983 cuius
1600 952 1697 1000 pro-

230 1009 473 1075 positiones
506 1019 733 1074 tamquam
768 1009 1002 1057 haereticae
1028 1009 1099 1058 vel
1132 1027 1330 1058 erroneae
1363 1011 1448 1057 hac
1488 1011 1534 1058 in
1573 1022 1697 1075 parte

230 1084 429 1133 confixae
456 1095 576 1134 sunt.
615 1085 770 1150 Itaque
802 1101 1031 1133 erroneum
1062 1095 1195 1151 atque
1227 1086 1587 1134 anticatholicum
1628 1098 1698 1134 est

230 1159 481 1217 affirmare,
519 1177 651 1226 posse
684 1160 1006 1226 principatum,
1037 1177 1137 1209 cum
1161 1162 1202 1208 ei
1227 1161 1464 1226 placuerit,
1505 1172 1696 1210 statuere

230 1253 390 1283 novam
424 1236 694 1284 matrimonii
721 1236 907 1284 formam
933 1237 1197 1284 contrariam
1233 1237 1297 1284 illi
1332 1255 1467 1302 quam
1501 1238 1697 1285 tridenti⁶

229 1328 336 1358 num
358 1311 610 1369 constituit,
643 1322 722 1359 aut
752 1311 882 1359 etiam
917 1311 975 1359 ab
1007 1311 1084 1359 illa
1117 1312 1362 1370 diversam
1390 1330 1620 1360 erroneum
1653 1326 1699 1361 et

229 1385 587 1434 anticatholicum
614 1396 685 1434 est
717 1385 938 1434 affirmare
971 1386 1189 1435 defectum
1222 1387 1486 1434 sacramenti
1521 1388 1567 1434 in
1602 1405 1696 1435 ma—

229 1461 480 1517 trimoniis,
522 1478 638 1526 quae
676 1461 787 1508 inita
820 1461 982 1509 fuerint
1014 1461 1135 1509 iuxta
1172 1462 1314 1510 solam
1345 1463 1488 1525 legem
1522 1463 1694 1510 civilem

227 1554 407 1585 causam
431 1553 534 1584 esse
550 1546 600 1583 ut
617 1536 835 1584 eiusmodi
860 1536 1083 1584 connubia
1105 1538 1275 1585 censeri
1299 1538 1492 1586 debeant
1513 1539 1693 1604 quidem

227 1623 277 1662 ut
308 1630 396 1662 non
424 1622 548 1668 rata,
587 1612 665 1660 sed
703 1623 849 1660 tamen
883 1623 931 1660 ut
965 1613 1158 1678 leqi’tt'ma
1182 1631 1234 1662 ac
1262 1632 1364 1662 vera
1394 1616 1542 1678 (119).
1573 1615 1696 1671 Quae

325 1837 413 1879 (118)
434 1838 474 1870 Et
486 1837 542 1870 hie
555 1836 779 1869 animadverto
793 1832 976 1869 doctrinam
991 1837 1098 1870 bacin
1111 1837 1331 1879 propositione
1349 1836 1534 1869 damnatam
1548 1835 1695 1870 eamdem

225 1897 357 1931 prorsus
371 1897 458 1929 esse,
478 1897 576 1930 quam
600 1889 710 1921 orator
729 1889 838 1921 noster
857 1888 1006 1921 adstruit.
1020 1890 1101 1921 Tam
1118 1889 1201 1921 altas
1212 1888 1337 1921 radices
1348 1891 1454 1930 egerat
1468 1889 1502 1920 in
1518 1889 1576 1921 illo
1591 1889 1694 1921 archi-

223 1942 390 1983 gymnasio
403 1941 582 1974 taurinensi
594 1941 744 1974 doctrina
759 1941 959 1983 pistoriensis
973 1943 1006 1974 et
1017 1941 1205 1974 rebroniana
1219 1943 1227 1974 ἱ

322 1993 409 2035 (119)
429 1995 518 2026 Haec
543 1993 613 2035 ipsa
638 1992 744 2034 placet
770 1992 961 2024 contii-mare
987 1992 1185 2026 ineluctabili
1211 1994 1308 2026 etiam
1337 1993 1386 2026 Pii
1411 1994 1482 2026 vii.
1506 1993 1697 2026 auctoritate

222 2048 256 2079 in
273 2047 514 2080 Instruettone
527 2046 643 2078 nuntio
655 2044 833 2086 apostolico
846 2045 880 2077 in
894 2044 1027 2077 Polonia
1039 2044 1116 2077 data
1128 2054 1181 2077 an.
1199 2049 1286 2079 1808.
1299 2047 1335 2078 ln
1345 2054 1383 2078 ea
1394 2054 1541 2078 summus
1554 2044 1698 2086 pontifex

220 2099 362 2139 graviter
373 2098 521 2140 queritur
536 2097 577 2130 de
591 2097 709 2138 agendi
727 2097 849 2129 ratione
862 2097 1004 2138 episcopi
1025 2098 1242 2130 varsoviensis
1263 2097 1389 2130 dicens:
1404 2111 1419 2126 ιι
1430 2100 1469 2130 ln
1482 2098 1698 2130 matrimoniis

225 2150 628 2184 catholicis...contractus
651 2149 781 2189 civiles,
805 2148 947 2182 divortia
969 2149 1079 2182 civilia
1090 2174 1100 2190 ,
1121 2151 1296 2183 sententias
1318 2150 1431 2183 civiles
1442 2175 1452 2190 ‚
1474 2159 1494 2182 a
1513 2150 1603 2182 civili
1627 2150 1696 2191 lege

224 2201 421 2244 praescripta
444 2201 647 2243 agnoscendo
664 2200 834 2242 episcopus
854 2199 1050 2239 catholicus.
1066 2199 1208 2242 Principi
1228 2203 1417 2242 potestatem
1440 2201 1472 2233 in
1496 2203 1696 2234 sacramenta

226 2258 260 2289 et
280 2255 488 2297 disciplinam
517 2253 768 2287 ecclesiasticam
792 2252 958 2293 concedit,
972 2254 1007 2285 et
1019 2252 1163 2285 admittit
1173 2255 1365 2295 principem
1377 2261 1477 2295 posse
1488 2252 1648 2293 sormam
1660 2255 1696 2286 et

226 2310 319 2341 ritus
332 2309 493 2346 innatare,
514 2314 661 2339 canones
681 2305 867 2346 abroqare,
890 2305 1087 2338 libertatem
1106 2305 1268 2338 ecclesiae
1290 2306 1442 2346 violare,
1468 2307 1695 2338 conscientias

228 2360 393 2401 turbare,
416 2358 616 2401 proindeque
634 2357 780 2391 eamdem
794 2358 985 2399 potestatem
1001 2357 1118 2390 habere
1133 2358 1314 2391 absolutam
1329 2359 1362 2390 in
1377 2367 1427 2391 res
1438 2360 1471 2391 et
1482 2367 1596 2391 causas
1610 2367 1697 2391 mere

226 2413 496 2447 ecclesiasticas...
509 2412 542 2444 et
555 2420 595 2444 ex
610 2412 727 2444 natura
744 2419 804 2443 sua
815 2419 835 2442 a
848 2411 1006 2452 potestate
1022 2410 1165 2442 clavium
1179 2410 1367 2452 pendentes,
1376 2410 1591 2452 eumdemque
1603 2419 1698 2452 posse

225 2475 342 2499 manus
351 2464 519 2498 thuribulo
534 2464 710 2505 imponere,
720 2464 819 2504 atque
832 2462 901 2496 suis
916 2461 1040 2503 legibus
1052 2462 1231 2496 canonibus
1243 2463 1395 2496 ecclesiae
1407 2462 1621 2496 dominari...
1631 2464 1694 2495 Er·

223 2527 285 2551 ror
299 2519 368 2558 est,
383 2518 648 2550 matrimonium
659 2516 879 2548 contractum
899 2515 1038 2548 civilem
1058 2517 1238 2557 reputare,
1252 2516 1440 2557 praesertim
1453 2524 1491 2548 ex
1506 2524 1573 2557 quo
1586 2515 1696 2548 matri-

228 2571 376 2604 monium
391 2570 453 2604 sub
468 2570 536 2611 lege
548 2568 733 2610 evangelica
747 2568 789 2600 ad
804 2567 995 2609 dignitatem
1019 2568 1212 2600 sacramenti
1231 2567 1294 2600 fuit
1315 2567 1496 2608 elevatum,
1508 2569 1543 2601 et
1556 2567 1630 2600 ideo
1645 2576 1697 2601 res

223 2631 333 2663 sacra,
349 2624 448 2664 atque
458 2631 499 2655 ex
515 2622 630 2654 natura
645 2629 704 2653 sua
714 2644 724 2661 ‚
739 2621 772 2652 et
785 2619 903 2662 quoad
916 2619 1072 2652 valorem
1084 2627 1189 2652 suum
1204 2619 1250 2652 ab
1262 2621 1355 2652 omni
1368 2621 1478 2661 specie
1491 2618 1605 2660 legum
1618 2627 1695 2661 pro·

219 2674 398 2714 sanarum
419 2673 652 2716 independens
669 2672 815 2713 sactum
835 2674 917 2705 est.»
930 2671 1023 2714 Apud
1050 2671 1240 2712 Roskovany
1269 2672 1496 2704 Monumenta
1522 2670 1695 2704 catholica

223 2735 292 2769 pro
311 2726 580 2768 independenter
595 2726 779 2767 potestatis
793 2724 1044 2759 ecclesiastieae
1072 2724 1117 2756 ab
1139 2725 1282 2765 imperio
1304 2724 1412 2756 civili.
1434 2723 1586 2764 Quinque
1600 2723 1696 2756 eccle·

225 2780 283 2812 siis
302 2781 390 2813 1847.
407 2781 486 2813 tom.
501 2781 543 2812 ll.
558 2788 629 2821 pag.
649 2783 704 2811 152
719 2786 811 2819 seqq.

1587 2848 1632 2880 28
