<?xml version="1.0" encoding="UTF-8"?>
<!DOCTYPE html PUBLIC "-//W3C//DTD XHTML 1.0 Transitional//EN"
    "http://www.w3.org/TR/xhtml1/DTD/xhtml1-transitional.dtd">
<html xmlns="http://www.w3.org/1999/xhtml" xml:lang="en" lang="en">
 <head>
  <title>
</title>
<meta http-equiv="Content-Type" content="text/html;charset=utf-8" />
  <meta name='ocr-system' content='tesseract 3.04.00' />
  <meta name='ocr-capabilities' content='ocr_page ocr_carea ocr_par ocr_line ocrx_word'/>
</head>
<body>
  <div class='ocr_page' id='page_1' title='image "a603380701perruoft_0152.png"; bbox 0 0 1918 3186; ppageno 0'>
   <div class='ocr_carea' id='block_1_1' title="bbox 333 207 1522 253">
    <p class='ocr_par' dir='ltr' id='par_1_1' title="bbox 333 207 1522 253">
     <span class='ocr_line' id='line_1_1' title="bbox 333 207 1522 253; baseline -0.002 -2"><span class='ocrx_word' id='word_1_1' title='bbox 333 207 420 253; x_wconf 83' lang='lat'><strong>130</strong></span> <span class='ocrx_word' id='word_1_2' title='bbox 592 221 671 251; x_wconf 76' lang='lat' dir='ltr'><strong>Lm.</strong></span> <span class='ocrx_word' id='word_1_3' title='bbox 700 219 729 250; x_wconf 86' lang='lat'><strong>1.</strong></span> <span class='ocrx_word' id='word_1_4' title='bbox 759 217 871 249; x_wconf 63' lang='lat' dir='ltr'><strong>secr.</strong></span> <span class='ocrx_word' id='word_1_5' title='bbox 901 218 929 248; x_wconf 89' lang='lat'><strong>1.</strong></span> <span class='ocrx_word' id='word_1_6' title='bbox 959 217 1010 248; x_wconf 72' lang='lat' dir='ltr'><strong>uu</strong></span> <span class='ocrx_word' id='word_1_7' title='bbox 1042 218 1212 250; x_wconf 70' lang='lat' dir='ltr'><strong>mrum.</strong></span> <span class='ocrx_word' id='word_1_8' title='bbox 1244 219 1522 251; x_wconf 68' lang='lat' dir='ltr'><strong>SAanuunro.</strong></span> 
     </span>
    </p>
   </div>
   <div class='ocr_carea' id='block_1_2' title="bbox 311 294 1790 2322">
    <p class='ocr_par' dir='ltr' id='par_1_2' title="bbox 327 294 1785 583">
     <span class='ocr_line' id='line_1_2' title="bbox 331 294 1781 359; baseline 0.001 -16"><span class='ocrx_word' id='word_1_9' title='bbox 331 298 475 345; x_wconf 81' lang='lat' dir='ltr'><strong>fuerit.</strong></span> <span class='ocrx_word' id='word_1_10' title='bbox 499 296 575 342; x_wconf 88' lang='lat' dir='ltr'><strong>Vix</strong></span> <span class='ocrx_word' id='word_1_11' title='bbox 608 295 726 342; x_wconf 88' lang='lat' dir='ltr'><strong>enim</strong></span> <span class='ocrx_word' id='word_1_12' title='bbox 761 310 878 340; x_wconf 92' lang='lat' dir='ltr'><strong>nunc</strong></span> <span class='ocrx_word' id='word_1_13' title='bbox 911 304 1061 342; x_wconf 82' lang='lat' dir='ltr'>auctor</span> <span class='ocrx_word' id='word_1_14' title='bbox 1094 294 1283 342; x_wconf 89' lang='lat' dir='ltr'><strong>alicuius</strong></span> <span class='ocrx_word' id='word_1_15' title='bbox 1316 296 1507 342; x_wconf 92' lang='lat' dir='ltr'><strong>nominis</strong></span> <span class='ocrx_word' id='word_1_16' title='bbox 1544 297 1781 359; x_wconf 89' lang='lat' dir='ltr'><strong>reperitur,</strong></span> 
     </span>
     <span class='ocr_line' id='line_1_3' title="bbox 330 369 1785 436; baseline 0.001 -18"><span class='ocrx_word' id='word_1_17' title='bbox 330 372 405 436; x_wconf 89' lang='lat' dir='ltr'><strong>qui</strong></span> <span class='ocrx_word' id='word_1_18' title='bbox 440 372 485 417; x_wconf 91' lang='lat' dir='ltr'><strong>in</strong></span> <span class='ocrx_word' id='word_1_19' title='bbox 520 369 701 416; x_wconf 92' lang='lat' dir='ltr'><strong>dubium</strong></span> <span class='ocrx_word' id='word_1_20' title='bbox 738 379 910 416; x_wconf 84' lang='lat' dir='ltr'><strong>revocet</strong></span> <span class='ocrx_word' id='word_1_21' title='bbox 941 369 1166 416; x_wconf 90' lang='lat' dir='ltr'><strong>veritatem</strong></span> <span class='ocrx_word' id='word_1_22' title='bbox 1212 370 1475 416; x_wconf 80' lang='lat' dir='ltr'>sacramenti</span> <span class='ocrx_word' id='word_1_23' title='bbox 1511 371 1556 416; x_wconf 90' lang='lat' dir='ltr'><strong>in</strong></span> <span class='ocrx_word' id='word_1_24' title='bbox 1590 371 1674 427; x_wconf 88' lang='lat' dir='ltr'><strong>iis,</strong></span> <span class='ocrx_word' id='word_1_25' title='bbox 1711 373 1785 436; x_wconf 90' lang='lat' dir='ltr'><strong>qui</strong></span> 
     </span>
     <span class='ocr_line' id='line_1_4' title="bbox 329 443 1784 510; baseline 0.002 -18"><span class='ocrx_word' id='word_1_26' title='bbox 329 464 408 510; x_wconf 85' lang='lat' dir='ltr'><strong>per</strong></span> <span class='ocrx_word' id='word_1_27' title='bbox 449 454 751 510; x_wconf 77' lang='lat' dir='ltr'><strong>procuratores</strong></span> <span class='ocrx_word' id='word_1_28' title='bbox 785 443 1047 491; x_wconf 86' lang='lat' dir='ltr'><strong>contrahunt</strong></span> <span class='ocrx_word' id='word_1_29' title='bbox 1080 444 1432 501; x_wconf 89' lang='lat' dir='ltr'><strong>matrimonium,</strong></span> <span class='ocrx_word' id='word_1_30' title='bbox 1471 445 1604 493; x_wconf 91' lang='lat' dir='ltr'><strong>immo</strong></span> <span class='ocrx_word' id='word_1_31' title='bbox 1638 457 1682 494; x_wconf 88' lang='lat' dir='ltr'><strong>et</strong></span> <span class='ocrx_word' id='word_1_32' title='bbox 1714 464 1784 495; x_wconf 83' lang='lat' dir='ltr'><strong>ec—</strong></span> 
     </span>
     <span class='ocr_line' id='line_1_5' title="bbox 327 518 1355 583; baseline -0.002 -15"><span class='ocrx_word' id='word_1_33' title='bbox 327 520 463 568; x_wconf 89' lang='lat' dir='ltr'><strong>clesia</strong></span> <span class='ocrx_word' id='word_1_34' title='bbox 496 519 595 583; x_wconf 90' lang='lat' dir='ltr'><strong>ipsa</strong></span> <span class='ocrx_word' id='word_1_35' title='bbox 629 518 674 564; x_wconf 91' lang='lat' dir='ltr'><strong>in</strong></span> <span class='ocrx_word' id='word_1_36' title='bbox 707 518 831 582; x_wconf 85' lang='lat' dir='ltr'><strong>praxi</strong></span> <span class='ocrx_word' id='word_1_37' title='bbox 864 535 944 582; x_wconf 89' lang='lat' dir='ltr'><strong>pro</strong></span> <span class='ocrx_word' id='word_1_38' title='bbox 976 529 1093 566; x_wconf 91' lang='lat' dir='ltr'><strong>certo</strong></span> <span class='ocrx_word' id='word_1_39' title='bbox 1126 519 1171 565; x_wconf 90' lang='lat' dir='ltr'><strong>id</strong></span> <span class='ocrx_word' id='word_1_40' title='bbox 1206 519 1355 566; x_wconf 88' lang='lat' dir='ltr'><strong>habet.</strong></span> 
     </span>
    </p>

    <p class='ocr_par' dir='ltr' id='par_1_3' title="bbox 321 595 1790 1261">
     <span class='ocr_line' id='line_1_6' title="bbox 423 595 1788 660; baseline 0.001 -17"><span class='ocrx_word' id='word_1_41' title='bbox 423 599 467 643; x_wconf 92' lang='lat'><strong>8.</strong></span> <span class='ocrx_word' id='word_1_42' title='bbox 506 596 630 643; x_wconf 81' lang='lat' dir='ltr'><strong>Ratio</strong></span> <span class='ocrx_word' id='word_1_43' title='bbox 663 605 823 651; x_wconf 90' lang='lat' dir='ltr'><strong>autem,</strong></span> <span class='ocrx_word' id='word_1_44' title='bbox 851 613 940 659; x_wconf 90' lang='lat' dir='ltr'><strong>qua</strong></span> <span class='ocrx_word' id='word_1_45' title='bbox 963 595 1148 642; x_wconf 89' lang='lat' dir='ltr'><strong>ecclesia</strong></span> <span class='ocrx_word' id='word_1_46' title='bbox 1181 595 1280 643; x_wconf 89' lang='lat' dir='ltr'><strong>illos</strong></span> <span class='ocrx_word' id='word_1_47' title='bbox 1303 634 1312 652; x_wconf 99' lang='lat'><strong>,</strong></span> <span class='ocrx_word' id='word_1_48' title='bbox 1341 597 1417 660; x_wconf 92' lang='lat' dir='ltr'><strong>qui</strong></span> <span class='ocrx_word' id='word_1_49' title='bbox 1443 597 1539 644; x_wconf 89' lang='lat' dir='ltr'><strong>sine</strong></span> <span class='ocrx_word' id='word_1_50' title='bbox 1562 598 1788 645; x_wconf 87' lang='lat' dir='ltr'><strong>sacerdote</strong></span> 
     </span>
     <span class='ocr_line' id='line_1_7' title="bbox 329 669 1790 733; baseline 0 -15"><span class='ocrx_word' id='word_1_51' title='bbox 329 681 431 718; x_wconf 91' lang='lat' dir='ltr'><strong>sunt</strong></span> <span class='ocrx_word' id='word_1_52' title='bbox 463 669 717 726; x_wconf 86' lang='lat' dir='ltr'><strong>coniuncti,</strong></span> <span class='ocrx_word' id='word_1_53' title='bbox 756 679 990 733; x_wconf 83' lang='lat' dir='ltr'><strong>praecepto</strong></span> <span class='ocrx_word' id='word_1_54' title='bbox 1024 686 1110 716; x_wconf 90' lang='lat' dir='ltr'><strong>non</strong></span> <span class='ocrx_word' id='word_1_55' title='bbox 1145 681 1291 732; x_wconf 80' lang='lat' dir='ltr'><strong>urget,</strong></span> <span class='ocrx_word' id='word_1_56' title='bbox 1318 681 1368 718; x_wconf 90' lang='lat' dir='ltr'><strong>ut</strong></span> <span class='ocrx_word' id='word_1_57' title='bbox 1391 686 1439 718; x_wconf 91' lang='lat' dir='ltr'><strong>se</strong></span> <span class='ocrx_word' id='word_1_58' title='bbox 1464 689 1610 719; x_wconf 88' lang='lat' dir='ltr'><strong>coram</strong></span> <span class='ocrx_word' id='word_1_59' title='bbox 1644 690 1790 720; x_wconf 89' lang='lat' dir='ltr'><strong>sacer-</strong></span> 
     </span>
     <span class='ocr_line' id='line_1_8' title="bbox 326 744 1790 810; baseline 0.001 -16"><span class='ocrx_word' id='word_1_60' title='bbox 326 747 427 794; x_wconf 85' lang='lat' dir='ltr'><strong>dote</strong></span> <span class='ocrx_word' id='word_1_61' title='bbox 445 746 626 802; x_wconf 85' lang='lat' dir='ltr'><strong>sistant,</strong></span> <span class='ocrx_word' id='word_1_62' title='bbox 647 756 691 793; x_wconf 91' lang='lat' dir='ltr'><strong>et</strong></span> <span class='ocrx_word' id='word_1_63' title='bbox 708 762 785 810; x_wconf 91' lang='lat' dir='ltr'><strong>per</strong></span> <span class='ocrx_word' id='word_1_64' title='bbox 803 745 900 792; x_wconf 92' lang='lat' dir='ltr'><strong>eius</strong></span> <span class='ocrx_word' id='word_1_65' title='bbox 925 744 1275 792; x_wconf 83' lang='lat' dir='ltr'><strong>benedictionem</strong></span> <span class='ocrx_word' id='word_1_66' title='bbox 1299 759 1622 795; x_wconf 90' lang='lat' dir='ltr'><strong>sacramentum</strong></span> <span class='ocrx_word' id='word_1_67' title='bbox 1647 749 1790 796; x_wconf 89' lang='lat' dir='ltr'><strong>susci-</strong></span> 
     </span>
     <span class='ocr_line' id='line_1_9' title="bbox 326 820 1787 885; baseline 0.001 -18"><span class='ocrx_word' id='word_1_68' title='bbox 326 822 474 885; x_wconf 86' lang='lat' dir='ltr'><strong>piant,</strong></span> <span class='ocrx_word' id='word_1_69' title='bbox 513 831 619 878; x_wconf 86' lang='lat' dir='ltr'><strong>est,</strong></span> <span class='ocrx_word' id='word_1_70' title='bbox 662 820 780 885; x_wconf 90' lang='lat' dir='ltr'><strong>quod</strong></span> <span class='ocrx_word' id='word_1_71' title='bbox 822 820 910 884; x_wconf 88' lang='lat' dir='ltr'><strong>ipsi</strong></span> <span class='ocrx_word' id='word_1_72' title='bbox 957 836 1131 883; x_wconf 84' lang='lat' dir='ltr'><strong>semper</strong></span> <span class='ocrx_word' id='word_1_73' title='bbox 1163 837 1425 884; x_wconf 89' lang='lat' dir='ltr'><strong>persuasum</strong></span> <span class='ocrx_word' id='word_1_74' title='bbox 1459 822 1542 869; x_wconf 86' lang='lat' dir='ltr'><strong>suit</strong></span> <span class='ocrx_word' id='word_1_75' title='bbox 1581 839 1659 870; x_wconf 86' lang='lat' dir='ltr'><strong>eos</strong></span> <span class='ocrx_word' id='word_1_76' title='bbox 1699 823 1787 870; x_wconf 90' lang='lat' dir='ltr'><strong>iam</strong></span> 
     </span>
     <span class='ocr_line' id='line_1_10' title="bbox 324 894 1787 961; baseline 0.001 -17"><span class='ocrx_word' id='word_1_77' title='bbox 324 915 405 961; x_wconf 88' lang='lat' dir='ltr'><strong>per</strong></span> <span class='ocrx_word' id='word_1_78' title='bbox 436 907 707 944; x_wconf 86' lang='lat' dir='ltr'><strong>contractum</strong></span> <span class='ocrx_word' id='word_1_79' title='bbox 741 894 1014 957; x_wconf 80' lang='lat' dir='ltr'><strong>coniugalem</strong></span> <span class='ocrx_word' id='word_1_80' title='bbox 1048 906 1371 943; x_wconf 89' lang='lat' dir='ltr'><strong>sacramentum</strong></span> <span class='ocrx_word' id='word_1_81' title='bbox 1395 898 1660 953; x_wconf 84' lang='lat' dir='ltr'><strong>confecisse,</strong></span> <span class='ocrx_word' id='word_1_82' title='bbox 1687 915 1787 945; x_wconf 90' lang='lat' dir='ltr'><strong>cum</strong></span> 
     </span>
     <span class='ocr_line' id='line_1_11' title="bbox 324 969 1787 1037; baseline 0.001 -19"><span class='ocrx_word' id='word_1_83' title='bbox 324 989 564 1037; x_wconf 87' lang='lat' dir='ltr'><strong>numquam</strong></span> <span class='ocrx_word' id='word_1_84' title='bbox 598 971 644 1017; x_wconf 93' lang='lat' dir='ltr'><strong>in</strong></span> <span class='ocrx_word' id='word_1_85' title='bbox 678 970 893 1032; x_wconf 81' lang='lat' dir='ltr'><strong>coniugiis</strong></span> <span class='ocrx_word' id='word_1_86' title='bbox 926 969 1265 1017; x_wconf 86' lang='lat' dir='ltr'><strong>christianorum</strong></span> <span class='ocrx_word' id='word_1_87' title='bbox 1293 970 1479 1018; x_wconf 87' lang='lat' dir='ltr'><strong>ecclesia</strong></span> <span class='ocrx_word' id='word_1_88' title='bbox 1512 971 1696 1019; x_wconf 88' lang='lat' dir='ltr'><strong>alterum</strong></span> <span class='ocrx_word' id='word_1_89' title='bbox 1730 973 1787 1020; x_wconf 87' lang='lat' dir='ltr'><strong>ab</strong></span> 
     </span>
     <span class='ocr_line' id='line_1_12' title="bbox 323 1044 1787 1112; baseline 0.001 -18"><span class='ocrx_word' id='word_1_90' title='bbox 323 1045 736 1097; x_wconf 77' lang='lat' dir='ltr'><strong>alterodistinxerit</strong></span> <span class='ocrx_word' id='word_1_91' title='bbox 777 1046 894 1106; x_wconf 70' lang='lat'>(44).</span> <span class='ocrx_word' id='word_1_92' title='bbox 933 1044 1075 1100; x_wconf 89' lang='lat' dir='ltr'><strong>Quam</strong></span> <span class='ocrx_word' id='word_1_93' title='bbox 1110 1044 1436 1093; x_wconf 88' lang='lat' dir='ltr'><strong>distinctionem</strong></span> <span class='ocrx_word' id='word_1_94' title='bbox 1465 1048 1658 1094; x_wconf 87' lang='lat' dir='ltr'><strong>omnium</strong></span> <span class='ocrx_word' id='word_1_95' title='bbox 1696 1048 1787 1112; x_wconf 89' lang='lat' dir='ltr'><strong>pri-</strong></span> 
     </span>
     <span class='ocr_line' id='line_1_13' title="bbox 322 1119 1787 1187; baseline 0.001 -18"><span class='ocrx_word' id='word_1_96' title='bbox 322 1139 446 1178; x_wconf 86' lang='lat' dir='ltr'><strong>mus,</strong></span> <span class='ocrx_word' id='word_1_97' title='bbox 467 1132 517 1168; x_wconf 92' lang='lat' dir='ltr'><strong>ut</strong></span> <span class='ocrx_word' id='word_1_98' title='bbox 539 1120 836 1176; x_wconf 86' lang='lat' dir='ltr'><strong>ostendimus,</strong></span> <span class='ocrx_word' id='word_1_99' title='bbox 865 1119 1012 1167; x_wconf 85' lang='lat' dir='ltr'><strong>Canus</strong></span> <span class='ocrx_word' id='word_1_100' title='bbox 1036 1120 1215 1167; x_wconf 76' lang='lat' dir='ltr'><strong>invexit.</strong></span> <span class='ocrx_word' id='word_1_101' title='bbox 1231 1120 1409 1168; x_wconf 87' lang='lat' dir='ltr'><strong>Ceterae</strong></span> <span class='ocrx_word' id='word_1_102' title='bbox 1426 1122 1642 1179; x_wconf 87' lang='lat' dir='ltr'><strong>rationes,</strong></span> <span class='ocrx_word' id='word_1_103' title='bbox 1671 1140 1787 1187; x_wconf 90' lang='lat' dir='ltr'><strong>quae</strong></span> 
     </span>
     <span class='ocr_line' id='line_1_14' title="bbox 321 1194 1779 1261; baseline 0.001 -18"><span class='ocrx_word' id='word_1_104' title='bbox 321 1196 538 1243; x_wconf 90' lang='lat' dir='ltr'><strong>adductae</strong></span> <span class='ocrx_word' id='word_1_105' title='bbox 567 1205 694 1252; x_wconf 80' lang='lat' dir='ltr'><strong>sunt,</strong></span> <span class='ocrx_word' id='word_1_106' title='bbox 714 1194 907 1242; x_wconf 81' lang='lat' dir='ltr'><strong>nonnisi</strong></span> <span class='ocrx_word' id='word_1_107' title='bbox 942 1195 1218 1243; x_wconf 90' lang='lat' dir='ltr'><strong>coniecturae</strong></span> <span class='ocrx_word' id='word_1_108' title='bbox 1243 1206 1365 1252; x_wconf 90' lang='lat' dir='ltr'><strong>sunt,</strong></span> <span class='ocrx_word' id='word_1_109' title='bbox 1395 1214 1560 1261; x_wconf 89' lang='lat' dir='ltr'><strong>eaeque</strong></span> <span class='ocrx_word' id='word_1_110' title='bbox 1583 1197 1779 1246; x_wconf 84' lang='lat' dir='ltr'><strong>fallaces.</strong></span> 
     </span>
    </p>

    <p class='ocr_par' dir='ltr' id='par_1_4' title="bbox 311 1269 1786 2322">
     <span class='ocr_line' id='line_1_15' title="bbox 400 1269 1785 1328; baseline 0.002 -11"><span class='ocrx_word' id='word_1_111' title='bbox 400 1273 463 1328; x_wconf 19' lang='lat'><strong>⁴9,</strong></span> <span class='ocrx_word' id='word_1_112' title='bbox 502 1270 629 1326; x_wconf 88' lang='lat' dir='ltr'><strong>Quod</strong></span> <span class='ocrx_word' id='word_1_113' title='bbox 655 1269 889 1318; x_wconf 89' lang='lat' dir='ltr'><strong>nonoloco</strong></span> <span class='ocrx_word' id='word_1_114' title='bbox 917 1269 1079 1317; x_wconf 89' lang='lat' dir='ltr'><strong>dicitur</strong></span> <span class='ocrx_word' id='word_1_115' title='bbox 1111 1270 1166 1318; x_wconf 93' lang='lat' dir='ltr'><strong>de</strong></span> <span class='ocrx_word' id='word_1_116' title='bbox 1200 1271 1427 1318; x_wconf 88' lang='lat' dir='ltr'><strong>sanatione</strong></span> <span class='ocrx_word' id='word_1_117' title='bbox 1449 1273 1715 1328; x_wconf 86' lang='lat' dir='ltr'><strong>matrimonii</strong></span> <span class='ocrx_word' id='word_1_118' title='bbox 1738 1275 1785 1320; x_wconf 78' lang='lat' dir='ltr'><strong>in</strong></span> 
     </span>
     <span class='ocr_line' id='line_1_16' title="bbox 318 1346 1785 1411; baseline 0.001 -17"><span class='ocrx_word' id='word_1_119' title='bbox 318 1347 461 1402; x_wconf 77' lang='lat' dir='ltr'><strong>radice</strong></span> <span class='ocrx_word' id='word_1_120' title='bbox 479 1365 532 1394; x_wconf 89' lang='lat' dir='ltr'><strong>ex</strong></span> <span class='ocrx_word' id='word_1_121' title='bbox 549 1346 661 1394; x_wconf 86' lang='lat' dir='ltr'><strong>falsa</strong></span> <span class='ocrx_word' id='word_1_122' title='bbox 685 1346 924 1411; x_wconf 87' lang='lat' dir='ltr'><strong>hypothesi</strong></span> <span class='ocrx_word' id='word_1_123' title='bbox 947 1347 1105 1403; x_wconf 88' lang='lat' dir='ltr'><strong>oritur,</strong></span> <span class='ocrx_word' id='word_1_124' title='bbox 1127 1363 1286 1410; x_wconf 89' lang='lat' dir='ltr'><strong>nempe</strong></span> <span class='ocrx_word' id='word_1_125' title='bbox 1302 1347 1359 1393; x_wconf 87' lang='lat' dir='ltr'><strong>de</strong></span> <span class='ocrx_word' id='word_1_126' title='bbox 1382 1348 1659 1411; x_wconf 89' lang='lat' dir='ltr'><strong>separatione</strong></span> <span class='ocrx_word' id='word_1_127' title='bbox 1681 1366 1785 1397; x_wconf 83' lang='lat' dir='ltr'><strong>con—</strong></span> 
     </span>
     <span class='ocr_line' id='line_1_17' title="bbox 319 1418 1786 1488; baseline 0.001 -18"><span class='ocrx_word' id='word_1_128' title='bbox 319 1418 488 1471; x_wconf 81' lang='lat' dir='ltr'><strong>tractus</strong></span> <span class='ocrx_word' id='word_1_129' title='bbox 507 1440 534 1470; x_wconf 89' lang='lat' dir='ltr'><strong>a</strong></span> <span class='ocrx_word' id='word_1_130' title='bbox 558 1423 981 1480; x_wconf 67' lang='lat' dir='ltr'><strong>sacramentoNam</strong></span> <span class='ocrx_word' id='word_1_131' title='bbox 1006 1423 1045 1468; x_wconf 93' lang='lat' dir='ltr'><strong>si</strong></span> <span class='ocrx_word' id='word_1_132' title='bbox 1069 1439 1158 1468; x_wconf 87' lang='lat' dir='ltr'><strong>una</strong></span> <span class='ocrx_word' id='word_1_133' title='bbox 1187 1422 1430 1487; x_wconf 89' lang='lat' dir='ltr'><strong>eademque</strong></span> <span class='ocrx_word' id='word_1_134' title='bbox 1463 1423 1696 1488; x_wconf 86' lang='lat' dir='ltr'><strong>utriusque</strong></span> <span class='ocrx_word' id='word_1_135' title='bbox 1717 1436 1786 1472; x_wconf 89' lang='lat' dir='ltr'><strong>est</strong></span> 
     </span>
     <span class='ocr_line' id='line_1_18' title="bbox 319 1497 1785 1561; baseline 0.001 -16"><span class='ocrx_word' id='word_1_136' title='bbox 319 1500 430 1547; x_wconf 85' lang='lat' dir='ltr'><strong>ratio</strong></span> <span class='ocrx_word' id='word_1_137' title='bbox 446 1537 456 1555; x_wconf 94' lang='lat'><strong>,</strong></span> <span class='ocrx_word' id='word_1_138' title='bbox 495 1510 570 1546; x_wconf 87' lang='lat' dir='ltr'><strong>aut</strong></span> <span class='ocrx_word' id='word_1_139' title='bbox 602 1515 697 1553; x_wconf 90' lang='lat' dir='ltr'><strong>non</strong></span> <span class='ocrx_word' id='word_1_140' title='bbox 715 1497 1102 1551; x_wconf 83' lang='lat' dir='ltr'><strong>tolliturdesectus</strong></span> <span class='ocrx_word' id='word_1_141' title='bbox 1120 1535 1141 1553; x_wconf 94' lang='lat'><strong>,.</strong></span> <span class='ocrx_word' id='word_1_142' title='bbox 1158 1498 1234 1561; x_wconf 90' lang='lat' dir='ltr'><strong>qui</strong></span> <span class='ocrx_word' id='word_1_143' title='bbox 1260 1498 1435 1545; x_wconf 70' lang='lat' dir='ltr'><strong>nullum·</strong></span> <span class='ocrx_word' id='word_1_144' title='bbox 1453 1499 1662 1546; x_wconf 85' lang='lat' dir='ltr'><strong>reddebat</strong></span> <span class='ocrx_word' id='word_1_145' title='bbox 1685 1517 1785 1547; x_wconf 92' lang='lat' dir='ltr'><strong>con-</strong></span> 
     </span>
     <span class='ocr_line' id='line_1_19' title="bbox 317 1573 1784 1638; baseline 0.001 -16"><span class='ocrx_word' id='word_1_146' title='bbox 317 1585 526 1632; x_wconf 82' lang='lat' dir='ltr'><strong>tractum,</strong></span> <span class='ocrx_word' id='word_1_147' title='bbox 563 1585 606 1622; x_wconf 94' lang='lat' dir='ltr'><strong>et</strong></span> <span class='ocrx_word' id='word_1_148' title='bbox 639 1585 764 1630; x_wconf 88' lang='lat' dir='ltr'><strong>tunc,</strong></span> <span class='ocrx_word' id='word_1_149' title='bbox 803 1591 891 1621; x_wconf 92' lang='lat' dir='ltr'><strong>non</strong></span> <span class='ocrx_word' id='word_1_150' title='bbox 923 1573 1136 1620; x_wconf 86' lang='lat' dir='ltr'><strong>existente</strong></span> <span class='ocrx_word' id='word_1_151' title='bbox 1170 1583 1423 1631; x_wconf 86' lang='lat' dir='ltr'><strong>contractu,</strong></span> <span class='ocrx_word' id='word_1_152' title='bbox 1460 1592 1606 1638; x_wconf 84' lang='lat' dir='ltr'><strong>neque</strong></span> <span class='ocrx_word' id='word_1_153' title='bbox 1637 1593 1784 1631; x_wconf 88' lang='lat' dir='ltr'><strong>sacra-</strong></span> 
     </span>
     <span class='ocr_line' id='line_1_20' title="bbox 316 1647 1784 1710; baseline 0.001 -14"><span class='ocrx_word' id='word_1_154' title='bbox 316 1660 511 1697; x_wconf 87' lang='lat' dir='ltr'><strong>mentum</strong></span> <span class='ocrx_word' id='word_1_155' title='bbox 550 1650 729 1710; x_wconf 80' lang='lat' dir='ltr'><strong>existit3</strong></span> <span class='ocrx_word' id='word_1_156' title='bbox 769 1647 845 1697; x_wconf 89' lang='lat' dir='ltr'><strong>aut</strong></span> <span class='ocrx_word' id='word_1_157' title='bbox 877 1647 937 1697; x_wconf 85' lang='lat' dir='ltr'><strong>ita</strong></span> <span class='ocrx_word' id='word_1_158' title='bbox 970 1660 1152 1697; x_wconf 84' lang='lat' dir='ltr'><strong>sanatur</strong></span> <span class='ocrx_word' id='word_1_159' title='bbox 1194 1650 1411 1697; x_wconf 85' lang='lat' dir='ltr'><strong>eiusmodi</strong></span> <span class='ocrx_word' id='word_1_160' title='bbox 1459 1650 1656 1697; x_wconf 82' lang='lat' dir='ltr'><strong>defectus</strong></span> <span class='ocrx_word' id='word_1_161' title='bbox 1679 1689 1689 1706; x_wconf 91' lang='lat'><strong>,</strong></span> <span class='ocrx_word' id='word_1_162' title='bbox 1737 1664 1784 1698; x_wconf 88' lang='lat' dir='ltr'><strong>ut</strong></span> 
     </span>
     <span class='ocr_line' id='line_1_21' title="bbox 316 1725 1776 1789; baseline 0.001 -16"><span class='ocrx_word' id='word_1_163' title='bbox 316 1736 563 1781; x_wconf 87' lang='lat' dir='ltr'><strong>contractus</strong></span> <span class='ocrx_word' id='word_1_164' title='bbox 597 1736 803 1789; x_wconf 83' lang='lat' dir='ltr'><strong>exurgat,</strong></span> <span class='ocrx_word' id='word_1_165' title='bbox 837 1736 880 1773; x_wconf 93' lang='lat' dir='ltr'><strong>et</strong></span> <span class='ocrx_word' id='word_1_166' title='bbox 911 1736 1014 1773; x_wconf 85' lang='lat' dir='ltr'><strong>tunc</strong></span> <span class='ocrx_word' id='word_1_167' title='bbox 1049 1726 1197 1789; x_wconf 87' lang='lat' dir='ltr'><strong>ipsum</strong></span> <span class='ocrx_word' id='word_1_168' title='bbox 1231 1725 1402 1788; x_wconf 83' lang='lat' dir='ltr'><strong>exurgit</strong></span> <span class='ocrx_word' id='word_1_169' title='bbox 1437 1737 1776 1775; x_wconf 85' lang='lat' dir='ltr'><strong>sacramentum.</strong></span> 
     </span>
     <span class='ocr_line' id='line_1_22' title="bbox 316 1802 1782 1867; baseline 0.001 -18"><span class='ocrx_word' id='word_1_170' title='bbox 316 1803 403 1850; x_wconf 91' lang='lat' dir='ltr'><strong>Nec</strong></span> <span class='ocrx_word' id='word_1_171' title='bbox 445 1803 572 1851; x_wconf 90' lang='lat' dir='ltr'><strong>obest</strong></span> <span class='ocrx_word' id='word_1_172' title='bbox 617 1803 735 1867; x_wconf 91' lang='lat' dir='ltr'><strong>quod</strong></span> <span class='ocrx_word' id='word_1_173' title='bbox 779 1802 914 1850; x_wconf 74' lang='lat' dir='ltr'><strong>veluti</strong></span> <span class='ocrx_word' id='word_1_174' title='bbox 956 1802 1199 1850; x_wconf 89' lang='lat' dir='ltr'><strong>absurdum</strong></span> <span class='ocrx_word' id='word_1_175' title='bbox 1243 1802 1507 1859; x_wconf 84' lang='lat' dir='ltr'><strong>traducitur,</strong></span> <span class='ocrx_word' id='word_1_176' title='bbox 1550 1802 1606 1849; x_wconf 90' lang='lat' dir='ltr'><strong>ab</strong></span> <span class='ocrx_word' id='word_1_177' title='bbox 1647 1803 1782 1850; x_wconf 89' lang='lat' dir='ltr'><strong>huius</strong></span> 
     </span>
     <span class='ocr_line' id='line_1_23' title="bbox 315 1878 1783 1944; baseline 0 -18"><span class='ocrx_word' id='word_1_178' title='bbox 315 1879 557 1927; x_wconf 87' lang='lat' dir='ltr'><strong>sententiae</strong></span> <span class='ocrx_word' id='word_1_179' title='bbox 590 1879 786 1944; x_wconf 86' lang='lat' dir='ltr'><strong>patronis</strong></span> <span class='ocrx_word' id='word_1_180' title='bbox 810 1878 868 1926; x_wconf 91' lang='lat' dir='ltr'><strong>de</strong></span> <span class='ocrx_word' id='word_1_181' title='bbox 889 1878 1118 1926; x_wconf 86' lang='lat' dir='ltr'><strong>sacerdote</strong></span> <span class='ocrx_word' id='word_1_182' title='bbox 1146 1878 1369 1934; x_wconf 87' lang='lat' dir='ltr'><strong>ministro,</strong></span> <span class='ocrx_word' id='word_1_183' title='bbox 1398 1878 1553 1925; x_wconf 85' lang='lat' dir='ltr'><strong>confici</strong></span> <span class='ocrx_word' id='word_1_184' title='bbox 1579 1878 1783 1933; x_wconf 83' lang='lat' dir='ltr'><strong>videlicet</strong></span> 
     </span>
     <span class='ocr_line' id='line_1_24' title="bbox 315 1954 1778 2013; baseline -0.001 -12"><span class='ocrx_word' id='word_1_185' title='bbox 315 1965 638 2002; x_wconf 87' lang='lat' dir='ltr'><strong>sacramentum</strong></span> <span class='ocrx_word' id='word_1_186' title='bbox 674 1955 831 2003; x_wconf 87' lang='lat' dir='ltr'><strong>insciis</strong></span> <span class='ocrx_word' id='word_1_187' title='bbox 857 1954 1224 2013; x_wconf 65' lang='lat' dir='ltr'><strong>=contrahentibus</strong></span> <span class='ocrx_word' id='word_1_188' title='bbox 1243 1991 1253 2011; x_wconf 87' lang='lat'><strong>,</strong></span> <span class='ocrx_word' id='word_1_189' title='bbox 1292 1972 1372 2001; x_wconf 88' lang='lat' dir='ltr'><strong>seu</strong></span> <span class='ocrx_word' id='word_1_190' title='bbox 1405 1955 1648 2010; x_wconf 86' lang='lat' dir='ltr'><strong>ministris;</strong></span> <span class='ocrx_word' id='word_1_191' title='bbox 1677 1971 1778 2001; x_wconf 87' lang='lat' dir='ltr'><strong>nam</strong></span> 
     </span>
     <span class='ocr_line' id='line_1_25' title="bbox 312 2029 1776 2094; baseline -0.001 -17"><span class='ocrx_word' id='word_1_192' title='bbox 312 2030 380 2077; x_wconf 89' lang='lat' dir='ltr'><strong>vel</strong></span> <span class='ocrx_word' id='word_1_193' title='bbox 415 2030 525 2094; x_wconf 88' lang='lat' dir='ltr'><strong>ipsis</strong></span> <span class='ocrx_word' id='word_1_194' title='bbox 554 2030 792 2077; x_wconf 82' lang='lat' dir='ltr'><strong>fatentibus</strong></span> <span class='ocrx_word' id='word_1_195' title='bbox 809 2068 819 2086; x_wconf 94' lang='lat'><strong>,</strong></span> <span class='ocrx_word' id='word_1_196' title='bbox 851 2046 1119 2086; x_wconf 91' lang='lat' dir='ltr'><strong>consensus,</strong></span> <span class='ocrx_word' id='word_1_197' title='bbox 1148 2030 1224 2094; x_wconf 91' lang='lat' dir='ltr'><strong>qui</strong></span> <span class='ocrx_word' id='word_1_198' title='bbox 1250 2029 1306 2076; x_wconf 90' lang='lat' dir='ltr'><strong>ab</strong></span> <span class='ocrx_word' id='word_1_199' title='bbox 1330 2030 1455 2076; x_wconf 88' lang='lat' dir='ltr'><strong>initio</strong></span> <span class='ocrx_word' id='word_1_200' title='bbox 1480 2029 1535 2076; x_wconf 92' lang='lat' dir='ltr'><strong>ob</strong></span> <span class='ocrx_word' id='word_1_201' title='bbox 1559 2029 1776 2078; x_wconf 89' lang='lat' dir='ltr'><strong>occultum</strong></span> 
     </span>
     <span class='ocr_line' id='line_1_26' title="bbox 313 2105 1778 2169; baseline 0.001 -17"><span class='ocrx_word' id='word_1_202' title='bbox 313 2106 675 2169; x_wconf 89' lang='lat' dir='ltr'><strong>impedimentum</strong></span> <span class='ocrx_word' id='word_1_203' title='bbox 708 2106 856 2163; x_wconf 90' lang='lat' dir='ltr'><strong>nullus</strong></span> <span class='ocrx_word' id='word_1_204' title='bbox 890 2106 1051 2163; x_wconf 84' lang='lat' dir='ltr'><strong>extitit,</strong></span> <span class='ocrx_word' id='word_1_205' title='bbox 1090 2106 1248 2169; x_wconf 83' lang='lat' dir='ltr'><strong>iugiter</strong></span> <span class='ocrx_word' id='word_1_206' title='bbox 1272 2123 1351 2152; x_wconf 89' lang='lat' dir='ltr'><strong>seu</strong></span> <span class='ocrx_word' id='word_1_207' title='bbox 1375 2105 1596 2152; x_wconf 88' lang='lat' dir='ltr'><strong>moraliter</strong></span> <span class='ocrx_word' id='word_1_208' title='bbox 1627 2122 1778 2169; x_wconf 91' lang='lat' dir='ltr'><strong>perse-</strong></span> 
     </span>
     <span class='ocr_line' id='line_1_27' title="bbox 311 2181 1775 2246; baseline 0 -17"><span class='ocrx_word' id='word_1_209' title='bbox 311 2191 463 2238; x_wconf 86' lang='lat' dir='ltr'><strong>verat·;</strong></span> <span class='ocrx_word' id='word_1_210' title='bbox 509 2199 608 2228; x_wconf 93' lang='lat' dir='ltr'><strong>cum</strong></span> <span class='ocrx_word' id='word_1_211' title='bbox 649 2182 836 2246; x_wconf 86' lang='lat' dir='ltr'><strong>proinde</strong></span> <span class='ocrx_word' id='word_1_212' title='bbox 868 2181 1058 2229; x_wconf 86' lang='lat' dir='ltr'><strong>sufficiat</strong></span> <span class='ocrx_word' id='word_1_213' title='bbox 1091 2182 1270 2229; x_wconf 90' lang='lat' dir='ltr'><strong>moralis</strong></span> <span class='ocrx_word' id='word_1_214' title='bbox 1305 2181 1414 2228; x_wconf 90' lang='lat' dir='ltr'><strong>haec</strong></span> <span class='ocrx_word' id='word_1_215' title='bbox 1435 2182 1775 2245; x_wconf 62' lang='lat' dir='ltr'><strong>‘perseverantia</strong></span> 
     </span>
     <span class='ocr_line' id='line_1_28' title="bbox 311 2256 1774 2322; baseline 0 -18"><span class='ocrx_word' id='word_1_216' title='bbox 311 2274 554 2305; x_wconf 89' lang='lat' dir='ltr'><strong>consensus</strong></span> <span class='ocrx_word' id='word_1_217' title='bbox 592 2258 791 2320; x_wconf 86' lang='lat' dir='ltr'><strong>praestiti</strong></span> <span class='ocrx_word' id='word_1_218' title='bbox 824 2257 880 2305; x_wconf 85' lang='lat' dir='ltr'><strong>ad</strong></span> <span class='ocrx_word' id='word_1_219' title='bbox 915 2257 1284 2306; x_wconf 88' lang='lat' dir='ltr'><strong>convalidandum</strong></span> <span class='ocrx_word' id='word_1_220' title='bbox 1328 2256 1653 2304; x_wconf 89' lang='lat' dir='ltr'><strong>matrimonium</strong></span> <span class='ocrx_word' id='word_1_221' title='bbox 1686 2275 1774 2322; x_wconf 90' lang='lat' dir='ltr'><strong>qua</strong></span> 
     </span>
    </p>
   </div>
   <div class='ocr_carea' id='block_1_3' title="bbox 302 2390 1775 2850">
    <p class='ocr_par' dir='ltr' id='par_1_5' title="bbox 302 2390 1775 2850">
     <span class='ocr_line' id='line_1_29' title="bbox 406 2390 1769 2434; baseline -0.001 -10"><span class='ocrx_word' id='word_1_222' title='bbox 406 2392 471 2433; x_wconf 78' lang='lat'>(44)</span> <span class='ocrx_word' id='word_1_223' title='bbox 493 2393 597 2425; x_wconf 86' lang='lat' dir='ltr'><strong>Huius</strong></span> <span class='ocrx_word' id='word_1_224' title='bbox 612 2393 658 2425; x_wconf 86' lang='lat' dir='ltr'><strong>rei</strong></span> <span class='ocrx_word' id='word_1_225' title='bbox 671 2401 735 2425; x_wconf 89' lang='lat' dir='ltr'><strong>non</strong></span> <span class='ocrx_word' id='word_1_226' title='bbox 751 2393 923 2425; x_wconf 88' lang='lat' dir='ltr'><strong>obscurum</strong></span> <span class='ocrx_word' id='word_1_227' title='bbox 940 2392 1167 2426; x_wconf 86' lang='lat' dir='ltr'><strong>documentum</strong></span> <span class='ocrx_word' id='word_1_228' title='bbox 1183 2393 1337 2426; x_wconf 87' lang='lat' dir='ltr'><strong>habemus</strong></span> <span class='ocrx_word' id='word_1_229' title='bbox 1349 2392 1382 2425; x_wconf 91' lang='lat' dir='ltr'><strong>in</strong></span> <span class='ocrx_word' id='word_1_230' title='bbox 1396 2392 1550 2434; x_wconf 83' lang='lat' dir='ltr'><strong>rescripto</strong></span> <span class='ocrx_word' id='word_1_231' title='bbox 1564 2392 1640 2424; x_wconf 85' lang='lat' dir='ltr'><strong>dato</strong></span> <span class='ocrx_word' id='word_1_232' title='bbox 1653 2390 1708 2422; x_wconf 76' lang='lat' dir='ltr'><strong>die</strong></span> <span class='ocrx_word' id='word_1_233' title='bbox 1720 2396 1769 2423; x_wconf 85' lang='lat'><strong>22.</strong></span> 
     </span>
     <span class='ocr_line' id='line_1_30' title="bbox 308 2442 1775 2485; baseline -0.001 -9"><span class='ocrx_word' id='word_1_234' title='bbox 308 2444 409 2485; x_wconf 83' lang='lat' dir='ltr'><strong>April.</strong></span> <span class='ocrx_word' id='word_1_235' title='bbox 421 2447 511 2476; x_wconf 81' lang='grc'>1795.</span> <span class='ocrx_word' id='word_1_236' title='bbox 526 2453 545 2476; x_wconf 84' lang='lat' dir='ltr'><strong>a</strong></span> <span class='ocrx_word' id='word_1_237' title='bbox 559 2444 811 2485; x_wconf 79' lang='lat' dir='ltr'><strong>congregatione</strong></span> <span class='ocrx_word' id='word_1_238' title='bbox 829 2453 887 2485; x_wconf 86' lang='lat' dir='ltr'><strong>pro</strong></span> <span class='ocrx_word' id='word_1_239' title='bbox 901 2444 1037 2485; x_wconf 87' lang='lat' dir='ltr'><strong>negotiis</strong></span> <span class='ocrx_word' id='word_1_240' title='bbox 1050 2445 1203 2477; x_wconf 86' lang='lat' dir='ltr'><strong>ecclesiae</strong></span> <span class='ocrx_word' id='word_1_241' title='bbox 1219 2445 1395 2485; x_wconf 80' lang='lat' dir='ltr'><strong>gallicanae</strong></span> <span class='ocrx_word' id='word_1_242' title='bbox 1409 2444 1582 2484; x_wconf 78' lang='lat' dir='ltr'><strong>deputata3</strong></span> <span class='ocrx_word' id='word_1_243' title='bbox 1608 2442 1775 2483; x_wconf 80' lang='lat' dir='ltr'><strong>petebatur</strong></span> 
     </span>
     <span class='ocr_line' id='line_1_31' title="bbox 307 2495 1775 2537; baseline 0 -10"><span class='ocrx_word' id='word_1_244' title='bbox 307 2495 467 2535; x_wconf 83' lang='lat' dir='ltr'><strong>siquidem</strong></span> <span class='ocrx_word' id='word_1_245' title='bbox 490 2496 573 2528; x_wconf 81' lang='lat' dir='ltr'><strong>inter</strong></span> <span class='ocrx_word' id='word_1_246' title='bbox 596 2496 681 2528; x_wconf 85' lang='lat' dir='ltr'><strong>alia:</strong></span> <span class='ocrx_word' id='word_1_247' title='bbox 703 2508 721 2524; x_wconf 79' lang='grc' dir='ltr'>α</span> <span class='ocrx_word' id='word_1_248' title='bbox 736 2496 907 2537; x_wconf 76' lang='lat' dir='ltr'><strong>supposito</strong></span> <span class='ocrx_word' id='word_1_249' title='bbox 930 2495 1018 2536; x_wconf 89' lang='lat' dir='ltr'><strong>quod</strong></span> <span class='ocrx_word' id='word_1_250' title='bbox 1046 2495 1286 2528; x_wconf 82' lang='lat' dir='ltr'><strong>matrimonium</strong></span> <span class='ocrx_word' id='word_1_251' title='bbox 1312 2495 1508 2528; x_wconf 83' lang='lat' dir='ltr'><strong>celebratum</strong></span> <span class='ocrx_word' id='word_1_252' title='bbox 1533 2495 1629 2526; x_wconf 83' lang='lat' dir='ltr'><strong>fuerit</strong></span> <span class='ocrx_word' id='word_1_253' title='bbox 1655 2495 1775 2535; x_wconf 78' lang='lat' dir='ltr'><strong>absque</strong></span> 
     </span>
     <span class='ocr_line' id='line_1_32' title="bbox 307 2546 1771 2589; baseline -0.001 -10"><span class='ocrx_word' id='word_1_254' title='bbox 307 2547 528 2580; x_wconf 88' lang='lat' dir='ltr'><strong>benedictione</strong></span> <span class='ocrx_word' id='word_1_255' title='bbox 543 2548 737 2588; x_wconf 85' lang='lat' dir='ltr'><strong>sacerdotis,</strong></span> <span class='ocrx_word' id='word_1_256' title='bbox 754 2549 810 2589; x_wconf 88' lang='lat' dir='ltr'><strong>qui</strong></span> <span class='ocrx_word' id='word_1_257' title='bbox 824 2550 902 2580; x_wconf 88' lang='lat' dir='ltr'><strong>tunc</strong></span> <span class='ocrx_word' id='word_1_258' title='bbox 913 2549 1078 2589; x_wconf 84' lang='lat' dir='ltr'><strong>(tempore</strong></span> <span class='ocrx_word' id='word_1_259' title='bbox 1092 2548 1274 2579; x_wconf 84' lang='lat' dir='ltr'><strong>rebellionis</strong></span> <span class='ocrx_word' id='word_1_260' title='bbox 1288 2547 1447 2588; x_wconf 85' lang='lat' dir='ltr'><strong>gallicae)</strong></span> <span class='ocrx_word' id='word_1_261' title='bbox 1470 2546 1581 2578; x_wconf 87' lang='lat' dir='ltr'><strong>haberi</strong></span> <span class='ocrx_word' id='word_1_262' title='bbox 1603 2555 1668 2578; x_wconf 88' lang='lat' dir='ltr'><strong>non</strong></span> <span class='ocrx_word' id='word_1_263' title='bbox 1683 2549 1771 2587; x_wconf 85' lang='lat' dir='ltr'><strong>pote-</strong></span> 
     </span>
     <span class='ocr_line' id='line_1_33' title="bbox 307 2599 1771 2642; baseline 0.001 -11"><span class='ocrx_word' id='word_1_264' title='bbox 307 2601 356 2631; x_wconf 83' lang='lat' dir='ltr'><strong>rat</strong></span> <span class='ocrx_word' id='word_1_265' title='bbox 367 2623 376 2639; x_wconf 88' lang='lat'><em>‚</em></span> <span class='ocrx_word' id='word_1_266' title='bbox 392 2609 434 2631; x_wconf 87' lang='lat' dir='ltr'><strong>an</strong></span> <span class='ocrx_word' id='word_1_267' title='bbox 450 2600 620 2633; x_wconf 81' lang='lat' dir='ltr'><strong>conveniat</strong></span> <span class='ocrx_word' id='word_1_268' title='bbox 631 2609 689 2633; x_wconf 88' lang='lat' dir='ltr'><strong>nec</strong></span> <span class='ocrx_word' id='word_1_269' title='bbox 702 2609 743 2633; x_wconf 91' lang='lat' dir='ltr'><strong>ne</strong></span> <span class='ocrx_word' id='word_1_270' title='bbox 754 2602 791 2632; x_wconf 91' lang='lat' dir='ltr'><strong>ut</strong></span> <span class='ocrx_word' id='word_1_271' title='bbox 804 2601 946 2642; x_wconf 76' lang='lat' dir='ltr'><strong>praefata</strong></span> <span class='ocrx_word' id='word_1_272' title='bbox 969 2599 1148 2632; x_wconf 84' lang='lat' dir='ltr'><strong>benedictio</strong></span> <span class='ocrx_word' id='word_1_273' title='bbox 1164 2601 1274 2640; x_wconf 87' lang='lat' dir='ltr'><strong>postea</strong></span> <span class='ocrx_word' id='word_1_274' title='bbox 1292 2599 1488 2640; x_wconf 84' lang='lat' dir='ltr'><strong>suppleatur.</strong></span> <span class='ocrx_word' id='word_1_275' title='bbox 1507 2599 1555 2630; x_wconf 85' lang='lat' dir='ltr'><strong>Ad</strong></span> <span class='ocrx_word' id='word_1_276' title='bbox 1575 2599 1659 2630; x_wconf 85' lang='lat' dir='ltr'><strong>hanc</strong></span> <span class='ocrx_word' id='word_1_277' title='bbox 1674 2608 1771 2640; x_wconf 84' lang='lat' dir='ltr'><strong>quae·</strong></span> 
     </span>
     <span class='ocr_line' id='line_1_34' title="bbox 302 2650 1769 2694; baseline 0.001 -12"><span class='ocrx_word' id='word_1_278' title='bbox 302 2651 438 2683; x_wconf 90' lang='lat' dir='ltr'><strong>stionem</strong></span> <span class='ocrx_word' id='word_1_279' title='bbox 463 2653 526 2685; x_wconf 90' lang='lat' dir='ltr'><strong>iam</strong></span> <span class='ocrx_word' id='word_1_280' title='bbox 552 2653 630 2685; x_wconf 89' lang='lat' dir='ltr'><strong>olim</strong></span> <span class='ocrx_word' id='word_1_281' title='bbox 654 2653 853 2694; x_wconf 89' lang='lat' dir='ltr'><strong>propositam</strong></span> <span class='ocrx_word' id='word_1_282' title='bbox 873 2660 1059 2693; x_wconf 86' lang='lat' dir='ltr'><strong>responsum</strong></span> <span class='ocrx_word' id='word_1_283' title='bbox 1083 2653 1161 2684; x_wconf 85' lang='lat' dir='ltr'><strong>tunc</strong></span> <span class='ocrx_word' id='word_1_284' title='bbox 1181 2651 1243 2683; x_wconf 75' lang='lat' dir='ltr'><strong>ruit</strong></span> <span class='ocrx_word' id='word_1_285' title='bbox 1258 2650 1383 2692; x_wconf 82' lang='lat' dir='ltr'><strong>fideles</strong></span> <span class='ocrx_word' id='word_1_286' title='bbox 1411 2651 1599 2683; x_wconf 80' lang='lat' dir='ltr'><strong>hortandos</strong></span> <span class='ocrx_word' id='word_1_287' title='bbox 1617 2659 1687 2683; x_wconf 82' lang='lat' dir='ltr'><strong>esse</strong></span> <span class='ocrx_word' id='word_1_288' title='bbox 1709 2653 1769 2692; x_wconf 82' lang='lat' dir='ltr'><strong>ut,</strong></span> 
     </span>
     <span class='ocr_line' id='line_1_35' title="bbox 302 2702 1770 2746; baseline 0 -11"><span class='ocrx_word' id='word_1_289' title='bbox 302 2711 382 2735; x_wconf 85' lang='lat' dir='ltr'><strong>cum</strong></span> <span class='ocrx_word' id='word_1_290' title='bbox 394 2703 581 2736; x_wconf 64' lang='lat' dir='ltr'><strong>sacerdotis</strong></span> <span class='ocrx_word' id='word_1_291' title='bbox 591 2706 724 2746; x_wconf 81' lang='lat' dir='ltr'><strong>copiam</strong></span> <span class='ocrx_word' id='word_1_292' title='bbox 738 2702 1088 2745; x_wconf 76' lang='lat' dir='ltr'><strong>haberepossunt,-ab</strong></span> <span class='ocrx_word' id='word_1_293' title='bbox 1100 2711 1137 2735; x_wconf 87' lang='lat' dir='ltr'><strong>eo</strong></span> <span class='ocrx_word' id='word_1_294' title='bbox 1149 2702 1415 2736; x_wconf 80' lang='lat' dir='ltr'><strong>benedictionem</strong></span> <span class='ocrx_word' id='word_1_295' title='bbox 1423 2705 1565 2745; x_wconf 75' lang='lat' dir='ltr'><strong>petant,</strong></span> <span class='ocrx_word' id='word_1_296' title='bbox 1580 2705 1641 2745; x_wconf 72' lang='lat' dir='ltr'><strong>qut·</strong></span> <span class='ocrx_word' id='word_1_297' title='bbox 1655 2705 1770 2735; x_wconf 79' lang='lat' dir='ltr'><strong>tamen</strong></span> 
     </span>
     <span class='ocr_line' id='line_1_36' title="bbox 304 2754 1769 2797; baseline 0.002 -12"><span class='ocrx_word' id='word_1_298' title='bbox 304 2754 376 2786; x_wconf 75' lang='lat' dir='ltr'><strong>illis</strong></span> <span class='ocrx_word' id='word_1_299' title='bbox 395 2754 606 2797; x_wconf 73' lang='lat' dir='ltr'><strong>declarabit,</strong></span> <span class='ocrx_word' id='word_1_300' title='bbox 628 2756 828 2795; x_wconf 73' lang='lat' dir='ltr'><strong>huiusmodi</strong></span> <span class='ocrx_word' id='word_1_301' title='bbox 850 2756 1115 2794; x_wconf 78' lang='lat' dir='ltr'><strong>benedictionem</strong></span> <span class='ocrx_word' id='word_1_302' title='bbox 1134 2764 1175 2787; x_wconf 69' lang='lat' dir='ltr'><strong>An</strong></span> <span class='ocrx_word' id='word_1_303' title='bbox 1191 2763 1402 2788; x_wconf 69' lang='lat' dir='ltr'><strong>nuni-rnen</strong></span> <span class='ocrx_word' id='word_1_304' title='bbox 1424 2764 1537 2788; x_wconf 72' lang='lat' dir='ltr'><strong>mmm:</strong></span> <span class='ocrx_word' id='word_1_305' title='bbox 1560 2764 1769 2788; x_wconf 64' lang='lat' dir='ltr'><strong>rennuens.»</strong></span> 
     </span>
     <span class='ocr_line' id='line_1_37' title="bbox 303 2806 1271 2850; baseline 0.001 -13"><span class='ocrx_word' id='word_1_306' title='bbox 303 2806 396 2847; x_wconf 75' lang='lat' dir='ltr'><strong>Apud</strong></span> <span class='ocrx_word' id='word_1_307' title='bbox 410 2808 516 2839; x_wconf 87' lang='lat' dir='ltr'><strong>Moser</strong></span> <span class='ocrx_word' id='word_1_308' title='bbox 530 2807 706 2840; x_wconf 80' lang='lat' dir='ltr'><strong>Declarat.</strong></span> <span class='ocrx_word' id='word_1_309' title='bbox 722 2817 764 2841; x_wconf 84' lang='lat' dir='ltr'><strong>ac</strong></span> <span class='ocrx_word' id='word_1_310' title='bbox 778 2807 917 2841; x_wconf 76' lang='lat' dir='ltr'><strong>decreta</strong></span> <span class='ocrx_word' id='word_1_311' title='bbox 930 2816 1016 2840; x_wconf 88' lang='lat' dir='ltr'><strong>rom.</strong></span> <span class='ocrx_word' id='word_1_312' title='bbox 1024 2806 1155 2850; x_wconf 76' lang='lat' dir='ltr'><strong>pontis.</strong></span> <span class='ocrx_word' id='word_1_313' title='bbox 1172 2816 1204 2840; x_wconf 94' lang='lat' dir='ltr'><strong>n.</strong></span> <span class='ocrx_word' id='word_1_314' title='bbox 1217 2808 1271 2839; x_wconf 85' lang='lat' dir='ltr'><strong>lX.</strong></span> 
     </span>
    </p>
   </div>
  </div>
 </body>
</html>
