1918 3186
330 230 419 261 cir.
448 229 490 259 v.
520 228 615 259 nir.
645 226 702 258 iv.
732 224 825 256 ine.
857 224 1085 263 urniusoue
1109 224 1225 258 seur.
1255 223 1389 256 nmen.
1506 208 1598 254 175

128 307 316 354 fuissent
340 305 563 361 invalida,
586 303 783 366 legitima
807 301 919 349 sunt¹
934 302 1113 358 effecta;
1142 318 1224 350 nec
1247 318 1335 349 non
1358 300 1458 358 illa,
1486 317 1602 366 quae

128 383 173 429 in
208 382 369 430 exteris
405 379 660 444 regionibus
695 377 971 426 sacerdotum
1006 378 1178 426 defectu
1208 395 1235 426 a
1264 377 1374 426 solis
1408 378 1522 425 inter
1554 395 1603 426 se

128 457 334 505 fidelibus
369 474 515 504 coram
549 455 732 502 delectis
766 453 953 501 testibus
989 453 1163 501 suerunt
1201 453 1421 502 celebrata
1453 470 1504 501 ac
1536 470 1604 501 ce-

127 533 375 589 lebrantur3
417 532 495 579 illa
529 532 714 595 insuper
746 547 861 596 quae
900 540 1111 577 renuente
1144 529 1338 594 parocho
1373 539 1506 595 atque
1538 530 1604 577 in-

125 609 216 656 vito
244 624 323 673 per
346 616 547 654 mutuum
576 623 842 654 consensum
866 622 1013 652 coram
1037 604 1211 652 duobus
1235 605 1424 653 testibus
1447 604 1604 653 effecta

128 694 264 741 sunt;
313 700 428 748 quae
473 699 619 731 coram
667 683 860 747 parocho
905 682 1092 730 diacono
1135 682 1342 729 ineuntur
1369 720 1379 738 ,
1426 681 1605 747 aliaque

129 760 368 808 eiusmodi.

224 837 333 883 Item
368 845 672 899 argumentum
711 834 995 882 ineluctabile
1028 845 1126 892 est,
1164 834 1284 899 quod
1319 851 1372 881 ex
1406 834 1606 882 declara-

130 913 250 959 tione
282 922 326 959 et
353 910 554 958 doctrina
577 927 686 957 rom.
716 909 973 975 pontificum
1004 908 1220 975 suppetit,
1248 909 1508 974 praesertim
1530 910 1607 957 Be-

130 986 293 1034 nedicti
315 986 425 1032 xlv.
449 1002 501 1032 ac
526 985 591 1031 Pii
617 986 690 1031 IX.
716 985 792 1050 qui
817 1002 1026 1049 expresse
1050 995 1376 1032 sacramentum
1410 984 1604 1047 coniugii

130 1063 176 1108 in
208 1071 363 1108 mutuo
398 1061 590 1125 partium
630 1077 850 1109 consensu
884 1059 1236 1118 constituerunt,
1275 1060 1338 1107 uti
1371 1076 1426 1107 ex
1459 1058 1606 1108 allatis

129 1136 405 1185 documentis
440 1145 628 1183 constat.

226 1214 363 1262 Nemo
397 1213 532 1277 igitur
565 1213 642 1278 qui
666 1212 751 1260 sibi
778 1229 1024 1277 repugnare
1046 1212 1166 1269 velit,
1195 1213 1277 1260 ibit
1299 1213 1476 1260 inficias
1510 1229 1607 1260 sen-

129 1289 328 1345 tentiam,
352 1306 467 1354 quae
491 1298 608 1336 tenet
630 1288 937 1336 contrahentes
961 1287 1080 1336 solos
1102 1305 1203 1336 esse
1227 1287 1490 1336 sacramenti
1511 1305 1606 1335 ma-

130 1365 325 1414 trimonii
360 1365 618 1421 ministros,
656 1382 758 1412 esse
798 1364 929 1412 unice
969 1381 1146 1421 veram,
1192 1364 1281 1413 imo
1314 1375 1358 1412 et
1391 1363 1604 1413 ecclesiae

128 1440 373 1488 catholicae
405 1440 668 1488 doctrinam.
698 1440 752 1486 Et
778 1439 889 1487 haec
924 1439 1154 1487 hactenus.

677 1584 894 1622 CAPUT
922 1585 1015 1621 Vl·

483 1702 534 1733 ΒΕ
569 1701 956 1734 INSEPARABILITATE
991 1702 1253 1736 CONTRACTUS

357 1767 406 1799 ΕΤ
439 1766 698 1799 SACRAMENTI
733 1766 777 1798 IN
810 1767 1070 1799 MATRlMONlo
1104 1768 1364 1801 CHRISTIANO.

707 1878 985 1916 ARTICULUS
1003 1880 1033 1916 l.

208 1969 251 2006 In
278 1969 466 2019 coniugiis
491 1968 788 2007 christianorum
815 1969 1080 2019 inseparabilis
1104 1972 1162 2007 est
1186 1970 1284 2007 ratio
1313 1972 1532 2007 contractus

309 2037 347 2071 et
361 2035 590 2072 sacramenti
619 2038 733 2083 atque
759 2033 826 2071 ubi
855 2044 932 2072 non
963 2033 1126 2073 habetur
1148 2037 1429 2072 sacramentum

586 2108 709 2147 neque
735 2097 896 2136 habetur
924 2102 1157 2137 contractus.

232 2200 490 2256 Quaestioni
515 2199 570 2247 de
594 2200 799 2248 ministro
833 2201 971 2248 altera
1003 2201 1114 2248 haec
1148 2201 1350 2265 quaestio
1383 2200 1601 2258 succedit,

135 2293 251 2341 quae
274 2276 416 2340 magis
446 2276 578 2324 etiam
613 2277 810 2342 proxime
839 2294 1035 2324 connexa
1059 2287 1126 2324 est
1147 2293 1247 2324 cum
1269 2277 1528 2342 quaestione
1551 2277 1607 2324 de

136 2352 419 2400 matrimonio
455 2352 593 2399 civili.

233 2429 342 2476 Cum
383 2440 529 2477 autem
563 2429 618 2476 de
653 2429 941 2494 inseparabili
986 2440 1233 2478 contractus
1266 2441 1310 2477 et
1341 2431 1605 2478 sacramenti

138 2506 307 2553 ratione
341 2506 387 2552 in
421 2504 763 2553 christianorum
798 2506 1018 2570 coniugiis
1061 2505 1347 2563 disserimus,
1385 2506 1513 2553 haud·
1543 2506 1608 2553 in-

139 2581 360 2629 tendimus
403 2581 524 2647 loqui
560 2582 617 2629 de
650 2581 904 2630 alterutrius
949 2592 1161 2647 conceptu
1190 2620 1199 2640 ,
1246 2599 1326 2629 seu
1358 2583 1531 2631 ratione·
1558 2583 1605 2630 in

139 2654 379 2714 abstracto,
416 2669 636 2722 quatenus
669 2675 827 2722 nempe
859 2675 938 2722 per
969 2657 1129 2705 mentis
1163 2657 1501 2706 abstractionem
1532 2671 1607 2724 ap-

142 2725 353 2795 prehendi
377 2734 615 2798 separatim
639 2743 840 2798 possunt.
869 2734 1042 2781 Etenim
1065 2733 1181 2791 ultro
1204 2734 1392 2782 fatemur
1414 2733 1498 2784 sub
1521 2735 1605 2783 hoc

144 2817 343 2871 respectu
377 2808 559 2856 alterum
593 2809 650 2855 ab
682 2808 816 2856 altero
850 2808 1061 2872 distingui
1100 2827 1262 2873 posse,
1301 2828 1353 2859 ac
1380 2811 1598 2876 dispesci.
