1912 3180
347 192 437 238 388
606 209 685 240 mn.
716 206 746 237 1.
778 205 892 239 sacr.
922 204 1095 237 Atreu.
1126 204 1178 236 mi·
1206 203 1380 237 numu.
1410 203 1550 236 mvm.

344 284 656 348 impedimenta
699 283 916 331 canonica
949 293 995 330 et
1026 280 1346 346 impedimenta
1379 280 1557 337 civilia;
1608 281 1813 333 effraenis

342 376 511 407 morum
536 359 739 416 licentia3
761 359 944 408 moralis
961 357 1302 424 impossibilitas
1327 356 1636 405 celebrationis
1660 375 1810 408 eorum

341 434 662 498 coniugiorum,
702 453 817 501 quae
852 453 880 483 a
914 435 1171 482 conscientia
1206 451 1365 481 nomen
1401 433 1568 482 habent
1587 472 1598 491 ,
1637 452 1727 499 quo
1761 435 1811 484 fit

338 520 387 557 ut
414 511 528 558 sacri
557 512 766 569 ministri,
794 513 873 578 qui
898 512 1038 576 legem
1074 510 1317 558 naturalem
1347 527 1399 557 ac
1431 510 1629 559 divinam
1653 511 1711 559 ad
1735 529 1809 560 sa-

340 584 475 633 lutem
519 588 767 636 animarum
801 588 888 652 legi
922 587 1141 653 positivae
1174 587 1396 633 humanae
1429 597 1718 652 anteponunt,
1757 606 1807 636 se

338 678 557 726 exponere
573 663 764 712 debeant
780 664 937 728 poenis
954 661 1232 726 gravissimis
1251 679 1278 709 a
1297 661 1393 725 lege
1411 663 1665 711 constitutis
1687 666 1805 727 (65).

336 737 634 786 Divortiorum
669 739 851 788 libertas
877 750 920 786 et
943 738 1157 794 facilitas,
1196 754 1312 802 quae
1344 754 1445 785 cum
1480 737 1618 786 semel
1651 755 1679 786 a
1711 757 1806 788 ma-

336 813 525 876 gistratu
557 815 728 863 sancita
751 815 938 870 fuerint,
968 823 1072 862 sunt
1095 830 1277 878 prorsus
1312 812 1636 861 irrevocabilia.
1660 813 1808 870 Quare

338 889 559 939 interdum
591 892 667 949 fit,
704 903 753 940 ut
785 891 874 939 duo
907 890 1145 954 coniuges,
1174 894 1251 955 qui
1282 907 1383 938 cum
1416 889 1653 938 divortium
1687 890 1804 939 fece-

336 966 449 1024 rint,
486 967 640 1016 volunt
661 986 711 1016 se
735 967 925 1015 invicem
950 966 1260 1023 reconciliare,
1289 976 1523 1031 ratumque
1545 984 1676 1014 suum
1699 984 1806 1015 con-

337 1043 506 1107 iugium
546 1045 735 1102 habere,
780 1044 1033 1092 nullatenus
1074 1043 1276 1092 obtinere
1318 1043 1365 1090 id
1398 1043 1599 1100 va'leant3
1645 1043 1806 1092 exinde

336 1130 561 1184 tamquam
580 1120 882 1168 concubinarii
907 1119 1126 1168 habentur
1142 1119 1220 1184 qui
1244 1119 1301 1167 ab
1324 1119 1514 1168 ecclesia
1536 1119 1671 1167 veluti
1696 1137 1804 1168 con-

336 1194 462 1257 iuges
487 1195 673 1259 legitimi
698 1207 970 1261 spectantur.
993 1197 1132 1244 Immo
1149 1213 1237 1243 non
1257 1195 1393 1243 semel
1412 1195 1602 1252 accidit,
1629 1205 1680 1242 ut
1701 1212 1803 1242 cum

333 1270 476 1334 possit
512 1272 777 1335 gubernium
811 1273 1075 1337 dispensare
1104 1272 1161 1320 ab
1191 1271 1519 1337 impedimentis
1554 1288 1581 1319 a
1614 1288 1664 1319 se
1698 1288 1804 1319 con-

335 1348 502 1396 stitutis
535 1349 793 1406 affinitatis,
823 1360 899 1396 aut
921 1347 1371 1412 consanguineitatis,
1399 1365 1515 1412 quae
1548 1347 1803 1396 communia

333 1433 439 1471 sunt
471 1440 572 1471 cum
606 1425 938 1489 impedimentis
983 1424 1209 1473 canonicis
1227 1462 1237 1481 ,
1285 1434 1460 1472 recuset
1502 1423 1800 1489 dispensatio-

330 1516 432 1547 nem
456 1499 531 1557 iis,
559 1501 637 1565 qui
662 1501 719 1549 ab
743 1501 932 1550 ecclesia
965 1500 1215 1566 dispensati
1249 1511 1354 1548 sunt
1370 1538 1380 1557 ,
1408 1510 1451 1548 et
1473 1500 1534 1547 ita
1558 1500 1660 1548 novi
1684 1517 1802 1548 sem-

330 1592 411 1639 per
443 1576 646 1624 oriuntur
678 1577 928 1625 conflictus.
958 1578 1146 1641 Insuper
1168 1594 1247 1641 per
1276 1576 1418 1639 legem
1452 1575 1672 1639 belgicam
1713 1575 1803 1624 nisi

329 1667 448 1698 mors
472 1650 726 1700 alterutrius
751 1652 953 1715 coniugis
977 1651 1185 1717 probetur
1206 1669 1286 1716 per
1309 1662 1443 1699 testes
1466 1651 1682 1708 oculatos,
1710 1667 1800 1700 non

328 1725 575 1775 admittitur
607 1727 749 1776 altera
781 1746 886 1793 pars
911 1728 968 1775 ad
991 1727 1113 1776 aliud
1137 1728 1392 1791 coniugium
1421 1726 1770 1775 contrahendum
1787 1764 1797 1784 ,

329 1802 461 1849 etiam
495 1813 598 1867 post
630 1804 887 1852 dilationem
924 1806 1000 1851 20.
1041 1815 1118 1852 aut
1153 1806 1230 1851 30.
1269 1821 1511 1860 annorum,
1549 1821 1638 1868 quo
1671 1803 1722 1850 fit
1753 1814 1802 1851 ut

329 1894 430 1925 cum
465 1889 629 1926 nautae
653 1897 679 1927 a
707 1881 916 1929 fluctibus
951 1880 1269 1939 absorbentur,
1309 1881 1367 1928 ad
1400 1891 1664 1945 perpetuum
1698 1897 1798 1928 cae-

325 1952 512 2000 libatum
558 1972 710 2003 eorum
752 1956 914 2004 viduae
954 1957 1219 2004 damnentur
1235 1995 1245 2014 ,
1289 1956 1397 2007 dum
1438 1956 1625 2004 ecclesia
1666 1955 1797 2019 longe

329 2029 478 2077 mitior
511 2041 595 2078 est.
626 2033 854 2080 Praeterea
887 2032 1119 2080 libidinosi
1153 2032 1406 2097 perditique
1441 2042 1666 2097 apostatae
1706 2048 1794 2078 non

325 2106 488 2154 desunt
511 2108 763 2157 sacerdotes
788 2127 841 2157 ac
865 2109 1086 2173 religiosi,
1115 2108 1194 2173 qui
1218 2108 1389 2155 ludicra
1416 2107 1638 2156 eiusmodi
1673 2107 1798 2154 iden-

327 2182 463 2230 tidem
481 2183 706 2232 celebrent
721 2186 930 2249 coniugia
953 2185 1138 2250 publico
1162 2202 1262 2232 cum
1287 2185 1486 2233 omnium
1516 2182 1728 2232 scandalo
1750 2193 1794 2230 et

320 2258 582 2307 offensione.
606 2260 752 2316 Quum
776 2261 969 2326 denique
993 2261 1113 2309 haud
1133 2261 1264 2326 pauci
1284 2260 1559 2325 reperiantur
1574 2277 1628 2306 ex
1646 2258 1792 2306 classe

321 2334 500 2383 infimae
524 2336 668 2400 plebis
692 2347 736 2385 et
758 2337 985 2402 opificum,
1013 2338 1089 2402 qui
1116 2355 1204 2385 non
1228 2337 1428 2385 valentes
1453 2352 1552 2384 sese
1575 2335 1793 2383 subiicere

319 2412 544 2474 expensis,
560 2430 676 2477 quae
692 2413 750 2460 ad
769 2424 916 2461 actum
935 2413 1108 2461 civilem
1128 2414 1380 2478 exiguntur,
1396 2430 1448 2461 ac
1461 2422 1693 2477 propterea
1711 2428 1792 2458 nec

320 2503 465 2534 coram
490 2488 680 2537 ecclesia
702 2490 911 2554 coniungi
930 2489 1120 2555 possint,
1140 2490 1210 2546 fit,
1239 2501 1288 2537 ut
1310 2489 1383 2537 isti
1408 2487 1613 2536 licentiae
1639 2486 1787 2535 indul-

416 2604 483 2644 (65)
504 2606 573 2638 Hac
595 2577 790 2638 fortasse-de
811 2615 909 2638 causa
925 2607 958 2638 in
974 2606 1034 2638 art.
1055 2611 1102 2638 16.
1117 2604 1365 2638 constitutionis
1389 2603 1534 2644 Belgicae
1556 2611 1608 2635 an.
1631 2607 1722 2635 1830.
1739 2602 1790 2635 his

317 2655 423 2686 verbis
437 2657 678 2690 matrimonium
694 2658 790 2691 civile
806 2659 964 2691 sancitum
981 2661 1045 2699 est;
1065 2658 1133 2690 «Le
1154 2658 1294 2698 mariage
1316 2657 1392 2689 civil
1407 2656 1506 2688 devra
1521 2655 1668 2695 toujours
1682 2654 1787 2696 prece·

317 2705 375 2737 der
389 2706 419 2738 la
431 2707 633 2742 bencdiction
663 2711 808 2751 nuptiale
821 2735 831 2751 ‚
852 2710 943 2750 saus
961 2710 1009 2743 les
1030 2712 1227 2750 exceptions
1245 2710 1268 2742 ὰ
1285 2708 1412 2742 e'tablir
1425 2717 1495 2750 par
1514 2708 1550 2740 la
1569 2707 1632 2747 lot,
1648 2706 1705 2739 s'il
1724 2716 1744 2749 y
1765 2716 1789 2739 a

319 2757 389 2790 lieu
402 2771 430 2790 n.
443 2760 594 2794 Nondum
613 2765 720 2795 tamen
737 2763 895 2795 eiusmodi
910 2762 1112 2803 exceptiones
1126 2773 1145 2795 a
1159 2763 1228 2803 lege
1241 2762 1334 2794 datae
1346 2762 1441 2801 sunt3
1456 2760 1601 2801 adeoque
1615 2768 1732 2801 poenas
1745 2760 1789 2793 in·

318 2813 451 2843 currunt
468 2815 617 2852 parrechi
630 2839 639 2854 ,
656 2816 711 2856 qui
731 2824 767 2847 ex
790 2824 921 2848 munere
940 2815 1056 2848 debent
1074 2814 1286 2847 matrimoniis
1303 2814 1516 2847 conscientiae
1539 2814 1702 2846 interesse.
