1912 3180
310 173 400 205 cn.
425 170 482 204 iv.
505 171 557 204 nr.
581 170 738 205 Anauni.
757 170 834 204 mio
852 170 955 204 aaa
974 171 1024 204 nn
1042 170 1166 204 uun.
1185 169 1326 204 civm.
1466 157 1556 202 335

652 274 928 310 ARTICULUS
953 274 982 309 1.

95 371 375 422 Expenduntur
394 374 620 421 argumenta
644 380 715 420 pro
738 370 820 419 lege
847 369 919 408 sub
937 376 1092 420 aspectu
1111 372 1351 421 potissimum
1378 370 1549 421 politico.

753 480 801 544 g.
843 481 887 526 1.

293 580 433 623 Spiritus
453 582 599 614 cultioris
621 581 734 614 aetatis
754 589 793 614 ac
814 580 974 622 principia
994 580 1163 622 subalpini
1185 582 1351 615 Gubernii.

184 680 252 728 Ab
274 697 350 737 co,
379 682 457 745 qui
483 681 623 745 legem
647 680 842 727 comitiis
872 678 1126 745 subalpinis
1161 682 1418 746 proposuit,
1452 681 1562 728 haec

90 758 261 823 prolata
295 756 499 805 suerunt:
538 756 777 822 «Antiqua
805 774 857 804 ac
891 773 1045 804 recens
1082 756 1252 821 patriae
1287 769 1464 805 nostrae
1498 757 1561 804 le-

86 834 264 898 gislatio
289 834 609 899 dependentem
633 833 800 881 faciunt
818 832 999 881 omnino
1014 831 1288 880 validitatem
1307 843 1559 881 contractus

88 909 235 958 civilis
260 910 527 958 matrimonii
554 927 581 956 a
604 910 916 957 consecratione
939 908 1168 974 reliqiosa,
1197 908 1242 955 id
1267 919 1335 956 est
1359 908 1415 956 ab
1439 919 1555 964 actu,

86 986 132 1033 in
177 1003 267 1051 quo
306 985 570 1050 gubernium
617 1002 667 1032 ac
710 985 997 1049 magistratus
1042 983 1196 1033 civiles
1238 984 1351 1032 nihil
1397 983 1564 1032 habent

89 1079 337 1110 commune.
378 1062 433 1109 At
464 1079 569 1110 vero
601 1061 688 1110 hoc
721 1061 966 1110 consistere
999 1078 1089 1109 non
1119 1072 1263 1127 potest
1286 1079 1381 1109 cum
1402 1061 1562 1126 spiritu

89 1139 167 1201 qai
191 1148 461 1202 praesentem
504 1138 813 1185 humanitatem
845 1138 893 1184 in
928 1137 1007 1184 hac
1040 1137 1217 1185 cultiori
1247 1148 1384 1186 aetate
1424 1138 1564 1202 insor-

87 1224 203 1270 mat,
233 1232 377 1280 neque
401 1232 497 1262 cum
516 1215 751 1279 principiis
775 1213 931 1278 quibus
954 1224 1147 1261 nostrum
1169 1215 1425 1279 quberniam
1449 1215 1564 1278 reqi-

90 1300 160 1337 tur
187 1291 307 1353 (3).»
324 1290 440 1338 Hinc
467 1308 625 1338 novam
655 1290 797 1354 legem
818 1290 1049 1356 proponit,
1072 1308 1162 1356 qua
1181 1301 1401 1339 statuatur
1418 1290 1563 1355 primo

89 1366 295 1431 quidem,
334 1378 384 1415 ut
416 1367 672 1431 coniugium
707 1366 862 1414 civiles
893 1384 981 1415 non
1023 1366 1186 1414 habeat
1217 1366 1434 1424 effectus,
1475 1366 1566 1413 nisi

89 1453 310 1507 quatenus
338 1454 464 1491 actus
500 1442 695 1506 coniugii
733 1443 778 1489 in
816 1443 1003 1506 regestis
1036 1443 1323 1507 magistratus
1357 1441 1504 1490 civilis
1538 1459 1565 1489 a

87 1519 451 1567 contrahentibus
476 1519 806 1577 conscribatur;
829 1518 994 1566 deinde
1010 1536 1115 1568 vero
1139 1529 1188 1567 ut
1209 1519 1465 1584 coniugium
1489 1536 1565 1567 co-

91 1612 184 1642 ram
219 1594 339 1644 civili
376 1595 524 1644 iudice
559 1595 773 1644 celebrari
803 1596 969 1661 possit,
1005 1614 1142 1662 quum
1170 1596 1379 1660 religiosa
1413 1596 1565 1644 matri-

90 1672 227 1720 monii
261 1673 534 1721 consecratio
569 1673 715 1721 locum
754 1672 919 1722 habere
954 1691 1043 1722 non
1077 1674 1284 1739 potuerit.

702 1803 950 1867 Responsio.

189 1913 286 1962 Duo
309 1914 444 1978 igitur
467 1913 713 1961 afferuntur
736 1914 900 1962 motiva
924 1914 980 1961 ad
1006 1914 1309 1979 abrogandam
1333 1916 1565 1981 antiquam

97 1999 403 2054 recentemque
435 1988 759 2053 legislationem
793 1989 912 2037 circa
943 1990 1296 2048 matrimonium,
1328 1991 1453 2039 etad
1487 2009 1566 2039 no—

94 2082 194 2112 vam
224 2065 581 2114 substituendam
614 2064 782 2129 legem:
817 2076 910 2113 tum
937 2064 1145 2114 videlicet
1170 2068 1352 2132 spiritus
1373 2069 1451 2133 qui
1483 2068 1566 2115 hu-

102 2141 360 2190 manitatem
384 2159 465 2189 seu
488 2141 662 2190 civilem
687 2140 853 2189 cultum
883 2150 1023 2188 aetate
1047 2141 1132 2189 hac
1153 2153 1303 2191 nostra
1330 2143 1561 2200 informat,

98 2229 188 2265 tum
196 2220 421 2283 principia
433 2218 597 2284 quibus
612 2235 774 2266 novum
794 2218 959 2282 regitur
976 2217 1259 2284 subalpinum
1279 2219 1560 2283 gubernium.

95 2295 169 2342 Sic
194 2294 329 2342 etiam
356 2294 445 2342 duo
467 2304 774 2359 proponuntur
797 2310 911 2341 nova
935 2293 1019 2341 hac
1048 2293 1144 2357 lege
1167 2294 1473 2352 decernenda;
1503 2295 1567 2344 alu

96 2382 263 2429 terum,
293 2372 413 2437 quod
439 2389 527 2419 non
552 2371 729 2436 possint
752 2371 838 2418 frui
862 2370 1094 2419 effectibus
1118 2371 1324 2420 civilibus
1339 2411 1350 2429 ‚
1378 2390 1566 2438 quorum

96 2448 434 2496 matrimonialis
472 2458 723 2496 contractus
747 2448 793 2495 in
818 2447 981 2495 tabulis
1015 2459 1209 2496 actorum
1245 2449 1443 2497 civilium
1478 2468 1566 2499 non

98 2525 228 2572 suerit
267 2525 536 2589 inscriptus;
576 2525 762 2572 alterum
795 2541 898 2573 vcro
921 2563 931 2582 ,
970 2525 1089 2589 quod
1121 2525 1194 2572 hic
1228 2535 1478 2576 contractus
1513 2543 1566 2574 cx

101 2617 149 2647 se
183 2599 277 2647 solo
307 2600 500 2648 sufficiat
529 2599 585 2647 ad
618 2600 866 2664 legitimum
899 2600 1254 2649 constituendum
1284 2602 1560 2666 coniugium,

190 2735 235 2775 (3)
256 2736 480 2772 Parlamento
494 2737 767 2772 sardo.camera
790 2737 846 2771 det
870 2737 1039 2779 deputati.
1054 2738 1194 2770 Tornata
1206 2737 1258 2771 dei
1275 2738 1462 2780 1281qu
1478 2743 1565 2773 1852.

102 2796 172 2827 pag.
187 2790 256 2820 517.
270 2789 332 2821 col.
350 2795 378 2822 2.
