1918 3186
344 209 439 241 cain·
464 209 509 240 ιι.
540 207 833 240 υιιίιΝιετιιο.
863 208 954 239 Aur.
985 209 1013 239 1.
1045 208 1214 247 Qqusr.
1233 208 1381 240 oman.
1563 196 1620 239 65

179 298 203 309 ²
248 286 536 334 Stambachus
553 284 840 332 Wendelinus
865 287 1021 351 Suppl.
1040 287 1255 333 comment.
1287 285 1511 333 Gabrielis'
1532 286 1625 333 Biel

154 362 199 409 in
238 364 280 408 4.
304 363 422 410 Sent.
449 362 555 409 dist.
586 362 661 408 27.
694 380 717 406 «
738 360 990 408 Consensus
1024 363 1410 419 contrahentium,.
1442 362 1588 427 inquit
1609 400 1619 417 ‚

152 449 221 486 est
251 455 386 486 causa
417 438 619 485 efficiens
654 436 919 483 matrimonii
954 438 1081 499 (27)»
1115 449 1158 486 et
1182 438 1347 486 «debet
1373 455 1474 485 esse
1506 447 1623 485 exte-

154 514 248 561 rius
279 513 607 569 manifestatus,
646 512 752 576 quia
794 523 1068 560 sacramenta
1112 524 1215 562 sunt
1256 515 1387 578 signa
1430 514 1623 562 sensibi-

154 589 215 637 Iia
235 590 386 651 (28).»

247 666 507 713 Franciscus
549 665 731 713 Orando
764 665 970 729 Mogillon
1008 665 1064 712 de
1098 666 1288 714 Paredes
1329 667 1375 712 in
1419 668 1462 712 4.
1498 667 1617 714 Sent.

151 741 256 788 dist.
285 742 361 787 27.
393 758 520 805 prop.
544 741 600 786 ΙΙ.
625 741 710 787 ait:
745 740 925 787 «Causa
961 740 1159 787 efficiens
1195 742 1523 788 matrimonium
1558 752 1627 789 est

150 834 395 864 consensus
429 826 606 863 mutuus
641 817 875 880 coniugum
903 833 1138 880 expressus
1163 834 1241 880 per
1261 816 1396 864 verba
1419 817 1475 864 de
1499 835 1625 882 prae-

153 892 265 939 senti
289 893 404 955 (29).
432 911 454 937 »
478 892 532 939 Et
549 892 652 939 dist.
679 894 754 938 28.
778 891 951 938 subdit:
985 911 1007 936 «
1028 890 1311 938 Clandestina
1344 892 1625 939 matrimonia

148 967 332 1015 -suerunt
374 985 500 1023 vera,
540 977 633 1014 rata
658 977 701 1014 et
730 967 854 1013 firma
894 976 994 1013 ante
1034 966 1266 1014 concilium
1310 966 1620 1023 tridentinum,

156 1054 258 1107 post
290 1043 408 1090 istud
436 1053 538 1090 sunt
572 1043 673 1106 ipso
706 1042 801 1088 iure
834 1041 958 1088 nulla
978 1043 1127 1103 (30).»

248 1119 499 1183 Stephanus
532 1118 718 1165 Brulifer
752 1135 831 1164 seu
864 1117 1070 1165 Brulever
1103 1118 1149 1164 in
1188 1118 1230 1163 4.
1259 1117 1363 1164 dist.
1396 1119 1471 1164 26.
1499 1118 1547 1181 ἕ.
1574 1120 1616 1163 1.

153 1194 337 1242 scribit:
380 1195 756 1241 «Sacramentum
797 1203 944 1240 autem
987 1192 1255 1240 matrimonii
1289 1202 1357 1239 est
1395 1193 1624 1256 expressio

151 1282 371 1320 certorum
404 1271 638 1319 verborum
663 1271 732 1319 vel
761 1271 986 1333 signorum
1022 1270 1158 1316 maris
1186 1279 1229 1316 et
1255 1269 1474 1316 foeminae
1496 1270 1552 1316 ad
1578 1287 1626 1317 se

156 1349 347 1396 invicem
382 1348 728 1411 significantium
759 1346 1039 1393 traditionem
1068 1355 1247 1392 mutuae
1274 1346 1503 1409 potestatis
1529 1363 1626 1393 cor-

156 1441 360 1488 porum.»
382 1424 437 1470 Et
459 1423 593 1488 paulo
620 1433 720 1487 post
746 1422 893 1470 addit:
925 1441 947 1466 «
963 1422 1013 1467 In
1031 1422 1131 1486 ipso
1148 1430 1422 1468 sacramento
1450 1421 1625 1484 signum

154 1509 223 1546 est
245 1498 427 1547 verbum
456 1498 526 1545 vel
553 1508 709 1545 nutus:
738 1496 873 1544 verba
898 1506 1024 1543 sunt:
1052 1497 1117 1543 Do
1140 1498 1182 1543 si
1202 1495 1275 1542 des
1284 1515 1329 1551 ;»
1352 1506 1396 1543 et
1412 1496 1518 1543 dist.
1544 1498 1621 1543 27.

154 1593 200 1640 q.
227 1576 270 1621 3.
297 1594 319 1619 «
342 1574 595 1621 Consensus
624 1583 692 1621 est
719 1591 854 1620 causa
886 1573 1172 1620 matrimonii.
1197 1611 1205 1619 .
1226 1611 1234 1619 .
1257 1611 1266 1619 .
1283 1583 1326 1620 ot
1347 1590 1435 1620 non
1460 1573 1627 1620 sufficit

155 1667 398 1698 consensus
432 1649 598 1697 vocalis
633 1649 732 1696 sine
764 1648 977 1705 mentali,
1016 1649 1121 1714 quia
1155 1649 1201 1694 in
1235 1649 1440 1696 omnibus
1480 1666 1627 1696 sacra—

157 1728 317 1775 mentis
353 1727 591 1792 requiritur
624 1726 810 1773 intentio
849 1726 1039 1773 faciendi
1074 1725 1192 1791 quod
1226 1725 1332 1772 facit
1355 1725 1591 1773 ecclesia.»

252 1803 460 1851 Nicolaus
490 1803 546 1850 de
573 1802 766 1850 Orbellis
794 1802 840 1848 in
874 1803 916 1848 4.
939 1801 1043 1849 dist.
1069 1803 1216 1866 27..q.
1240 1802 1288 1847 1.»
1313 1801 1458 1847 «Cum
1477 1802 1629 1848 matri-

159 1879 353 1926 monium
387 1880 446 1927 sit
479 1889 804 1927 sacramentum
839 1877 895 1925 de
928 1879 1054 1926 cuius
1090 1877 1257 1924 ratione
1290 1887 1380 1932 est,
1416 1876 1534 1940 quod
1570 1877 1628 1923 sit

161 1954 336 2016 signum
371 1956 606 2012 sensibile,
645 1965 815 2020 oportet
849 1972 1113 2002 consensum
1149 1951 1515 2000 matrimoniale-m
1549 1969 1628 2016 per

164 2029 298 2077 verba
329 2030 399 2077 vel
432 2031 520 2078 alia
554 2032 683 2095 signa
717 2032 953 2096 exprimi.»

256 2105 318 2151 Io.
342 2104 505 2151 Paulus
522 2106 795 2154 Palanterius
814 2107 860 2152 in
882 2108 925 2152 4.
941 2106 1045 2153 dist.
1066 2107 1141 2151 27.
1156 2114 1262 2151 sect.
1275 2103 1426 2150 CXIII.
1446 2102 1626 2158 «Quae—

159 2179 262 2226 dam
299 2188 403 2226 sunt
436 2179 492 2226 de
526 2182 786 2226 sacramenti
823 2181 1108 2235 necessitate,
1141 2189 1184 2225 et
1212 2177 1430 2243 quaedam
1464 2177 1520 2223 de
1555 2194 1627 2224 so-

160 2255 398 2302 lemnitate.
413 2255 462 2301 In
473 2256 739 2302 matrimonii
759 2255 1047 2302 substantiam
1061 2264 1127 2301 est
1139 2271 1380 2301 consensus
1399 2271 1478 2318 per
1493 2253 1627 2300 verba

160 2330 216 2377 de
250 2331 470 2395 praesenti
505 2348 779 2395 expressus»
806 2340 849 2377 et
871 2330 1054 2377 iterum:
1089 2349 1110 2375 «
1126 2339 1446 2377 sacramentum
1474 2328 1625 2374 matri-

161 2407 297 2454 monii
333 2417 400 2453 est
431 2407 658 2471 expressio
691 2406 922 2454 verborum
958 2406 1093 2453 maris
1123 2415 1166 2452 et
1195 2406 1412 2453 foeminae
1446 2404 1626 2467 signan-

161 2481 267 2527 tium
303 2481 582 2528 traditionem
617 2492 792 2529 mutuae
827 2481 1055 2546 potestatis
1078 2482 1227 2543 (31).»

256 2605 323 2646 (27)
346 2607 421 2646 Pag.
441 2608 507 2638 144.

257 2658 322 2698 (28)
343 2660 418 2699 pag.
443 2661 510 2691 146.
526 2659 588 2691 col.
610 2664 634 2691 t.

257 2709 322 2750 (29)
343 2711 410 2742 Fol.
429 2716 458 2743 5.
475 2720 558 2744 vers.

259 2761 324 2801 (30)
345 2762 412 2794 1³01.
431 2768 460 2795 9.

259 2813 324 2853 (31)
346 2815 420 2854 Pag.
434 2819 576 2848 333-335.
