1912 3180
418 184 507 215 cn.
533 184 562 214 1.
586 184 637 214 nr:
662 183 834 215 mrum.
860 182 1006 214 emus
1032 180 1207 213 NATURA.
1238 181 1329 212 Aur.
1354 180 1415 211 111.
1556 165 1641 209 231

178 264 290 311 miae
320 263 574 317 honestate,
605 277 793 324 eamque
817 259 903 307 sibi
929 259 1193 307 adsciscere.
1222 259 1336 306 Sane
1366 258 1649 323 iudaeo-phi-

178 340 392 405 losophus
415 337 627 386 Salvador
649 336 875 383 contendit
904 335 1199 399 polygamiam
1224 335 1532 383 simultaneam
1555 352 1648 382 mo«

178 434 273 463 rum
308 413 544 477 integritati
583 411 813 460 consulere
847 428 1034 475 eamque
1071 429 1325 475 promovere
1365 413 1481 474 (38).
1520 409 1645 467 Quod

177 491 318 539 etalii
341 490 670 554 praestiterunt,
710 503 822 552 quos
858 503 940 533 suo
974 485 1068 533 loco
1105 487 1451 535 recensebimus.

271 566 366 612 Non
399 581 500 612 esse
527 574 672 611 autem
709 562 919 610 absonam
947 561 1063 608 hanc
1087 563 1304 609 sentiendi
1329 574 1373 610 et
1394 561 1554 626 agendi
1578 579 1648 609 ra-

176 643 358 698 tionem,
383 659 499 706 quae
528 658 645 688 nunc
674 640 804 703 longe
834 637 1009 702 lateque
1034 637 1311 695 dominatur,
1340 649 1458 703 patet
1480 649 1571 686 tum
1594 655 1647 685 ex

173 718 246 773 iis,
275 735 390 783 quae
413 718 604 765 Eichorn
639 716 893 772 constituit,
923 714 1043 780 quod
1074 714 1244 762 scilicet
1267 715 1472 763 Christus
1498 716 1560 762 ita
1583 726 1648 762 at—

175 795 482 859 temperaverit
515 793 848 858 responsionem
880 809 1004 839 suam
1033 791 1089 839 de
1116 809 1253 839 uxore
1286 792 1572 849 dimittenda,
1600 803 1649 839 ut

175 871 391 918 indicaret
406 870 545 934 legem
563 869 737 917 civilem
755 868 1034 933 attemperari
1059 885 1193 932 posse
1216 867 1464 931 exigentiae
1487 868 1647 915 actuali

175 947 424 1004 societatis,
458 957 549 994 tum
574 964 627 993 ex
650 963 700 993 eo
731 945 849 1009 quod
882 946 1024 1010 Nuytz
1047 982 1056 1000 ‚
1090 944 1192 991 licet
1227 943 1489 1000 catholicus,
1527 944 1649 990 affir-

175 1041 295 1069 mare
324 1041 412 1070 non
451 1022 669 1069 dubitavit
701 1031 926 1085 receptum
956 1038 1055 1068 esse
1079 1059 1089 1077 ,
1125 1020 1360 1068 ecclesiam
1385 1019 1648 1068 catholicam

171 1100 467 1147 conscientiae
502 1099 806 1146 tuntummodo
830 1099 1064 1163 imperare,
1093 1098 1326 1146 statuendo
1356 1097 1530 1162 regulas
1559 1097 1616 1144 iis
1633 1136 1643 1153 ,

172 1177 248 1240 qui
276 1193 353 1223 eas
380 1193 550 1223 servare
584 1176 741 1230 velint,
781 1175 860 1222 sed
895 1192 1050 1239 cogere
1086 1186 1318 1223 renuentes
1342 1174 1526 1221 minime
1550 1191 1649 1238 pos-

172 1269 220 1299 se
241 1253 371 1315 (39),
390 1251 536 1307 Quum
561 1250 748 1314 proinde
773 1261 912 1298 status
937 1250 1080 1298 civilis
1099 1250 1220 1298 iuxta
1243 1250 1511 1307 doctrinam,
1533 1267 1648 1314 quae

172 1345 290 1375 nunc
328 1328 498 1392 passim
532 1327 731 1383 obtinet,
774 1327 906 1392 plane
941 1327 1114 1375 divisus
1148 1327 1206 1374 sit
1237 1327 1294 1374 ab
1326 1327 1514 1375 ecclesia
1534 1365 1544 1383 ,
1582 1327 1646 1374 uti

174 1422 260 1452 non
294 1405 427 1469 pauci
461 1404 723 1469 loquuntur,
755 1420 856 1451 cum
887 1403 975 1450 sibi
1004 1421 1269 1468 persuasum
1303 1403 1467 1451 habeat
1498 1402 1649 1450 matri-

174 1481 370 1528 monium
412 1498 550 1527 unum
586 1497 687 1528 esse
720 1497 772 1527 ex
810 1490 872 1528 tot
904 1480 1201 1527 contractibus
1241 1480 1318 1544 qui
1359 1497 1384 1527 a
1423 1479 1650 1544 republica

174 1558 303 1604 unice
343 1557 561 1622 pendent,
605 1566 738 1621 atque
778 1556 835 1603 ab
874 1574 928 1604 ea
966 1556 1099 1619 dirigi
1139 1555 1325 1612 debent,
1359 1556 1405 1602 in
1437 1556 1534 1603 eius
1567 1557 1650 1603 erit

172 1633 351 1680 arbitrio
381 1633 599 1698 quidquid
634 1633 811 1681 libuerit
844 1633 899 1680 de
929 1651 981 1681 eo
1017 1633 1210 1680 sancire.
1250 1633 1467 1689 Quocirca
1508 1633 1546 1680 si
1591 1633 1646 1679 ad

171 1710 351 1757 vitanda
380 1711 620 1766 adulteria,
653 1722 729 1758 aut
752 1710 808 1757 ad
834 1710 946 1758 alios
971 1709 1300 1775 praecavendos
1325 1709 1494 1757 abusus
1523 1726 1652 1774 expe-

170 1785 266 1833 dire
293 1787 374 1851 qui
410 1786 681 1851 reipublicae
712 1787 910 1835 habenas
946 1787 1127 1835 ssectunt
1158 1787 1478 1843 iudicaverint,
1523 1786 1649 1851 poly-

274 2000 338 2040 (35)
362 2001 451 2032 msa.
464 1999 523 2032 des
538 2001 754 2033 institutions
770 2000 812 2033 de
828 2002 941 2033 Moise.
958 2002 1049 2033 Paris
1064 2005 1151 2034 1828.
1166 2002 1245 2033 tom.
1260 2000 1373 2032 11.livr
1393 2002 1465 2032 Vll.
1480 2001 1571 2033 ch.2.
1586 2003 1650 2033 Po-

176 2051 320 2092 lyqamie
339 2054 371 2084 et
387 2051 535 2085 divor-ce.
552 2055 714 2094 Integrum
734 2055 795 2086 hoc
810 2055 908 2095 caput
922 2062 987 2085 non
1004 2053 1149 2086 continet
1160 2053 1222 2085 nisi
1239 2053 1420 2094 apologiam
1433 2053 1645 2094 polygamiae.

177 2106 263 2136 lnter
283 2106 388 2138 cetera
408 2106 487 2138 haec
500 2106 613 2139 scribit
625 2115 696 2148 pag.
713 2110 784 2140 377.
799 2120 814 2135 «ι
827 2107 946 2139 Fam-il
958 2115 1023 2148 que
1037 2106 1191 2139 l‘homme
1212 2106 1318 2138 ari-ive
1331 2106 1350 2138 a
1365 2106 1447 2147 l’Age
1460 2106 1501 2138 de
1514 2105 1648 2147 puber-te

173 2158 292 2198 epouse
309 2166 371 2189 une
385 2158 501 2191 semme
514 2159 533 2190 a
546 2161 597 2191 cet
609 2160 686 2200 Age?
699 2160 733 2192 Si
748 2159 854 2192 faisait
868 2159 956 2199 cela,
970 2159 1166 2191 n’aurait-on
1182 2167 1239 2200 pas
1254 2159 1272 2191 a
1287 2158 1435 2191 cralndre
1450 2159 1606 2200 qu'avant
1618 2159 1649 2191 le

173 2210 273 2240 terme
298 2208 338 2241 de
359 2218 418 2241 son
443 2210 604 2243 existence
625 2220 707 2252 pour
727 2211 879 2252 l’espece,
902 2211 1082 2251 l’equllibre
1104 2219 1145 2242 ne
1166 2219 1200 2243 se
1221 2211 1356 2251 romplt,
1375 2210 1415 2242 de
1436 2211 1522 2242 sorte
1535 2234 1545 2250 ,
1568 2210 1649 2251 qu'il

168 2260 340 2301 epi-curat,
362 2270 499 2302 presque
516 2263 639 2303 malgre
659 2263 726 2302 lui,
746 2263 803 2295 dee
822 2263 926 2295 desirs
947 2263 1004 2303 qui
1025 2263 1056 2294 le
1077 2262 1273 2303 porteraient
1285 2270 1360 2295 vers
1373 2262 1515 2295 d’autres
1528 2262 1650 2302 objets?

171 2313 204 2343 Si
226 2313 293 2344 l'on
314 2312 423 2345 admet
441 2314 530 2346 entre
550 2314 678 2356 l’epoux
699 2316 731 2347 et
751 2314 893 2355 l’epouse
913 2322 975 2346 une
996 2314 1148 2356 inegalite
1168 2314 1276 2355 d'Age,
1298 2314 1355 2356 qui
1376 2315 1447 2347 leur
1466 2322 1567 2347 ouvre
1586 2323 1651 2347 une

170 2365 259 2405 egale
271 2365 426 2405 carriere,
437 2365 573 2397 sera-t-il
588 2365 745 2406 possible,
761 2375 824 2407 que
838 2365 953 2407 depuis
969 2366 1091 2398 l'heure
1105 2365 1190 2398 dela
1204 2366 1336 2407 puberte
1350 2366 1508 2407 complete
1519 2365 1649 2407 jusqu’a

170 2416 250 2449 celle
264 2416 308 2449 du
323 2417 475 2458 mariage,
490 2418 511 2449 il
528 2426 564 2450 se
578 2420 738 2451 scumette
754 2418 774 2451 ὸ
789 2427 853 2451 une
868 2418 1050 2451 contrainte
1062 2418 1184 2451 morale
1198 2418 1410 2452 absolue?..Si
1424 2419 1456 2452 la
1468 2419 1649 2452 contrainte

170 2471 218 2502 est
234 2470 419 2512 impossible
429 2495 439 2511 ,
463 2472 623 2513 pourquoi
639 2480 679 2504 ne
692 2480 751 2513 pas
763 2472 919 2513 imaginer
930 2471 990 2504 des
1002 2471 1238 2504 combinaisons
1252 2472 1359 2504 moins
1371 2471 1537 2504 odieuses?
1553 2474 1649 2505 Pour-

170 2522 246 2562 quoi
264 2532 303 2555 ne
318 2532 375 2564 pas
387 2525 554 2565 envisager
568 2525 615 2557 les
630 2524 742 2557 choses
764 2533 840 2557 sous
861 2533 905 2556 un
927 2525 1019 2565 point
1032 2523 1073 2556 de
1088 2533 1150 2556 vue
1165 2524 1238 2565 plus
1256 2524 1353 2564 haut,
1370 2525 1402 2556 et
1415 2533 1456 2557 ne
1472 2533 1530 2565 pas
1543 2525 1647 2558 tracer

170 2583 214 2605 un
235 2576 338 2608 cercle
358 2576 439 2609 (lans
451 2577 557 2618 lequel
571 2578 679 2610 tontes
691 2578 739 2611 les
751 2577 889 2610 varietes
907 2576 1144 2617 individuelles,
1158 2576 1213 2618 qui
1226 2577 1301 2608 sont
1317 2576 1454 2608 sormees
1468 2585 1526 2617 par
1543 2577 1577 2609 la
1591 2585 1645 2609 na-

171 2628 253 2669 ture,
267 2629 447 2662 elle-meme
466 2631 611 2671 puissent
623 2639 658 2662 se
674 2630 823 2662 mouvoir
836 2629 856 2661 a
872 2630 981 2663 l’aise?
998 2629 1163 2670 Pourquoi
1184 2629 1270 2661 enfin
1291 2637 1332 2661 ne
1352 2637 1411 2670 pas
1430 2629 1576 2661 aneantir
1596 2638 1649 2662 ces

171 2680 369 2720 oppositions
390 2682 572 2724 choquants
591 2684 681 2715 entre
703 2683 739 2714 la
761 2682 808 2714 ἰοί
823 2682 954 2714 morale
970 2681 1047 2714 d’un
1062 2690 1142 2722 pays
1156 2682 1188 2714 et
1203 2678 1247 2714 sa'
1259 2681 1306 2714 ἰοὶ
1314 2682 1482 2723 positive,
1501 2681 1557 2724 qui
1572 2690 1647 2714 con·

171 2730 297 2764 duisent
317 2733 440 2767 hientot
459 2743 501 2767 au
523 2735 643 2776 mepris
658 2735 699 2767 de
711 2735 798 2767 l'une
809 2744 851 2767 ou
865 2734 906 2766 de
919 2734 1051 2774 l'autre,
1067 2735 1099 2767 et
1114 2734 1255 2776 quelque
1268 2734 1329 2768 sois
1343 2733 1384 2767 de
1399 2735 1505 2768 tontes
1522 2734 1606 2767 deux
1616 2737 1648 2766 ἓ-

266 2785 331 2825 (39)
352 2785 445 2827 Apud
466 2786 670 2827 Avogadrum
684 2795 736 2828 op.
748 2788 781 2819 et
793 2787 854 2819 loc.
872 2786 927 2818 cit.
