1912 3180
360 205 449 235 cir.
473 204 502 235 1.
525 204 575 235 nt:
596 203 770 235 unam.
801 202 949 234 civius
973 201 1150 233 mrum.
1175 202 1268 233 mr.
1299 201 1356 232 tv.
1511 185 1600 230 235

134 281 192 327 ad
227 280 341 327 idem
377 279 711 345 praestandum.
735 279 800 326 Eo
835 278 902 326 vel
937 279 1106 341 magis,
1144 277 1264 342 quod
1298 275 1426 324 civils
1451 286 1601 324 aucto-

139 358 245 404 ritas
279 356 496 403 eiusmodi
530 355 861 403 coniunctiones
896 354 1026 408 tacite
1061 355 1218 402 saltem
1254 365 1509 418 promoveat
1547 353 1603 400 ad

136 433 401 496 abigendam
420 450 446 478 a
466 432 643 496 politico
663 431 875 494 regimine
891 468 900 486 ,
918 431 1035 494 quod
1056 431 1194 494 legem
1214 431 1461 485 constituit,
1484 430 1606 494 igno-

138 509 346 563 miniam,
384 524 498 571 quae
531 507 572 554 ei
607 507 853 561 obveniret,
892 505 930 553 si
967 506 1075 552 nulli
1111 518 1186 553 aut
1219 506 1305 553 rari
1340 506 1520 554 omnino
1554 522 1605 553 eo

138 594 363 631 uterentur
404 581 651 646 privilegio.
692 583 895 647 Inspecta
934 591 1079 627 autem
1121 581 1329 628 universa
1375 581 1604 628 hominum

139 660 183 706 in
206 659 314 707 vitia
338 658 660 723 propensione,
689 658 880 722 quisque
905 656 1026 704 nullo
1051 657 1227 719 negotio
1252 657 1465 720 intelliget
1488 658 1607 705 eiusss

138 735 257 782 modi
291 734 502 782 scandala
537 735 696 781 mirum
731 735 777 780 in
803 733 981 781 modum
1007 733 1257 797 propagari.
1283 733 1411 788 Quod
1437 733 1474 781 si
1500 734 1601 789 fiat,

140 810 332 875 profecto
356 827 488 873 grave
509 809 671 857 vulnus
698 809 899 874 publicae
923 808 1143 856 honestati
1163 807 1399 870 infligitur,
1422 826 1509 873 quo
1531 809 1604 856 vix

139 886 259 934 aliud
294 886 474 949 gravius
509 886 744 948 excogitari
780 896 940 951 potest.

234 963 319 1009 Sed
354 973 396 1009 et
429 961 539 1008 illud
564 980 651 1009 non
677 962 825 1009 minus
849 962 1024 1010 exitiale
1049 961 1213 1008 malum
1238 971 1313 1008 aut
1345 961 1602 1015 comitatur,

139 1049 215 1086 aut
246 1039 530 1102 consequitur
564 1038 781 1086 eiusmodi
808 1038 1030 1086 connubia
1054 1037 1201 1085 civilia
1225 1037 1270 1083 in
1295 1037 1605 1084 detrimentum

139 1113 342 1179 publicae
375 1113 642 1169 honestatis,
681 1114 798 1178 quod
835 1113 1036 1178 provenit
1069 1131 1122 1159 ex
1156 1112 1450 1160 inconstantia
1474 1111 1606 1159 insita

139 1189 264 1237 hisce
287 1190 519 1252 coniugiis.
544 1189 740 1246 Scilicet,
770 1190 833 1236 uti
859 1189 1130 1255 experientia
1154 1188 1415 1253 quotidiana
1439 1188 1607 1252 patefa-

139 1265 223 1322 cit,
252 1265 510 1330 plerumque
535 1265 608 1322 fit,
636 1277 684 1313 ut
708 1266 752 1312 in
778 1265 867 1313 illis
887 1303 897 1320 ,
926 1265 1002 1330 qui
1029 1275 1132 1312 sunt
1151 1265 1210 1312 ita
1229 1264 1478 1320 coniuncti,
1506 1275 1608 1328 post

139 1340 332 1405 aliquem
357 1341 565 1406 temporis
600 1352 784 1388 tractum
819 1341 922 1405 plus
957 1341 1160 1387 minusve
1183 1341 1437 1387 diuturnum
1470 1339 1609 1386 defer-

140 1428 290 1464 vescat
323 1417 505 1464 insanus
539 1417 723 1464 effectus
747 1417 821 1463 ille
840 1455 849 1472 ,
877 1435 967 1482 quo
991 1417 1114 1482 prius
1140 1433 1189 1464 se
1212 1417 1399 1464 invicem
1429 1416 1609 1462 deama—

140 1492 269 1549 bant,
309 1493 475 1557 quique
498 1510 573 1539 eos
597 1492 808 1556 compulit
831 1493 876 1539 in
901 1493 1129 1556 religionis
1155 1502 1453 1556 contemptum
1470 1529 1479 1547 ,
1509 1509 1608 1538 con·

139 1570 326 1617 scientia
360 1570 647 1626 reclamante,
686 1569 742 1616 ad
778 1570 886 1617 tales
913 1570 1129 1616 ineundas
1155 1569 1350 1633 nuptias.
1375 1569 1483 1615 Nam
1507 1585 1607 1615 cum

138 1645 394 1710 cupiditatis
427 1645 670 1710 explendae
704 1663 841 1693 causa
874 1646 1068 1711 quodam
1102 1645 1236 1694 veluti
1262 1646 1408 1692 furore
1437 1644 1606 1708 abrepti

139 1721 301 1768 fuerint
323 1721 380 1768 ad
404 1721 488 1769 hoc
511 1721 683 1769 facinus
708 1722 1053 1786 perpetrandum
1070 1760 1079 1778 ,
1109 1739 1244 1787 quum
1270 1721 1391 1768 illam
1418 1720 1607 1785 primum

138 1797 433 1862 expleverint,
471 1798 590 1845 furor
624 1798 698 1845 ille
731 1815 782 1845 ac
806 1809 955 1846 aestus
982 1816 1070 1846 non
1095 1798 1226 1845 modo
1252 1797 1519 1862 pedetentim
1545 1808 1608 1843 te-

141 1873 283 1936 pescit
314 1891 366 1920 ac
399 1874 645 1930 evanescit,
684 1875 761 1921 sed
797 1885 1022 1938 praeterea
1065 1892 1150 1921 non
1197 1891 1296 1921 raro
1330 1874 1369 1920 ei
1411 1873 1609 1920 succedit

140 1948 275 1995 animi
310 1959 612 2014 contemptus,
655 1950 772 1996 mala
817 1950 1085 2015 poenitentia
1118 1967 1170 1997 ac
1214 1949 1394 1996 tacitum
1430 1948 1609 1995 deside-

142 2024 255 2071 rium
291 2042 317 2071 a
350 2042 463 2071 nexu
498 2025 572 2072 illo
607 2043 655 2072 se
688 2026 922 2072 liberandi.
948 2026 1073 2081 Quod
1109 2026 1288 2090 quidem
1323 2025 1459 2071 multo
1500 2024 1609 2071 faci-

142 2100 228 2147 lius
261 2100 508 2163 continget,
536 2101 573 2148 si
599 2102 724 2149 novis
749 2102 979 2167 capiantur
1013 2101 1257 2157 illecebris;
1297 2101 1335 2148 si
1370 2101 1608 2147 criminosa

140 2175 335 2222 amicitia
359 2176 634 2234 irretiantur;
664 2178 701 2224 si
727 2178 981 2242 temporalis
1006 2178 1117 2224 lucri
1145 2178 1318 2240 negotio
1343 2177 1602 2224 invitentur:

142 2251 181 2298 si
216 2250 406 2298 dissidia
439 2269 489 2299 ac
524 2252 767 2299 simultates
805 2253 916 2300 inter
938 2271 1014 2300 eos
1040 2252 1257 2308 oriantur,
1287 2264 1463 2317 propter
1494 2269 1607 2317 quas

143 2327 324 2391 pacifice
358 2328 549 2391 amplius
585 2329 771 2375 invicem
807 2346 1095 2376 consuescere
1118 2340 1363 2393 nequeant;
1393 2329 1430 2375 si
1455 2329 1608 2376 morbo

142 2402 349 2450 diuturno
383 2414 516 2468 atque
550 2404 767 2451 habituali
793 2404 999 2452 alteruter
1023 2405 1215 2460 laboret,
1247 2422 1362 2470 quae
1386 2405 1500 2452 duae
1530 2423 1608 2469 po-

143 2485 347 2532 steriores
381 2503 567 2542 causae,
607 2486 669 2532 uti
706 2486 837 2550 paulo
874 2497 975 2533 ante
1008 2487 1226 2542 vidimus,
1257 2486 1424 2551 passim
1449 2503 1475 2532 a
1507 2503 1607 2550 pro-

144 2561 404 2608 testantibus
439 2562 571 2609 veluti
607 2580 742 2610 causa
777 2562 1004 2610 sufficiens
1041 2574 1324 2610 recensentur
1347 2562 1523 2609 divortii
1549 2562 1609 2609 sa-

145 2633 305 2681 ciendi.

240 2709 368 2768 Sane,
385 2712 586 2760 videmus
599 2713 667 2760 vel
682 2713 922 2768 interillos,
941 2713 1017 2777 qui
1038 2712 1230 2775 legitime
1243 2712 1463 2760 coniuncti
1478 2723 1602 2767 sunt,

145 2801 278 2848 saepe
310 2787 560 2850 contingere
583 2799 630 2836 ut
654 2789 895 2852 pessimum
921 2789 1163 2836 sortiantur
1190 2789 1352 2836 exitum
1389 2790 1608 2837 connubia
