1918 3186
278 185 336 231 56
496 227 498 229 .
531 198 614 232 ua.
641 198 671 230 1.
701 196 814 230 sacr.
843 195 873 227 ι.
902 195 955 228 na
990 195 1163 229 nram.
1192 196 1477 230 siemunnro.

275 277 377 325 dem
395 276 498 342 pari'
509 276 678 324 ratione
705 273 984 322 commendat
1005 274 1051 321 in
1074 275 1304 339 coniugio,
1335 274 1455 341 quod
1481 291 1743 340 numquam,

275 364 352 401 aut
387 353 476 400 sere
510 366 751 414 numquam
784 348 956 415 absque
985 349 1293 399 benedictione
1335 349 1597 398 sacerdotali
1635 350 1750 398 eele-

274 428 393 476 brari
433 436 750 482 consueverat;
787 426 969 474 minime
1001 444 1104 475 vero
1138 427 1225 474 sibi
1259 427 1490 491 proposuit
1521 426 1749 475 adstruere

274 504 493 552 eiusmodi
527 502 845 550 sacerdotalem
878 502 1228 551 benedictionem
1256 503 1441 551 formam
1470 520 1571 551 esse
1600 520 1749 551 sacra-

274 580 411 627 menti
443 579 738 636 matrimonii,
773 579 893 644 quod
918 590 1063 627 tamen
1087 596 1273 627 necesse
1300 579 1431 648 toret,
1450 579 1501 627 ¹si
1524 580 1622 644 ipse
1645 596 1749 627 cen-

273 656 439 705 suisset
455 655 729 704 sacerdotem
737 660 841 704 vere
850 673 953 704 esse
963 655 1098 703 huius
1112 655 1376 703 sacramenti
1394 655 1646 704 ministrum
1658 657 1723 719 (8)
1735 693 1744 702 .

369 732 434 780 Ne
464 742 611 779 tamen
644 732 869 797 quispiam
904 741 1076 795 regerat
1109 736 1190 779 nos
1224 731 1310 779 hac
1343 731 1511 780 ratione
1548 732 1640 780 vim
1682 732 1750 779 in-

274 807 388 856 ferre
401 807 623 855 Guilielmi
634 808 799 865 verbis,
817 807 976 855 iuverit
993 816 1130 854 totum
1149 823 1303 854 eorum
1319 817 1569 855 contextum
1585 825 1750 872 expen-

273 883 399 932 dere:
434 901 486 931 ac
513 883 655 948 primo
688 883 1126 931 animadvertendum
1148 892 1238 939 est,
1265 883 1384 947 quod
1407 883 1515 930 dum
1537 882 1638 947 ipse
1658 883 1752 931 dis·

273 960 383 1008 serit
413 960 470 1006 de
504 971 782 1008 sacramento
815 959 1133 1024 poenitentiae:
1166 979 1189 1004 «
1211 959 1262 1005 In
1285 958 1552 1016 confitente,
1580 959 1748 1024 inquit,

274 1046 324 1083 ut
348 1036 526 1084 vincula
553 1040 834 1100 peccatorum
864 1036 1200 1100 disrumpantur
1227 1046 1272 1083 et
1296 1035 1414 1083 dona
1446 1036 1689 1098 gratiarum
1711 1036 1752 1084 ei

277 1112 588 1169 restituantur,
615 1112 864 1159 ‘benedictio
903 1111 1181 1160 sacerdotalis
1199 1149 1212 1167 ‚
1251 1123 1294 1160 et
1327 1111 1547 1160 absolutio
1586 1113 1746 1160 facit.»

277 1188 371 1234 Iam
387 1192 507 1235 [Vero
535 1187 808 1252 exploratum
841 1198 909 1235 est
941 1187 987 1234 in
1019 1187 1105 1236 hoc
1138 1198 1412 1236 sacramento
1445 1188 1630 1236 formam
1663 1205 1751 1236 non

272 1263 319 1310 in
351 1263 657 1311 benedictione
690 1262 976 1319 sacerdotali,
1011 1262 1090 1310 sed
1123 1262 1168 1309 in
1203 1263 1299 1311 sola
1332 1263 1614 1312 absolutione
1644 1280 1750 1311 con-

272 1340 453 1397 sistere3
486 1350 680 1388 attamen
710 1340 968 1388 Guilielmus
998 1341 1152 1388 eadem
1179 1340 1348 1388 ratione
1369 1341 1426 1389 de
1448 1352 1640 1406 utraque
1658 1340 1753 1389 dis-

272 1416 381 1464 serit
394 1454 406 1473 ,
431 1427 476 1464 et
496 1427 745 1481 utramque,
778 1416 1129 1464 benedictionem
1153 1417 1322 1465 scilicet
1339 1427 1383 1465 et
1399 1406 1724 1465 absolutionem
1737 1455 1748 1474 ,

275 1493 569 1557 permodum
601 1493 750 1540 unius',
769 1492 1022 1556 coniungit,
1054 1492 1240 1557 perinde
1265 1510 1318 1540 ac
1345 1493 1384 1541 si
1413 1504 1565 1541 essent
1596 1493 1755 1541 ambae

273 1566 474 1615 eiusdem
507 1567 684 1616 virtutis
701 1606 711 1625 ,
745 1568 865 1633 quod
892 1567 1087 1632 profecto
1117 1585 1245 1616 nemo
1274 1568 1406 1616 dicet.
1429 1569 1632 1617 Secundo
1656 1569 1752 1616 ani-

272 1642 634 1690 madvertendum
651 1681 661 1699 ,
690 1644 827 1708 quod,
848 1643 954 1690 dum
973 1642 1091 1689 idem
1115 1652 1267 1691 auctor
1285 1643 1482 1708 loquitur
1505 1644 1563 1691 de
1588 1644 1749 1692 effectu

274 1717 461 1767 aliorum
485 1730 876 1777 sacramentorum,
904 1718 1081 1767 diversa
1103 1729 1250 1767 utatur
1272 1719 1460 1767 formula
1475 1719 1532 1767 ab
1547 1736 1601 1767 ea
1617 1737 1752 1784 quam

372 1853 418 1894 (8)
442 1855 531 1887 Haec
550 1862 634 1896 quae
654 1853 793 1887 dicimus
820 1854 925 1887 lucem
952 1855 1141 1886 mutuantur
1168 1862 1206 1886 ex
1233 1862 1288 1894 eo,
1310 1853 1399 1895 quod
1420 1862 1495 1886 cum
1515 1852 1634 1895 pietate
1652 1853 1753 1886 deser-

278 1908 505 1939 vascente'non
519 1906 614 1948 pauci
628 1907 794 1940 christiani
810 1915 894 1940 saec.
911 1907 998 1939 vul.
1014 1908 1047 1939 et
1060 1903 1118 1939 IX.
1135 1915 1154 1939 a
1169 1907 1296 1939 vetusta
1313 1914 1351 1939 ac
1371 1906 1503 1939 laudata
1523 1906 1755 1939 consuetudine

277 1954 493 1992 desciscerent
514 1960 693 2001 nuptialem
716 1959 974 1994 benedictionem
986 1968 1005 1992 a
1019 1959 1186 1995 sacerdote
1202 1958 1393 2001 exquirendi
1409 1959 1443 1992 in
1457 1959 1671 1992 celebratione
1681 1969 1753 1993 suo·

276 2019 348 2044 rum
361 2012 597 2054 coniugiorum.
614 2013 750 2045 Carolus
762 2021 897 2054 magnus
912 2013 999 2045 circa
1013 2021 1133 2045 annum
1151 2014 1359 2046 DGCLxxx.
1371 2013 1404 2044 in
1414 2012 1667 2045 occidentalibus
1682 2021 1753 2054 par·

275 2063 364 2096 tibus
391 2066 571 2097 restaurare
601 2065 734 2106 cupiens
761 2065 928 2106 antiquam
956 2064 1182 2106 disciplinam,
1214 2065 1428 2097 annuentibus
1453 2065 1629 2106 episcopis,
1650 2065 1753 2105 legem

279 2116 373 2157 tulit,
394 2125 460 2157 qua
481 2117 608 2150 nullum
628 2117 813 2159 coniugium
826 2141 838 2156 ,
861 2117 925 2150 nisi
948 2126 1023 2149 cum
1043 2118 1192 2159 precibus
1211 2119 1244 2150 et
1263 2117 1484 2150 oblationibus
1500 2116 1753 2150 sacerdotalibus

276 2168 436 2210 fieret,·et
448 2178 669 2211 quaecumque
697 2170 856 2211 coniugia·
873 2170 967 2203 aliter
990 2170 1076 2202 facta
1096 2171 1223 2210 essent,
1251 2178 1289 2201 ea
1312 2178 1377 2201 non
1398 2178 1475 2202 vera
1504 2168 1672 2210 coniugia,
1696 2168 1753 2200 sed

278 2216 514 2262 adulterium,
541 2222 812 2267 concubinatum
834 2224 868 2255 et
883 2221 1157 2263 fornicationem
1178 2222 1289 2254 haberi
1310 2222 1414 2255 iussit.
1432 2224 1479 2254 En
1498 2221 1595 2254 verba
1619 2221 1753 2262 capituli

274 2275 497 2307 ccccmnu.
515 2274 591 2307 libri
608 2277 681 2308 vll.
699 2276 897 2317 capitularis
911 2276 1021 2309 Caroli
1042 2277 1086 2308 Μ.
1104 2275 1231 2308 «Aliter
1253 2276 1435 2317 legitimum
1447 2299 1455 2307 .
1473 2283 1558 2307 .non
1579 2274 1622 2306 sit
1641 2273 1752 2306 coniu-

273 2326 382 2368 gium,
405 2326 469 2359 nisi
492 2326 534 2359 ab
561 2327 612 2359 his
637 2327 693 2368 qui
717 2337 813 2370 super
837 2329 940 2370 ipsam
960 2329 1134 2361 foeminam
1155 2328 1411 2361 dominationem
1434 2327 1551 2360 babere
1574 2326 1726 2359 videntur
1740 2351 1749 2366 ,

277 2381 309 2412 et
324 2388 344 2412 a
357 2379 477 2421 quibus
491 2380 690 2420 custoditur,
703 2390 786 2413 uxor
805 2383 931 2423 petatur
941 2405 951 2422 ‚
967 2382 999 2413 et
1014 2390 1033 2414 a
1048 2381 1233 2422 parentibus
1254 2379 1539 2423 propinquioribus
1560 2380 1748 2421 sponsetur,

274 2433 308 2464 et
331 2431 455 2473 legibus
481 2431 631 2473 dotetur;
659 2434 693 2465 et
721 2442 779 2465 suo
800 2435 945 2474 tempore
970 2433 1226 2473 sacerdotaliter,
1251 2434 1289 2465 ut
1313 2441 1385 2465 mos
1408 2434 1475 2472 est,
1502 2439 1576 2464 cum
1602 2432 1751 2472 precibus

270 2485 304 2516 et
328 2483 546 2518 oblationibus
571 2493 591 2517 a
614 2485 781 2518 sacerdote
804 2484 1025 2517 benedicatur.
1042 2509 1049 2515 .
1066 2508 1073 2516 .
1088 2509 1096 2517 .
1113 2485 1235 2517 Taliter
1249 2485 1335 2516 enim
1353 2486 1386 2516 et
1399 2483 1539 2516 Domino
1558 2483 1748 2524 placebunt,

274 2537 307 2568 et
321 2535 405 2568 filios
420 2545 487 2570 non
502 2539 639 2579 spurios
656 2537 717 2570 sed
733 2537 900 2578 leqitimos
915 2538 1019 2578 atque
1033 2536 1300 2569 haereditabiles
1315 2535 1542 2576 generabunt.»
1551 2535 1644 2577 Apud
1659 2536 1750 2568 Bala—

274 2588 359 2620 zium
379 2590 600 2630 capitularia
627 2598 749 2631 regum
769 2589 993 2630 francorum.
1016 2588 1117 2621 Paris.
1145 2591 1233 2621 1687.
1257 2589 1337 2620 tom.
1354 2590 1379 2620 Ι.
1394 2596 1467 2629 pag.
1489 2592 1578 2621 1129.
1593 2590 1677 2621 cum
1692 2588 1748 2629 igi-

275 2642 330 2674 tur
349 2641 402 2673 lex
422 2642 501 2674 haec
523 2643 689 2676 Guilielmi
703 2642 889 2684 parisiensis
902 2643 1006 2676 aetate
1020 2641 1126 2674 adhuc
1145 2641 1285 2682 vigeret,
1302 2641 1383 2674 ratio
1398 2642 1548 2682 apparet,
1564 2650 1664 2682 quare
1681 2642 1750 2682 ipse

275 2693 356 2726 adeo
378 2695 490 2734 urgeat
511 2696 747 2737 susceptionem
767 2695 977 2728 sacerdotalis
1001 2694 1233 2727 benedictionis
1254 2694 1288 2726 in
1309 2694 1448 2736 nuptiis,
1465 2695 1498 2726 et
1516 2703 1583 2735 eos,
1606 2694 1662 2735 qui
1677 2703 1749 2726 eam

275 2746 491 2787 negligerent,
510 2747 725 2788 fornicarios
746 2749 904 2791 appellet,
923 2756 1099 2789 eorumque
1119 2745 1238 2780 liberos
1253 2747 1390 2780 edixerit
1409 2746 1576 2788 leqttimos
1594 2756 1661 2781 non
1677 2756 1748 2780 esse

276 2799 471 2832 censendos.
