1912 3180
315 222 405 254 cir.
430 224 475 254 11.
500 224 551 254 ni:
576 224 701 255 turn.
731 223 813 255 mv.
838 224 949 256 ome.
980 225 1028 256 Er
1054 225 1198 256 rnocn.
1229 225 1320 257 Αιιτ.
1345 225 1391 257 11.
1497 210 1585 256 269

121 297 259 344 tendit
292 299 408 360 (23);
447 298 581 362 idque
615 317 667 346 ex
695 300 962 362 praestituto
996 301 1240 365 principio,
1276 300 1396 365 quod
1434 300 1588 348 coniu-

120 373 240 433 gium
275 391 361 421 non
396 374 454 420 sit
493 373 581 420 nisi
615 384 865 420 contractus
901 375 1117 423 naturalis
1150 387 1195 423 et
1226 375 1386 423 civilis.

216 450 345 496 Enim
379 467 482 497 vero
499 488 509 505 ,
548 449 683 496 semel
709 467 759 496 ac
783 452 963 513 nuptiae
998 451 1055 497 ad
1088 452 1288 500 ordinem
1317 451 1462 500 civilis
1485 467 1590 499 con-

121 535 284 572 tractus
318 526 451 572 etiam
488 526 601 572 inter
634 525 902 572 christianos
940 525 1137 574 deiectae
1173 538 1277 575 sunt
1298 565 1308 583 ‚
1348 527 1478 576 facile
1509 528 1593 575 fuit

119 601 416 663 argumentari
453 601 564 647 iuris
599 601 743 647 civilis
776 618 877 647 esse
899 600 956 647 de
980 600 1069 646 illis
1104 602 1363 658 decernere,
1401 620 1488 650 non
1520 620 1591 651 so-

119 674 211 721 lum
246 675 393 739 quoad
418 693 486 731 ea,
516 693 631 739 quae
665 676 912 723 extrinseca
936 675 1026 721 illis
1051 687 1180 731 sunt,
1209 678 1458 725 cuiusmodi
1488 694 1593 725 cen-

121 762 274 797 sentur
297 752 404 807 dos,
433 751 711 807 haereditas,
751 752 1003 807 successio,
1043 752 1222 816 aliaque
1254 753 1498 809 eiusmodi,
1537 754 1593 801 de

120 826 285 889 quibus
322 844 403 873 nec
437 844 518 873 nos
553 826 821 889 ambigimus
845 865 854 881 ‚
889 827 968 874 sed
1003 827 1148 891 quoad
1185 827 1410 875 vinculum
1443 829 1591 893 ipsum

122 919 319 967 quoque,
349 920 400 949 ac
424 920 476 949 ea
499 920 614 967 quae
638 921 690 950 ex
713 903 889 950 vinculo
924 914 1198 968 promanant.
1238 903 1409 951 Exinde
1442 921 1596 968 coepe-

123 988 224 1024 runt
249 987 543 1042 protestantes
569 978 836 1041 promiscue,
860 988 935 1024 aut
958 995 1104 1025 coram
1129 978 1326 1041 ipsorum
1353 979 1587 1034 ministris,

122 1064 198 1100 aut
231 1070 378 1101 coram
413 1053 745 1116 magistratibus
780 1071 862 1101 sua
897 1054 1010 1099 inire
1043 1054 1270 1116 coniugia,
1304 1071 1421 1118 quae
1456 1055 1596 1101 firmi-

122 1141 254 1177 tatem
278 1130 532 1194 acciperent
548 1131 591 1177 vi
613 1131 757 1194 ipsius
775 1130 905 1194 legis.
923 1130 1024 1176 Dixi
1051 1132 1100 1176 vi
1119 1132 1257 1194 ipsius
1278 1131 1406 1194 leqis,
1435 1149 1595 1195 nempe

122 1206 293 1260 civilis,
327 1206 434 1270 quia
467 1205 633 1253 Christi
671 1207 888 1253 effatum:
930 1206 1053 1261 Quod
1087 1224 1184 1269 erqo
1212 1207 1335 1253 Deus
1370 1208 1597 1254 coniunxit

123 1283 242 1328 homo
275 1299 360 1328 non
405 1292 615 1345 saparet,
660 1281 823 1346 quibus
853 1320 862 1336 ‚
907 1292 955 1328 ut
1000 1299 1080 1328 suo
1126 1281 1222 1329 loco
1267 1281 1552 1329 ostendemus
1582 1320 1592 1337 ,

123 1367 337 1422 perpetua
362 1357 733 1404 indissolubilitas
764 1357 1007 1404 adstruitur
1034 1357 1318 1412 matrimonii,
1349 1367 1597 1421 protestan-

125 1444 190 1480 tes
215 1433 459 1480 innumeris
494 1450 606 1497 pene
640 1433 783 1480 modis
818 1432 1264 1497 cavillationibusque
1300 1433 1475 1496 penitus
1504 1432 1600 1480 elu-

124 1509 236 1556 dunt
256 1510 299 1571 (2
310 1510 372 1569 4).
389 1510 539 1556 Restat
568 1509 702 1571 igitur
725 1509 945 1571 coniugiis
969 1508 1044 1554 illa
1067 1509 1200 1555 unica
1224 1508 1426 1563 firmitas,
1460 1526 1596 1572 quam

126 1584 245 1648 leges
280 1585 435 1632 civiles
470 1584 582 1649 ipsis
619 1584 812 1631 tribuere
846 1584 1093 1631 voluerunt.

222 1662 287 1707 lta
310 1660 639 1708 matrimonium
665 1660 928 1724 simpliciter
950 1659 1079 1707 civile
1103 1661 1276 1708 formali
1303 1661 1471 1708 ratione
1494 1678 1601 1709 con-

127 1737 327 1784 stitutum
351 1747 440 1793 est,
469 1748 694 1801 tamquam
719 1736 999 1783 corollarium
1025 1737 1278 1784 necessario
1296 1738 1521 1801 profluens
1545 1755 1599 1785 ex

225 1844 291 1883 (23)
314 1843 405 1884 Apud
424 1844 576 1875 Benarm.
594 1844 655 1875 loc.
669 1844 726 1875 cit.

223 1897 288 1936 (24)
309 1898 392 1928 Sane
406 1897 646 1928 Rosenmnelier
660 1897 691 1926 in
707 1895 809 1927 schol.
828 1896 861 1926 in
882 1896 995 1927 Mami.
1010 1898 1049 1927 V.
1066 1901 1115 1928 31.
1131 1901 1180 1928 32.
1193 1896 1422 1928 animadvertit
1434 1896 1601 1928 Christum

126 1947 231 1979 solum
246 1948 450 1989 prohibuisse
464 1948 605 1979 divortia
617 1949 758 1988 privato
777 1956 886 1985 ausu,
903 1956 938 1978 re
962 1956 1026 1978 non
1046 1948 1237 1979 denuntiata
1253 1948 1512 1988 magistratibus,
1526 1947 1601 1979 sub·

128 2000 255 2040 aitque:
270 2000 383 2037 «Quod
399 2000 479 2031 bene
494 1999 692 2039 notandum,
703 2009 744 2032 ne
759 1999 951 2031 iudaeorum
967 2008 1072 2031 mores
1086 2008 1130 2031 ex
1141 1999 1274 2039 leyibus
1289 2000 1453 2032 civilibus
1465 2002 1605 2032 nostrae

129 2055 256 2085 aetatis
279 2055 508 2092 metiamur5»
525 2053 620 2090 Quod
636 2053 717 2085 alias
734 2053 858 2093 repetit.
878 2052 995 2084 Eadem
1012 2052 1111 2084 ferme
1125 2052 1238 2085 scribit
1256 2052 1446 2085 Kuinoeiius
1463 2053 1498 2084 in
1511 2061 1600 2086 eum-

129 2106 203 2137 dem
228 2105 292 2137 ioc.
314 2107 391 2136 item
413 2105 592 2143 licinum-d,
608 2107 748 2145 system.
769 2104 811 2136 de
831 2104 988 2136 christol.
1004 2104 1130 2136 moral.
1148 2105 1168 2135 1.
1189 2110 1217 2136 3.
1239 2114 1271 2145 p.
1290 2107 1362 2136 434.
1377 2104 1603 2136 Doerdelinius

132 2158 179 2188 De
202 2157 336 2189 Christo
352 2166 374 2189 a
391 2156 523 2197 levibus
542 2156 705 2189 civilibus
718 2155 879 2195 serendis
898 2156 1011 2188 alieno
1022 2167 1034 2194 ‚·
1057 2156 1090 2187 in
1115 2156 1278 2197 opuscul.
1301 2156 1456 2197 Theoloq.
1475 2165 1547 2197 pag.
1564 2159 1603 2188 73

130 2219 221 2251 seqq.
240 2213 272 2242 et
291 2211 336 2242 ita
351 2220 459 2251 porro.

225 2263 283 2294 His
301 2262 501 2295 adficiendus
517 2263 700 2295 incredulus
715 2262 889 2302 Salvador,
904 2262 959 2303 qui
976 2271 1051 2294 suas
1063 2262 1287 2303 inspirationes
1302 2272 1319 2294 a
1337 2262 1544 2294 rationalistis
1561 2262 1606 2294 in-

130 2316 325 2357 terpretibus
344 2317 510 2348 mutuatus
528 2318 588 2348 est.
604 2316 664 2348 Hic
680 2316 777 2356 igitur
793 2315 825 2347 in
844 2324 897 2356 op.
910 2315 966 2347 cit.
981 2316 1072 2347 Hist.
1089 2315 1148 2347 des
1164 2317 1274 2347 instit.
1290 2315 1332 2347 de
1345 2316 1452 2346 Motse
1467 2316 1547 2346 tom.
1566 2317 1606 2347 ΙΙ.

128 2369 181 2400 ch.
194 2374 224 2400 2.
237 2368 435 2409 Polyqamie
449 2370 482 2400 et
498 2368 639 2401 divorce
652 2376 723 2408 pag.
739 2370 811 2399 2584.
823 2366 1006 2399 concludit:
1021 2380 1036 2394 n
1045 2368 1084 2398 Je
1099 2375 1150 2399 me
1163 2366 1326 2407 gardei-ais
1341 2366 1382 2398 de
1398 2366 1560 2406 presentet
1576 2366 1607 2399 ie

132 2420 264 2452 divorce
278 2429 406 2452 comme
422 2429 487 2451 une
501 2419 624 2461 simple
639 2421 832 2452 concession
847 2418 890 2451 de
905 2420 1011 2451 Mo'ise
1026 2427 1088 2450 aux
1105 2419 1260 2459 hebreux‚
1278 2421 1311 2450 et
1328 2426 1392 2449 aux
1408 2418 1603 2450 circonstan-

132 2481 194 2505 (ιω.
214 2473 369 2513 Puisque,
385 2481 424 2505 en
440 2473 584 2514 principe
598 2472 766 2504 l'adultere
778 2471 857 2504 etait
871 2472 1001 2504 menacc
1013 2471 1054 2503 de
1063 2473 1164 2511 mort;
1176 2471 1262 2503 voila
1273 2479 1317 2502 un
1327 2479 1382 2503 cas
1396 2469 1604 2508 irrecusaffle,

132 2525 189 2565 qui
205 2525 400 2558 l’entrainait
413 2525 510 2556 d'une
524 2525 665 2557 manierc
676 2524 820 2557 absolue.
836 2526 886 2556 on
901 2534 919 2555 a
932 2524 998 2563 dit,
1014 2524 1093 2564 qn‘ii
1109 2532 1150 2555 ne
1162 2523 1267 2555 sallait
1280 2532 1337 2564 pas
1348 2523 1477 2564 separer
1489 2531 1527 2555 ce
1540 2530 1604 2563 que

134 2578 213 2609 Dieu
231 2586 251 2609 a
269 2578 342 2609 uni:
360 2577 428 2609 rien
445 2577 486 2608 de
501 2577 574 2618 plus
590 2577 682 2609 iuste.
698 2576 779 2608 Mais
794 2584 835 2607 on
851 2576 893 2608 l’a
905 2575 1058 2616 appiique
1073 2584 1112 2606 au
1128 2574 1276 2614 divorce‚
1293 2576 1326 2606 et
1341 2574 1372 2606 la
1385 2582 1606 2615 consequence

136 2629 218 2662 n’est
233 2639 289 2670 pas
304 2632 426 2663 exacte.
443 2631 489 2662 Ce
507 2638 571 2670 que
591 2629 672 2661 Dieu
693 2638 712 2661 a
731 2629 786 2660 uni
801 2638 835 2661 se
850 2628 1013 2668 distingue
1029 2636 1086 2668 par
1100 2627 1131 2659 ia
1145 2627 1219 2669 paix
1231 2651 1242 2665 ‚
1257 2626 1394 2667 roi-dre,
1410 2627 1442 2659 ie
1457 2627 1604 2659 honneur

135 2690 285 2713 commun
296 2706 306 2722 ‚
321 2684 354 2714 et
365 2690 403 2714 ce
415 2683 497 2714 n’est
514 2682 606 2723 point
617 2682 636 2713 a
650 2690 704 2714 ces
718 2680 930 2722 mariagoe-ia,
944 2688 1008 2720 quc
1022 2680 1053 2711 le
1066 2679 1198 2712 divor-oe
1213 2678 1388 2718 s'adresse,
1405 2678 1488 2711 mais
1501 2678 1575 2712 bien
1585 2679 1606 2711 ὲ

136 2742 217 2765 ceux
234 2734 314 2766 dont
327 2734 407 2766 Dien
426 2743 467 2766 ne
483 2735 559 2767 s'est
572 2742 630 2775 pas
643 2733 737 2773 mele,
747 2735 780 2765 et
792 2742 850 2774 par
864 2733 910 2764 les
920 2731 1013 2773 queis
1030 2740 1073 2763 un
1094 2731 1194 2763 malin
1212 2731 1313 2772 esprit
1326 2740 1346 2764 ι
1359 2731 1472 2764 exerce
1484 2740 1543 2763 son
1556 2733 1603 2763 in-

140 2786 272 2818 ssuence.
288 2787 334 2818 Ge
348 2786 532 2827 legislateur
546 2795 587 2818 ne
605 2786 742 2818 l’ecrivit
756 2786 837 2817 dans
848 2794 905 2817 son
920 2784 1018 2823 code,
1034 2784 1185 2825 qu’apres
1200 2784 1324 2817 l'avm‘r
1336 2783 1375 2817 lu
1390 2784 1479 2817 dam
1492 2784 1530 2816 la
1542 2793 1604 2816 na·

141 2839 219 2869 ture
243 2837 300 2869 des
321 2837 436 2869 choses
449 2840 532 2869 etc.··
