1912 3180
330 176 421 210 οη.
445 177 507 210 ιιι.
531 177 583 209 nn
614 177 788 210 urani.
817 176 965 210 cxvms
999 176 1119 210 Laos.
1149 176 1242 210 mr.
1270 176 1317 211 ιι.
1490 163 1576 208 301

106 256 248 304 tribus
274 255 462 304 testibus
487 273 575 304 non
599 256 835 304 elicuerint
858 273 989 303 suum
1013 273 1283 304 consensum
1300 294 1311 313 ,
1341 272 1422 304 seu
1447 274 1580 304 suum

104 332 424 381 celebraverint
457 332 731 395 coniugium.
771 332 1055 396 Quapropter
1086 333 1166 398 qui
1198 343 1322 381 extra
1356 333 1471 381 hanc
1504 334 1583 383 de-

106 409 277 456 finitam
312 409 497 456 sormam
533 418 799 455 attentarent
831 408 1103 456 connubium
1122 447 1132 466 ,
1171 427 1261 458 non
1290 410 1436 458 solum
1470 410 1584 458 nihil

103 485 331 532 efficerent
352 522 362 541 ,
402 495 451 532 ut
485 484 597 532 alias
643 483 950 540 ostendimus,
989 484 1035 530 in
1071 487 1242 534 ratione
1276 488 1580 544 sacramenti,

104 559 184 608 sed
219 578 366 626 neque
390 560 435 607 in
461 561 631 608 ratione
659 569 913 608 contractus
937 559 1034 607 sive
1057 562 1273 610 naturalis
1297 563 1394 611 sive
1417 563 1580 621 civilis;

103 635 165 684 ita
199 646 248 683 ut
281 636 328 683 in
361 636 659 685 conscientiae
702 636 797 684 foro
842 635 1036 699 legitime
1058 673 1068 692 ,
1114 647 1192 684 aut
1236 638 1356 686 licite
1390 640 1453 687 uti
1489 640 1586 688 iure

103 712 326 777 coniugali
364 730 451 761 non
487 713 695 777 possint,
734 722 777 759 et
809 710 1066 775 coniugales
1099 712 1178 776 qui
1214 712 1426 762 dicuntur
1457 726 1584 764 actus

104 789 196 837 sint
230 790 413 837 totidem
447 800 574 837 actus
610 789 754 837 illiciti
790 806 842 837 ac
876 788 1126 844 fornicarii,
1164 788 1368 854 adeoque
1402 791 1583 839 totidem

105 876 300 930 peccata.
341 865 451 913 Cum
486 866 622 930 igitur
655 865 753 922 lex,
792 882 882 930 qua
921 865 978 912 de
1010 864 1209 928 agimus,
1249 865 1417 915 directe
1449 867 1586 916 violet

105 941 223 990 hanc
257 942 610 990 ecclesiasticam
643 942 919 990 sanctionem
941 980 951 999 ‚
990 941 1124 1007 plane
1156 943 1446 1008 consequitur
1479 961 1581 1000 e08,

102 1018 180 1082 qui
215 1018 463 1066 voluntarie
496 1028 791 1082 cooperantur
823 1018 930 1066 huic
953 1017 1039 1082 legi
1065 1018 1327 1066 statuendae
1344 1057 1354 1076 ,
1382 1020 1460 1084 qui
1484 1037 1583 1068 eam

104 1104 382 1158 proponunt,
412 1105 787 1159 promoventque,
826 1094 904 1159 qui
941 1094 1157 1158 suffragio
1180 1112 1263 1143 suo
1286 1106 1580 1153 concurrunt,
1644 1136 1646 1138 ,

102 1181 151 1217 ut
169 1169 246 1218 illa
263 1171 537 1228 admittatur,
559 1171 677 1219 effici
696 1189 795 1219 reos
812 1188 960 1219 coram
977 1171 1070 1219 Deo
1087 1172 1342 1235 gravissimi
1361 1172 1577 1221 oriminis.

202 1247 246 1293 2.
288 1248 479 1312 Insuper
513 1247 705 1310 graviter
738 1247 871 1294 etiam
907 1246 1007 1295 illos
1043 1264 1251 1312 peccare,
1280 1247 1358 1313 qui
1382 1247 1494 1297 alios
1525 1249 1583 1296 ad

103 1323 358 1370 violandam
388 1341 468 1370 seu
494 1323 907 1388 transgrediendam
940 1323 1158 1371 ecclesiae
1192 1324 1331 1387 legem
1366 1324 1584 1373 inducunt

105 1399 148 1445 in
177 1417 222 1446 re
245 1400 368 1463 gravi
399 1401 672 1465 maximique
706 1400 946 1456 momenti,
976 1401 1054 1465 qui
1079 1417 1261 1465 compos
1286 1400 1472 1448 rationis
1495 1402 1579 1458 sit,

102 1486 147 1522 et
176 1475 220 1521 in
251 1475 476 1523 Christum
501 1477 676 1533 credat,
705 1476 836 1523 facile
858 1476 991 1524 debet
1013 1476 1272 1533 admittere;
1301 1493 1445 1542 neque
1467 1494 1583 1542 opus

103 1562 172 1598 est
201 1551 380 1598 sublimi
423 1551 602 1615 ingenio
637 1551 919 1618 implexaque
954 1552 1289 1600 ratiocinatione
1319 1563 1368 1600 ut
1389 1553 1435 1599 id
1459 1553 1582 1602 evin-

101 1637 240 1675 catur.
268 1629 379 1675 Nam
413 1628 453 1676 si
494 1646 619 1676 reum
655 1629 990 1697 seconstituit,
1029 1629 1106 1695 qui
1143 1629 1362 1677 actionem
1398 1648 1582 1695 pravam

103 1721 156 1750 ac
191 1704 400 1752 iniustam
430 1705 575 1770 ponit,
606 1705 821 1753 innocens
857 1706 1051 1771 profecto
1075 1722 1165 1753 non
1190 1705 1350 1771 poterit
1382 1707 1576 1762 censeri,

102 1779 180 1843 qui
214 1779 340 1827 alteri
375 1791 531 1829 auctor
565 1792 658 1837 est,
686 1792 736 1828 ut
758 1799 854 1829 eam
890 1792 1047 1846 ponat,
1086 1782 1164 1846 qui
1199 1781 1387 1828 alterum
1423 1798 1583 1846 nempe

103 1854 159 1901 ad
194 1871 291 1902 eam
327 1857 579 1920 ponendam
625 1857 821 1913 inducit3
871 1857 1073 1922 quinimo
1108 1857 1153 1903 in
1187 1856 1411 1904 communi
1446 1857 1580 1904 aesti-

105 1931 298 1979 matione
331 1933 513 1980 maioris
543 1933 700 1998 culpae
737 1933 786 1980 fit
819 1951 949 1988 reus,
987 1934 1065 1997 qui
1100 1933 1235 1980 alium
1272 1943 1498 1997 permovet
1524 1934 1581 1980 ad

103 2006 454 2073 delinquendum
476 2047 487 2065 ,
536 2027 672 2074 quam
715 2009 791 2074 qui
839 2020 1064 2073 permotus
1099 2026 1152 2056 ac
1185 2009 1396 2056 seductus
1440 2009 1581 2072 legem

104 2086 442 2150 transgreditur.
483 2087 533 2133 ln
567 2087 728 2152 quovis
775 2086 940 2134 iudicio
983 2086 1164 2150 gravius
1208 2085 1460 2150 plectuntur
1501 2087 1579 2150 qui

102 2162 215 2210 alios
242 2155 312 2210 'ad
346 2180 481 2226 grave
515 2163 687 2211 facinus
723 2163 991 2228 patrandum
1028 2162 1245 2209 inducunt
1272 2199 1281 2217 ‚
1326 2179 1461 2225 quam
1502 2162 1579 2226 qui

102 2238 357 2286 immediate
389 2239 671 2304 delinquunt.
701 2239 827 2287 Ratio
852 2239 950 2304 ipsa
973 2238 1058 2285 hoc
1081 2255 1163 2286 nos
1187 2237 1329 2284 docet.
1361 2237 1425 2284 lta
1447 2238 1581 2285 aesti-

103 2324 277 2371 matur,
315 2315 393 2379 qui
427 2315 564 2362 alium
600 2314 790 2380 impellit
822 2315 879 2362 ad
915 2315 1055 2370 furta,
1090 2312 1331 2361 homicidia
1353 2351 1363 2369 ,
1403 2313 1581 2361 seditio-

103 2407 211 2446 nes,
257 2389 438 2454 aliaque
478 2389 716 2437 eiusmodi.
758 2389 898 2455 quue
931 2389 1195 2437 confirmant
1229 2388 1480 2435 testimonia
1513 2388 1580 2435 bi·

103 2464 220 2513 blica
252 2466 387 2514 nimis
423 2467 700 2531 frequenter:
740 2476 875 2530 atque
909 2477 958 2513 ut
990 2466 1204 2513 sistamus
1232 2465 1277 2510 in
1301 2475 1575 2527 argumento,

102 2543 223 2606 quod
259 2561 365 2608 prae
399 2544 607 2591 manibus
642 2543 883 2599 habemus,
921 2543 978 2589 de
1013 2542 1069 2588 iis
1104 2541 1300 2597 scilicet,
1330 2541 1406 2606 qui
1433 2541 1477 2588 in
1503 2560 1580 2606 po—

105 2628 264 2666 testate
296 2621 533 2668 constituti'
567 2631 769 2668 auctores
805 2629 910 2667 sunt
952 2618 1116 2682 populo
1138 2656 1148 2674 ,
1187 2628 1235 2665 ut
1268 2618 1314 2664 in
1351 2629 1578 2682 peccatum

106 2693 306 2751 labatur,
336 2714 472 2743 unum
497 2696 739 2744 alterumve
774 2712 972 2760 promam
998 2694 1042 2740 in
1067 2693 1256 2758 gratiam
1291 2711 1440 2742 eorum
1459 2732 1468 2750 ‚
1501 2696 1578 2758 qui

105 2770 306 2833 vestigiis
332 2773 666 2836 protestantium
694 2772 948 2821 insistentes
975 2770 1146 2835 lingunt
1164 2789 1214 2819 se
1232 2771 1364 2820 unice
1381 2771 1579 2836 Scriptu-
