1918 3186
245 187 338 233 200·
510 197 589 232 mn.
621 200 649 230 1.
679 196 792 230 secr.
816 199 845 230 1.
875 198 926 230 nn
960 199 1131 230 numm.
1161 192 1443 230 sxcniunnro.

304 295 306 298 ’
341 279 383 322 4.
420 278 676 322 Praeterea:
721 276 916 322 Eatenus
955 285 1203 323 contractus
1244 286 1312 323 est
1349 285 1669 322 sacramentum
1688 314 1698 332 ,

241 364 459 417 quatenus
482 361 550 397 est
574 351 748 413 signum
773 367 825 397 ac
847 350 1096 415 symbolum
1122 351 1446 398 coniunctionis
1470 350 1632 398 Christi
1662 361 1704 397 et

241 429 455 475 ecclesiae
487 427 673 490 gratiam
707 427 977 492 producens;
1011 427 1098 473 iam
1140 444 1242 474 vero
1276 427 1494 474 eiusmodi
1527 427 1702 490 signum

243 521 329 550 non
363 514 432 549 est
463 511 712 549 contractus
746 520 799 549 ex
833 519 881 549 se
914 501 1148 549 seiunctim
1177 519 1230 549 ac
1257 502 1499 550 universim
1532 511 1706 566 specta-

243 590 313 625 tus
330 616 341 635 ,
371 579 448 625 sed
477 589 607 643 prout
629 589 697 626 est
717 589 894 626 evectus
918 578 975 624 ad
1000 578 1262 625 sacramenti
1297 578 1551 641 dignitatem
1571 616 1580 635 ,
1609 578 1704 626 sive

240 654 458 701 eiusmOdi
484 655 651 701 evectio
674 654 751 701 fiat
772 653 1024 700 immediate
1047 670 1126 717 per
1153 671 1418 701 consensum
1441 653 1704 701 contrahen-

242 731 376 786 tium,
420 730 514 777 sive
558 729 748 777 mediate
781 747 859 794 per
889 728 1239 776 benedictionem
1274 730 1515 777 sacerdotis
1544 749 1554 786 ;
1599 746 1704 792 ergo

242 823 416 853 rursum
450 806 494 852 in
524 817 714 870 utraque
744 805 962 852 sententia
991 804 1249 852 indistincta
1277 816 1425 853 manet
1462 806 1573 853 ratio
1601 823 1706 853 con-

241 884 407 930 tractus
433 894 476 930 et
499 882 778 930 sacramenti.

335 958 537 1005 Diximus
572 967 719 1005 autem
753 966 1023 1003 contractum
1059 956 1317 1004 nubentium
1347 994 1357 1014 ,
1400 957 1505 1004 dum
1548 974 1706 1021 nempe

242 1033 492 1097 perficitur,
528 1049 629 1079 esse
652 1031 879 1078 materiam
910 1032 1157 1095 pro-‘nimam
1191 1032 1454 1080 sacramenti
1485 1033 1709 1080 matrimo-

243 1109 327 1165 nii,
357 1119 664 1172 acpropterea
698 1125 745 1154 re
777 1124 865 1154 non
899 1107 1114 1170 distingui
1138 1125 1164 1155 a
1187 1119 1463 1156 sacramento
1495 1109 1622 1173 ipso,
1660 1119 1710 1155 ut

242 1185 307 1230 sic
341 1183 674 1231 excluderemus
708 1183 909 1231 fallacem
947 1184 1369 1246 argumentationem
1410 1185 1543 1231 Marci
1577 1184 1711 1232 Anto-

246 1260 305 1306 nii
339 1260 403 1306 De
431 1259 656 1316 Dominis,
691 1259 768 1324 qui
797 1270 845 1306 ut
878 1260 1145 1324 persuadeat
1178 1278 1435 1324 permanere
1457 1262 1587 1308 etiam
1611 1271 1712 1326 post

245 1336 451 1400 adeptam
486 1336 698 1383 rationem
742 1337 1005 1383 sacramenti
1039 1347 1310 1384 contractum
1343 1337 1516 1384 civilem
1550 1338 1596 1383 in
1630 1353 1712 1383 suo

246 1428 347 1458 esse
360 1450 370 1468 ,
398 1412 538 1458 utitur
555 1411 755 1476 exemplo
773 1429 931 1476 aquae,
954 1429 1070 1476 quae
1087 1412 1271 1459 materia
1288 1430 1389 1459 cum
1407 1413 1467 1460 sit
1480 1412 1709 1477 baptismi,

244 1499 390 1534 tamen
415 1488 459 1532 in
484 1504 584 1534 esse
618 1504 700 1534 suo
734 1487 923 1534 naturali
957 1488 1043 1534 iam
1070 1488 1311 1535 constituta
1333 1499 1402 1536 est
1424 1499 1526 1536 ante
1543 1488 1714 1553 baptis-

243 1580 386 1618 mum,
426 1579 476 1608 ac
510 1562 611 1609 talis
647 1572 903 1626 perseverat
924 1573 1027 1626 post
1049 1562 1406 1610 administratum
1435 1563 1635 1611 salutare
1657 1563 1716 1610 la-

243 1655 449 1693 vacrum;
489 1638 604 1685 idem
639 1638 712 1686 dic
746 1638 802 1684 de
835 1656 950 1702 pane
984 1649 1027 1685 et
1059 1639 1161 1686 vino
1204 1650 1408 1704 respectu
1451 1641 1713 1687 sacramenti

244 1714 539 1762 eucharistiae
573 1725 673 1761 ante
707 1714 1080 1762 consecrationem
1103 1716 1219 1777 (23).
1243 1716 1335 1762 lam
1358 1732 1462 1762 vero
1485 1715 1714 1780 Spalaten-

244 1791 308 1837 sis
340 1801 543 1854 apostata
566 1791 611 1837 in
636 1791 719 1838 hac
742 1808 826 1837 sua
848 1791 1175 1855 comparatione
1198 1791 1433 1855 dupliciter
1455 1803 1592 1848 errat,
1620 1802 1711 1838 tum

241 1879 398 1931 nempe
423 1868 467 1912 in
492 1885 566 1923 eo,
595 1867 713 1932 quod
739 1878 962 1932 supponat
984 1868 1073 1914 iam
1099 1868 1286 1915 existere
1319 1879 1590 1915 contractum
1613 1886 1710 1932 per-

242 1943 403 1990 fectum
447 1954 548 1990 ante
591 1944 853 1991 sacramenti
894 1944 1318 1992 administrationem
1336 1983 1345 2001 ,
1394 1955 1522 2008 prout
1562 1944 1711 1992 existit

242 2036 360 2083 aqua
393 2030 495 2066 ante
527 2019 824 2083 baptismum,
862 2019 981 2084 quod
1014 2030 1158 2067 tamen
1193 2020 1238 2066 in
1273 2020 1495 2067 communi
1527 2037 1578 2067 ac
1605 2037 1709 2067 vera

243 2094 460 2142 sententia
494 2094 656 2141 falsum
687 2105 776 2151 est;
815 2095 949 2143 immo
982 2107 1025 2142 et
1058 2096 1103 2142 in
1138 2096 1354 2143 sententia
1388 2096 1525 2153 Cani,
1557 2096 1621 2143 uti
1643 2095 1710 2143 vi-.

241 2172 388 2219 dimus
401 2210 411 2228 ,
435 2182 511 2218 aut
527 2171 683 2219 saltem
701 2173 822 2219 iuxta
838 2172 1037 2219 eiusdem
1055 2172 1206 2237 placiti
1224 2173 1544 2237 expositionem
1561 2173 1706 2237 quoad

241 2265 343 2304 eos,
382 2248 460 2312 qui
498 2248 647 2311 ipsum
682 2259 885 2306 tuentur;
924 2259 1015 2296 tum
1050 2249 1096 2295 in
1129 2266 1181 2296 eo
1214 2259 1349 2305 errat,
1389 2249 1517 2313 quod
1542 2258 1709 2313 spectet

243 2335 514 2371 contractum
538 2324 796 2372 nubentium
830 2325 876 2371 in
905 2336 1006 2373 actu
1038 2343 1126 2390 quo
1158 2325 1455 2382 benedicitur,
1481 2325 1544 2372 uti
1568 2335 1706 2371 mate-

244 2400 352 2446 riam
397 2411 619 2455 remotam,
666 2401 737 2447 cui
781 2412 1005 2466 tamquam
1039 2402 1095 2448 ab
1127 2402 1370 2449 extrinseco
1399 2418 1480 2448 ceu
1513 2399 1705 2465 qualitas

243 2477 526 2524 accidentalis
561 2477 842 2542 superveniat
871 2478 981 2524 ratio
1015 2478 1305 2533 sacramenti,
1343 2494 1442 2524 cum
1474 2493 1527 2523 ex
1560 2477 1706 2524 catho-

339 2582 404 2621 (23)
426 2584 513 2614 Haec
524 2584 601 2614 sunt
614 2581 713 2615 verba
726 2581 938 2623 spalatensis:
953 2581 1067 2614 «Sicut
1080 2582 1314 2614 sacramentum
1327 2581 1477 2622 baptismi
1491 2581 1571 2614 nihil
1584 2582 1709 2615 confert

242 2642 346 2673 aquae
361 2634 393 2665 in
405 2643 474 2667 esse
487 2636 627 2676 perfecto
643 2644 763 2676 aquae,
778 2636 812 2668 et
824 2636 1061 2667 sacramentum
1076 2634 1288 2667 eucharistiae
1300 2634 1374 2676 pani
1390 2635 1423 2667 et
1437 2634 1534 2675 vino;
1546 2634 1593 2666 sic
1606 2643 1712 2676 neque

242 2687 476 2717 sacramentum
499 2686 696 2719 matrimonii
718 2687 893 2728 quicquam
912 2686 1053 2719 conseret
1067 2686 1245 2719 contractui
1262 2687 1344 2719 inter
1358 2687 1539 2719 masculum
1554 2688 1586 2718 et
1598 2686 1709 2719 foemi-

242 2745 335 2776 nam;
351 2738 405 2777 qui
423 2740 606 2772 contractus
620 2741 670 2772 est
686 2739 751 2772 iam
765 2740 897 2781 plenum
912 2741 945 2772 et
958 2739 1141 2772 absolutum
1156 2739 1399 2772 matrimonium
1414 2740 1446 2772 in
1461 2748 1530 2773 esse
1544 2740 1705 2773 matrimo-

242 2787 304 2828 nii,
327 2789 387 2820 hoc
411 2791 476 2830 est,
494 2793 678 2824 contractus
699 2792 865 2825 humani.»
877 2794 937 2833 Op.
954 2793 986 2825 et
999 2792 1060 2825 loc.
1072 2791 1128 2824 cit.
1143 2800 1175 2824 n.
1191 2796 1241 2824 22.
