1918 3186
1527 175 1549 218 1
1560 175 1615 219 35

738 283 949 321 CAPUT
978 285 1036 319 V.

332 414 582 447 ARGUMENTA
617 414 693 446 1⁸30
729 413 954 445 SENTENTIA
989 413 1041 444 DE
1075 412 1438 446 coN'rnAnEN'rlnus

174 479 406 511 cnms'rlANl
432 478 678 511 MATRIMONH
703 478 908 511 MlNlSTRls
927 478 1194 510 AFFERUNTUR
1217 478 1266 510 m·
1300 476 1610 510 nxrssNnUN'run.

724 586 996 623 ARTICULUS
1023 587 1051 620 1.

670 682 907 731 Argumenta
933 681 1093 720 Biblica.

250 803 407 851 Breves
444 803 608 867 pariter
637 804 802 850 erimus
835 803 883 850 in
915 802 1217 866 expendendis
1249 803 1527 852 documentis
1549 804 1620 851 bi-

155 877 284 925 blicis
318 878 440 925 illius
474 879 741 935 sententiae,
770 895 884 943 quae
907 889 1155 942 propugnat
1180 879 1489 928 contrahentes
1516 898 1619 929 esse

154 955 377 1002 ministros
411 955 674 1002 sacramenti
707 955 992 1002 matrimonii.
1023 955 1263 1002 Fatendum
1286 956 1404 1003 enim
1427 967 1496 1003 est
1518 957 1618 1003 nul-

154 1029 243 1076 lum
260 1030 472 1078 biblicum
492 1030 686 1094 palmare
704 1030 1001 1078 testimonium
1021 1031 1219 1095 reperiri,
1241 1031 1360 1096 quod
1378 1048 1470 1078 rem
1487 1032 1618 1096 plane

151 1105 371 1154 conficiat.
410 1107 708 1154 Nihilominus
753 1106 967 1154 biblicum
999 1107 1299 1155 testimonium
1333 1126 1422 1156 non
1457 1108 1612 1165 deest,

151 1200 241 1247 quo
274 1183 359 1229 ista
385 1183 604 1229 sententia
638 1182 793 1229 saltem
826 1182 1100 1238 insinuetur,
1133 1193 1288 1247 estque
1312 1182 1423 1229 illud
1446 1184 1612 1248 ipsum,

151 1257 271 1323 quod
297 1276 354 1306 ex
382 1270 528 1306 mente
557 1258 783 1306 tridentini
817 1260 959 1304 innuit
990 1258 1318 1306 matrimonium
1353 1259 1618 1308 christiano-
1675 1284 1681 1293 ·

155 1351 251 1381 rum
282 1334 385 1382 vvere
412 1352 512 1382 esse
535 1344 868 1396 sacramentum,
885 1350 1024 1381 novae
1045 1333 1157 1397 legis
1181 1351 1208 1380 a
1229 1333 1405 1382 Christo
1427 1335 1616 1383 Domino

156 1410 402 1457 institutum
426 1410 481 1456 ad
505 1410 692 1473 gratiam
718 1409 1053 1466 conferendam,
1091 1415 1218 1473 quae
1241 1427 1434 1474 amorem
1466 1411 1619 1459 coniu-

151 1503 256 1548 gum
290 1485 533 1533 naturalem
558 1485 781 1550 perficiat,
809 1502 861 1531 ac
884 1484 1240 1532 indissolubilem
1273 1485 1484 1533 unitatem
1519 1503 1618 1534 con-

154 1562 322 1618 firmet,
360 1562 660 1626 coniugesque
698 1560 955 1608 sanctificet.

253 1638 566 1685 Testimonium
609 1648 754 1684 autem
798 1637 882 1685 hoc
926 1637 1054 1685 nobis
1095 1638 1349 1703 suppeditat
1380 1638 1616 1703 Apostolus

153 1713 317 1778 Ephes.
340 1714 388 1760 V.
412 1715 648 1779 Postquam
672 1715 790 1761 enim
811 1731 855 1761 v.
879 1716 955 1762 31.
980 1715 1300 1763 institutionem
1329 1715 1523 1778 coniugii
1549 1716 1617 1762 in-

154 1799 218 1836 ter
249 1789 389 1837 Adam
423 1802 466 1838 et
497 1791 664 1838 Hevam
708 1791 754 1836 in
800 1791 991 1838 terrestri
1025 1790 1234 1855 paradiso
1255 1790 1492 1838 retulisset
1526 1790 1616 1838 illis

155 1865 332 1913 verbis:
369 1886 392 1912 «
415 1868 597 1932 Propter
629 1867 713 1914 hoc
746 1866 965 1932 relinquet
998 1867 1129 1915 homo
1157 1878 1325 1931 patrem
1358 1878 1401 1919 et
1433 1877 1616 1915 matrem

154 1947 310 2002 suam,
349 1954 393 1990 et
425 1943 685 1991 adhaerebit
723 1943 848 1991 uxori
883 1961 1015 1992 suae:
1053 1954 1096 1991 et
1127 1954 1255 1990 erunt
1286 1943 1375 1991 duo
1408 1944 1453 1990 in
1485 1961 1618 1991 earne

157 2036 279 2066 una»
295 2036 498 2084 quaeque
519 2031 569 2067 ut
590 2037 616 2067 a
638 2021 728 2068 Deo
759 2019 930 2084 prolata
952 2021 1155 2068 Christus
1179 2020 1277 2084 ipse
1300 2019 1502 2067 exhibuit
1515 2021 1618 2067 Mat-

154 2094 218 2140 th.
239 2095 352 2140 XIX.
378 2097 443 2150 5„
466 2095 666 2158 protinus
700 2095 853 2142 subdit
870 2095 1120 2160 'Apostolus
1148 2113 1191 2142 v.
1218 2096 1293 2142 32.
1320 2115 1342 2139 «
1359 2096 1617 2143 Sacramen-

154 2181 245 2217 tum
280 2171 364 2218 hoc
397 2187 604 2233 magnum
637 2181 727 2227 est;
766 2189 848 2234 ego
881 2182 1027 2219 autem
1072 2171 1172 2219 dico
1206 2172 1252 2217 in
1286 2171 1461 2219 Christo
1493 2183 1538 2220 et
1569 2173 1615 2219 in

153 2247 391 2294 ecelesia.»

205 2326 208 2329 ’
249 2324 369 2371 Haec
393 2341 523 2388 porro
547 2324 682 2372 verba
704 2342 790 2372 non
814 2325 871 2371 ad
896 2324 1038 2372 solum
1065 2334 1421 2390 protoparentum
1444 2335 1616 2375 nostro-

155 2404 261 2446 rum>
284 2400 536 2463 coniugium
571 2401 748 2457 referri,
776 2401 856 2448 sed
889 2411 932 2448 et
965 2400 1021 2448 ad
1056 2411 1356 2465 posterorum,
1384 2401 1616 2465 potissime

153 2478 255 2523 vero
279 2476 335 2523 ad
357 2476 699 2525 christianorum
722 2477 928 2540 coniugia
949 2494 1049 2525 sese
1071 2477 1327 2533 extendere,
1356 2487 1446 2524 tum
1471 2478 1614 2525 sancti

153 2551 366 2600 ecclesiae
408 2563 580 2618 patres,
618 2564 709 2601 tum
744 2571 854 2601 rom.
890 2554 1153 2618 pontifices,
1191 2564 1324 2618 atque
1357 2553 1616 2618 interpretes

155 2626 383 2675 christiani
426 2646 582 2677 omnes
625 2630 883 2694 profitentur
914 2647 966 2676 ex
1005 2639 1150 2676 mente
1183 2628 1408 2693 Apostoli,
1446 2628 1523 2693 qui
1557 2629 1614 2677 ad

157 2705 550 2752 commendandum
593 2715 793 2753 mutuum
830 2705 1063 2769 coniugum
1109 2704 1306 2753 fidelium
1338 2721 1530 2755 amorem
1563 2722 1616 2753 ea

157 2775 363 2841 loquendi
398 2781 565 2827 ratione
600 2798 708 2827 usus
743 2791 823 2827 est.
