1918 3186
302 161 359 207 20
553 174 632 205 ΠΒ.
662 174 691 204 1.
720 171 832 204 SECT.
862 170 892 201 1.
921 170 973 201 DE
998 169 1170 202 mmm.
1196 167 1476 202 SAanMEN'ro.
1504 187 1507 190 -

296 254 406 301 siam
436 250 686 300 'celebrandi
721 249 946 311 coniugia,
974 265 1026 295 ac
1060 248 1156 295 sine
1191 247 1451 296 sacerdotali
1486 247 1753 306 ministerio,

295 330 403 377 adeo
425 339 475 376 ut
497 327 649 374 illicita
683 324 916 374 connubia·
937 324 1184 372 habeantur
1200 363 1210 382 ,
1238 341 1353 389 quae
1377 340 1504 371 secus
1530 320 1759 372 inita‘fue*

294 405 406 461 rint,
450 402 828 465 subiicianturque
867 400 1181 464 poenitentiae,
1219 399 1296 464 qui
1331 399 1429 446 sine
1461 398 1759 447 ecclesiastico

294 490 507 546 apparatu
545 474 884 525 matrimonium>
909 476 1086 524 inierint
1128 477 1244 538 (63).
1284 476 1406 522 Idem
1439 475 1511 522 dic
1545 475 1599 522 de
1633 475 1759 539 praxi

293 564 336 601 et
366 571 452 602 usu
475 555 522 600 in
547 552 746 601 ecclesiis
770 551 1140 607 occidentalibus,
1169 560 1218 597 ut
1238 567 1290 597 ex
1314 550 1460 598 allatis
1483 550 1758 598 documentis

293 630 401 678 satis
434 639 567 694 patet.
1410 626 1412 628 ’

389 705 534 761 Quum
568 704 701 768 igitur
732 703 1003 768 exploratum
1039 704 1123 759 sit,
1162 713 1308 766 patres
1342 703 1465 749 iuxta
1499 719 1595 749 eam
1626 702 1759 750 fidem

294 792 338 828 et
370 780 639 836 doctrinam,
679 796 795 844 quae
827 779 873 825 in
916 778 1102 825 ecclesia
1135 777 1385 835 obtinebat,
1422 795 1523 825 esse
1554 778 1755 835 locutos;

291 855 451 903 exinde
485 854 705 917 colligitur
735 853 987 901 eorumdem
1019 852 1168 908 effata,
1206 852 1313 898 dum
1345 864 1526 916 agentes
1553 853 1610 901 de
1641 853 1760 901 chri-

292 932 435 979 stiano
475 930 694 979 connubio
730 930 871 976 eidem
906 928 1167 988 adscribunt
1200 928 1631 985 sanctificationem,
1656 946 1760 976 san-

292 1008 485 1055 ctitatem
515 1045 524 1063 ‚
573 1006 922 1054 benedictionem
951 1043 961 1061 ,
984 1025 986 1027 ’
1007 1005 1194 1067 gratiam
1223 1043 1232 1061 ,
1286 1005 1392 1051 dum
1438 1015 1760 1053 sacramentum

289 1095 470 1140 vocant,
505 1083 612 1129 dum
638 1092 860 1130 testantur
891 1080 1116 1128 Christum
1149 1080 1403 1144 coniugium
1437 1081 1755 1137 sanctificasse,

289 1158 458 1223 nuptiis
489 1157 797 1213 benedixisse,
833 1156 1018 1220 gratiam
1052 1157 1219 1221 nuptiis
1254 1156 1541 1214 conciliasse,
1580 1158 1760 1206 totidem

292 1252 390 1282 esse
424 1234 692 1290 testimonia,
731 1232 896 1297 quibus
929 1232 1117 1280 efficitur
1149 1233 1427 1281 matrimonio
1458 1250 1608 1281 veram
1641 1250 1761 1282 com-

291 1321 439 1374 petere
459 1309 718 1358 sacramenti
738 1309 966 1356 rationem.
990 1309 1085 1357 Nisi
1105 1309 1222 1356 enim
1239 1309 1295 1356 de
1314 1320 1589 1369 sacramento
1607 1327 1762 1374 presse

292 1396 468 1449 sumpto
502 1384 676 1432 illorum
708 1383 844 1432 verba
876 1394 1026 1431 essent
1047 1384 1328 1448 accipienda,
1357 1385 1403 1431 in
1427 1387 1641 1450 perpetua
1660 1386 1763 1434 ‘col-

290 1460 474 1517 lisione,
512 1471 587 1507 aut
627 1459 904 1524 oppositione
947 1459 1086 1506 forent
1127 1476 1226 1506 cum
1260 1459 1474 1507 ecclesiae
1506 1461 1611 1508 fidel
1629 1471 1761 1526 atque

289 1536 506 1584 doctrina.
545 1535 773 1600 Siquidem
806 1534 993 1583 ecclesia
1025 1535 1283 1600 quotidiana
1325 1537 1450 1600 praxi
1491 1536 1763 1597 declarasset

290 1630 340 1661 se
376 1629 528 1660 verum
572 1611 899 1675 administrare
923 1622 1243 1659 sacramentum
1274 1649 1284 1668 ,
1333 1629 1382 1659 se
1416 1612 1644 1660 intendere
1686 1630 1762 1661 ve-

289 1692 389 1735 rum
437 1697 761 1735 sacramentum
810 1687 1029 1743 conferre,
1066 1692 1164 1735 seuv
1181 1698 1505 1735 sacramentum
1549 1706 1576 1735 a
1619 1689 1762 1736 fideli—

289 1763 374 1811 bus
408 1765 565 1811 confici
600 1764 646 1810 in
682 1763 974 1811 celebratione
1005 1765 1259 1828 ¹nuptiarum
1276 1803 1286 1821 ,
1314 1775 1461 1829 patres
1496 1781 1599 1812 vero
1627 1764 1759 1813 locuti

289 1840 479 1887 fuissent
528 1850 603 1886 aut
635 1840 691 1887 de
725 1843 997 1888 sacramento
1032 1840 1117 1887 late
1152 1851 1328 1905 sumpto
1359 1879 1369 1894 ,
1425 1852 1499 1888 aut
1532 1841 1589 1889 de
1620 1859 1761 1889 vacua

289 1915 537 1962 ceremonia
560 1932 611 1962 ac
633 1915 742 1962 ritu.v
761 1915 888 1970 Quod
910 1932 997 1963 non
1022 1915 1164 1963 solum
1183 1916 1307 1963 nefas
1325 1927 1394 1963 est
1416 1917 1562 1964 dicere
1585 1935 1636 1965 ac
1659 1935 1760 1965 sen-

291 1990 393 2046 tire,
430 1990 508 2037 sed
537 1991 665 2055 plane
697 1990 964 2046 absurdum,
1012 2009 1063 2039 ac
1097 1992 1295 2057 patribus
1331 2010 1609 2057 summopere
1642 1993 1759 2040 iniu-

291 2082 472 2113 riosum.

384 2142 534 2190 Merito
568 2154 798 2207 propterea
831 2144 1023 2192 diximus
1060 2163 1112 2192 ex
1147 2146 1344 2192 doctrina
1375 2163 1428 2192 ac
1461 2146 1548 2192 fide
1583 2145 1759 2192 univer-

290 2218 396 2264 salis
429 2218 641 2266 ecclesiae
673 2219 814 2267 lucem
838 2220 1005 2268 affandi
1030 2232 1202 2286 patrum
1225 2221 1379 2277 dictis,
1409 2221 1587 2285 siquae
1609 2220 1757 2268 minus

290 2293 531 2341 decretoria
565 2312 617 2341 ex
652 2313 700 2342 se
733 2295 1006 2354 viderentur,
1034 2315 1273 2362 eorumque
1297 2314 1478 2344 sensum
1502 2313 1756 2360 germanum

291 2368 587 2415 determinari.

386 2444 510 2499 Quae
543 2461 643 2491 cum
676 2445 736 2492 ita
770 2463 817 2493 se
850 2446 1068 2503 habeant,
1097 2447 1185 2494 iam
1210 2458 1330 2511 patet
1362 2447 1471 2511 quid
1494 2446 1550 2493 de
1572 2446 1757 2493 Erasmo

290 2519 566 2567 sentiendum
606 2520 690 2578 sit,
729 2521 835 2568 dum
878 2522 923 2568 in
966 2522 1114 2570 adnot.
1158 2523 1214 2569 ad
1255 2524 1289 2568 1.
1331 2522 1429 2570 Cor.
1467 2523 1560 2568 Vll.
1606 2521 1759 2570 leviter

289 2595 446 2652 nimis,
475 2613 527 2643 ac
550 2606 710 2645 temere
732 2597 864 2645 etiam
887 2598 1121 2646 affirmavit
1143 2599 1350 2662 nuspiam
1376 2598 1468 2646 sive
1491 2598 1612 2662 apud
1636 2615 1756 2661 grae-

287 2687 389 2726 cos,
430 2671 523 2718 sive
563 2673 682 2735 apud
725 2673 885 2722 latinos
929 2674 1159 2739 quidpiam
1201 2673 1392 2730 offendi,
1430 2673 1550 2721 unde
1589 2673 1757 2739 liqueat

383 2770 448 2810 (63)
471 2771 520 2803 Cf.
541 2772 695 2805 Goarium
712 2773 743 2805 in
758 2774 843 2807 notis
856 2774 897 2806 ad
915 2774 1133 2815 Euchologion
1147 2776 1181 2807 in
1200 2773 1316 2815 officio
1334 2775 1577 2808 coronationis.
