1912 3180
270 208 361 240 cir.
380 208 509 240 1v.1>n
532 207 688 241 Ancum.
709 207 786 240 rno
805 206 909 240 LEGE
926 208 978 240 nn
996 208 1122 241 uun.
1144 207 1227 241 civ.
1246 209 1339 241 Aur.
1361 209 1424 242 ιιι.
1531 195 1620 243 413
1660 226 1662 228 >

150 287 260 335 leve
287 297 356 334 est
388 286 631 335 adversarii
677 297 868 335 erratum
887 324 897 344 ,
937 286 1176 335 concilium
1210 287 1495 336 florentinum
1528 290 1624 356 Spi-

150 364 237 411 ritu
270 365 429 411 Sancto
470 364 716 428 inspirante
764 363 984 412 eiusmodi
1029 363 1229 412 edidisse
1273 364 1578 414 definitIOnem
1606 405 1620 423 ,

150 458 287 505 quam
328 441 426 505 ipse
460 441 721 488 autumavit.

247 517 373 563 Nunc
405 533 510 564 vero
544 516 881 574 animadverto,
921 517 959 563 si
996 518 1174 582 proprie
1212 517 1447 583 loquamur
1473 556 1483 575 ‚
1534 536 1623 567 non

152 592 336 657 quidem
371 592 609 640 concilium
642 593 926 640 florentinum
947 631 957 650 ,
992 593 1072 640 sed
1101 594 1248 658 potius
1277 595 1527 658 Eugenium
1550 596 1621 642 lv.

151 667 198 714 in
232 685 316 715 sua
349 669 663 716 constitutione
692 687 772 734 pro
800 669 1016 726 armenis,
1050 679 1094 716 et
1121 670 1301 734 quidem
1329 682 1430 735 post
1454 672 1626 719 disces-

151 761 250 792 sum
270 761 528 808 graecorum
549 745 594 791 in
614 745 803 792 basilica
830 745 1098 793 lateranensi
1117 746 1162 792 in
1180 763 1270 811 qua
1292 747 1527 794 concilium
1550 747 1627 795 sso-

151 821 376 868 rentinum
406 821 711 868 continuatum
729 821 828 878 suit,
851 832 900 868 ut
918 820 1026 869 alibi
1045 821 1376 879 adnotavimus,
1398 823 1592 871 edixisse
1611 841 1621 869 :

155 897 346 944 «Causa
379 897 581 944 efficiens
612 897 883 944 matrimonii
919 897 1179 961 regulariter
1210 908 1278 945 est
1311 908 1492 946 mutuus
1525 915 1627 946 con-

151 990 314 1021 sensus
349 990 428 1037 per
457 973 593 1021 verba
619 973 674 1020 de
693 974 917 1038 praesenti
946 991 1186 1039 expressus
1213 976 1364 1037 (96).»
1382 974 1509 1031 Quae
1532 974 1629 1040 qui-

151 1049 253 1097 dem
287 1049 424 1097 verba
463 1059 690 1098 mutuatus
726 1060 794 1097 est
827 1050 1056 1114 Eugenius
1099 1050 1167 1096 lv.
1196 1049 1383 1114 perinde
1407 1067 1460 1098 ac
1482 1060 1628 1099 cetera

154 1126 329 1183 omnia,
362 1143 477 1191 quae
501 1126 547 1172 in
571 1126 656 1173 hac
681 1144 765 1174 sua
787 1127 1105 1175 constitutione
1140 1126 1198 1173 ad
1232 1137 1507 1174 sacramenta
1529 1144 1630 1191 per-

153 1203 320 1259 tinent,
359 1221 412 1251 ex
447 1203 664 1268 opusculo
695 1204 744 1250 V.
776 1221 813 1251 s.
836 1203 1030 1251 Thomae
1061 1203 1118 1250 de
1151 1203 1445 1251 sacramentis
1475 1204 1591 1265 (97).

249 1278 379 1325 Nulla
401 1279 557 1343 utique
580 1279 626 1325 in
650 1279 928 1343 assignanda
951 1295 1089 1326 causa
1111 1278 1320 1326 efficienti
1354 1278 1627 1326 matrimonii

157 1354 207 1402 fit
239 1354 407 1402 mentio
442 1355 718 1411 sacerdotis,
757 1355 863 1419 quia
896 1372 950 1402 ex
983 1364 1129 1402 mente
1162 1353 1389 1402 Pontificis
1423 1365 1466 1402 et
1489 1354 1626 1420 Aqui-

154 1431 300 1488 natis‚
330 1418 523 1478 ministri
552 1430 687 1478 huius
718 1431 1010 1487 sacramenti,
1048 1441 1098 1478 ut
1129 1430 1295 1495 pariter
1328 1447 1410 1478 nos
1444 1441 1626 1478 conten·-

154 1506 332 1563 dimus,
370 1516 475 1553 sunt
513 1505 826 1554 contrahentes
861 1506 982 1571 ipsi,
1020 1516 1152 1570 atque
1186 1505 1283 1553 eius
1316 1505 1518 1554 efficacia
1546 1524 1626 1571 per

152 1599 197 1629 se
230 1599 259 1629 a
290 1581 602 1629 benedictione
636 1581 898 1629 sacerdotali
929 1580 1182 1628 nullatenus
1212 1580 1390 1646 pendet.

249 1657 447 1705 Alterum
481 1657 683 1705 eiusdem
715 1657 932 1705 senatoris
962 1657 1154 1720 theologi
1180 1668 1371 1705 erratum
1395 1668 1478 1714 est,
1507 1658 1627 1722 quod

154 1734 346 1782 affirmet
379 1734 554 1782 concilii
591 1746 739 1798 patres
772 1733 988 1781 cardinali
1036 1734 1320 1797 Lotharingio
1366 1734 1627 1799 proponenti

153 1810 444 1858 irritationem
463 1810 768 1873 coniugiorum
786 1810 1163 1858 clandestinorum
1185 1810 1491 1874 respondisse,
1506 1809 1627 1856 haud

156 1903 292 1951 posse
337 1886 577 1934 concilium
622 1886 827 1943 irritare,
877 1886 998 1951 quod
1032 1903 1059 1933 a
1091 1903 1215 1934 conc.
1262 1886 1497 1933 florentino
1548 1903 1629 1950 ap-

155 1963 390 2028 probatum
416 1963 572 2010 suerat.
607 1963 781 2010 Etenim
818 1963 856 2010 si
891 1980 962 2010 res
998 1963 1058 2010 ita
1093 1980 1141 2010 se
1176 1962 1386 2019 haberet,
1419 1979 1520 2010 cum
1549 1963 1627 2010 tri-

157 2038 388 2086 dentinum
409 2049 584 2104 postea,
607 2038 909 2086 consentiente
932 2038 1090 2084 maiori
1115 2047 1288 2102 patrum
1314 2047 1454 2102 parte,
1479 2038 1628 2102 reipsa

159 2115 398 2163 irritaverit
436 2115 715 2162 clandestina
759 2114 1077 2170 matrimonia,
1124 2131 1224 2162 sese
1266 2114 1444 2162 tandem
1488 2130 1628 2178 oppo-

160 2192 328 2240 suisset
359 2191 620 2239 ssorentino:
651 2208 731 2239 seu
754 2191 875 2238 iuxta
899 2190 1203 2238 adversarium
1232 2207 1332 2237 cum
1362 2207 1450 2237 non
1480 2190 1628 2238 minus

159 2267 398 2316 concilium
428 2267 718 2315 tridentinum
749 2284 884 2332 quam
913 2267 1194 2314 florentinum
1214 2265 1346 2313 suerit
1363 2264 1629 2329 inspiratum

158 2361 185 2391 a
207 2344 374 2409 Spiritu
398 2344 574 2400 Sancto⁷
596 2342 789 2407 Spiritus
817 2343 1006 2390 Sanctus
1030 2342 1118 2390 sibi
1145 2342 1233 2406 ipsi
1258 2341 1501 2389 contrarius
1525 2341 1632 2389 suis-

160 2429 242 2467 set.
276 2419 403 2466 Hanc
435 2435 540 2466 vero
574 2418 927 2466 contrarietatem
958 2435 1037 2465 seu
1060 2417 1414 2466 colluctationem
1438 2416 1631 2482 Spiritus

159 2495 308 2542 Sancti
333 2512 434 2542 cum
459 2494 700 2559 semetipso
724 2493 1072 2558 protestantibus
1096 2493 1407 2558 relinquimus,
1436 2493 1514 2557 qui
1540 2510 1629 2541 non

159 2582 364 2619 verentur
406 2571 573 2636 passim
610 2570 802 2618 tribuere
841 2570 1023 2635 Spiritui
1065 2570 1225 2618 Sancto
1264 2568 1631 2618 contradictorias

162 2664 269 2695 suas
291 2647 534 2696 Bibliorum
570 2647 970 2713 interpretationes.

257 2771 323 2812 (96)
343 2771 437 2812 Apud
457 2771 615 2803 Harduin.
631 2772 718 2804 Acta
733 2771 855 2804 concil.
871 2772 950 2804 tom.
968 2772 1025 2803 lx.
1042 2769 1104 2802 col.
1122 2772 1192 2803 440.

260 2824 327 2864 (97)
350 2823 432 2856 lbid.
451 2824 516 2856 col.
536 2827 606 2857 437.
