1918 3186
279 192 368 224 cir.
392 195 433 224 v.
458 194 509 226 m:
534 194 689 228 umisr.
713 195 917 228 comnia.
936 196 1030 228 Λιιτ.
1053 196 1114 229 ιιι.
1138 194 1292 228 Anauni.
1318 196 1464 229 mizon.
1541 183 1629 228 167

161 290 290 336 gere,
319 287 435 337 quae
468 274 708 321 novissime
737 274 839 321 Pius
866 275 937 319 lx.
968 275 1012 320 in
1042 274 1324 324 damnatione
1356 293 1539 341 operum
1565 277 1625 323 10.

161 348 458 413 Nepomuceni
493 350 634 414 Nuytz
668 349 931 413 professoris
968 351 1230 400 taurinens‘s
1244 351 1414 399 edixit:
1457 371 1479 395 «
1503 350 1633 398 Plura

161 442 364 490 quoque,
401 425 569 490 inquit,
608 426 665 472 de
698 425 977 473 matrimonio
1010 426 1121 474 falsa
1154 438 1411 474 asseruntur
1438 427 1514 489 (in
1532 445 1634 492 pro-

161 501 339 566 scriptis
352 501 583 566 operibus)
596 521 605 549 :
622 502 744 549 nulla
757 502 925 551 ratione
938 503 1032 549 fieri
1053 521 1186 568 posse
1196 504 1419 551 Christum
1433 504 1634 552 evexisse

161 578 489 626 matrimonium
513 578 568 625 ad
593 578 853 642 dignitatem
878 580 1164 636 sacramenti;
1192 580 1461 627 matrimonii
1486 597 1635 628 sacra-

159 664 356 701 mentum
374 671 463 702 non
480 672 581 702 esse
608 655 695 702 nisi
723 656 834 720 quid
862 656 1105 703 contractui
1132 656 1451 712 accessorium,
1481 656 1539 703 ab
1560 674 1635 704 eo-

159 746 248 794 que
292 730 541 795 separabile
569 769 578 787 ,
631 733 853 795 ipsumque
894 742 1209 778 sacramentum
1252 734 1299 778 in
1336 750 1424 779 una
1470 743 1636 780 tantum

163 807 355 870 nuptiali
389 807 674 854 benedictione
695 809 828 855 situm
850 825 937 854 esse
959 809 1110 870 (52).»
1133 807 1242 854 Cum
1267 807 1314 853 hi
1340 808 1515 855 articuli
1541 826 1637 873 pro-

159 881 314 946 scripti
349 882 512 930 fuerint
538 883 675 931 veluti
711 884 814 931 falsi
850 901 901 931 ac
934 884 1134 941 erronei,
1173 894 1293 948 patet
1326 884 1447 931 iuxta
1481 884 1634 932 catho-

158 957 291 1005 licam
323 958 571 1007 doctrinam
601 970 692 1006 tum
719 962 762 1006 1.
787 959 1013 1006 Christum
1048 959 1377 1007 matrimonium
1400 998 1410 1015 ,
1441 977 1522 1007 seu
1558 977 1636 1007 na-

159 1034 359 1082 nuralem
401 1036 595 1098 coniugii
640 1046 911 1088 contractum
959 1036 1015 1082 ad
1061 1035 1324 1093 sacramenti
1372 1035 1636 1099 dignitatem

160 1110 394 1167 evexisse;
433 1122 525 1158 tum
562 1113 605 1157 2.
636 1112 900 1159 sacramenti
938 1111 1150 1159 rationem
1183 1112 1229 1158 in
1263 1111 1485 1159 connubio
1517 1111 1637 1159 chri-

159 1186 307 1235 stiano
348 1187 612 1235 identificari
658 1206 759 1235 cum
806 1188 903 1252 ipso
948 1198 1207 1244 contractu;
1248 1198 1340 1235 tum
1376 1190 1420 1234 3.
1458 1188 1637 1235 demum

158 1274 486 1311 sacramentum
518 1264 827 1311 benedictione
862 1263 1122 1311 sacerdotali
1146 1263 1329 1310 minime
1353 1263 1531 1328 perfici,
1559 1264 1638 1310 ad-

157 1358 324 1406 eoque,
364 1351 492 1405 prout
526 1340 776 1387 necessario
811 1340 1034 1404 sequitur,
1074 1339 1195 1386 haud
1230 1357 1330 1387 esse
1365 1339 1637 1387 sacerdotem

160 1417 425 1464 sacramenti
455 1416 725 1463 matrimonii
748 1416 1000 1462 ministrum
1017 1453 1026 1471 ,
1056 1416 1134 1462 sed
1159 1416 1468 1463 contrahentes
1494 1416 1632 1480 ipsos.

159 1493 224 1540 Ex
257 1492 329 1541 his
356 1502 583 1557 praeterea
618 1491 861 1554 colligitur,
893 1492 1155 1539 sententiam
1174 1492 1230 1539 de
1250 1492 1478 1539 sacerdote
1495 1492 1640 1538 matri-

159 1569 295 1616 monii
314 1568 578 1616 sacramenti
595 1567 798 1614 ministro
812 1566 933 1613 illam
952 1567 1040 1614 iam
1052 1567 1258 1615 amisisse
1264 1567 1631 1632 probabilitatem,

156 1662 291 1711 quam
315 1645 579 1692 Benedictus
594 1645 703 1691 XlV.
727 1654 776 1691 ut
803 1644 998 1708 privatus
1021 1654 1173 1692 auctor
1194 1644 1339 1692 eidem
1362 1643 1632 1691 adstruebat.

254 1722 458 1787 Idipsum
481 1721 756 1770 enucleatius
781 1720 928 1785 adhuc
954 1721 1071 1769 idem
1096 1739 1206 1769 rom.
1221 1721 1416 1786 pontifex
1436 1721 1640 1785 patefecit

161 1799 207 1845 in
231 1798 390 1847 litteris
414 1799 471 1846 ad
490 1798 723 1847 Sardiniae
752 1815 898 1861 regem
928 1797 1062 1854 datis,
1100 1814 1200 1844 cum
1233 1807 1435 1860 ageretur
1457 1796 1514 1843 de
1538 1813 1640 1860 pro-

162 1874 368 1939 ponenda
390 1875 487 1939 lege
510 1876 629 1923 circa
652 1874 908 1938 coniugium
932 1873 1062 1922 civile
1081 1874 1126 1919 in
1146 1873 1337 1920 comitiis
1367 1871 1633 1935 subalpinis.

162 1951 211 1997 ln
236 1950 310 1998 his
334 1951 452 1998 enim
476 1951 670 1999 declarat
696 1952 739 1996 1.
763 1950 867 1998 fidei
892 1951 1054 2015 dogma
1077 1967 1178 1997 esse
1196 1949 1422 1995 Christum
1439 1948 1639 1995 evexisse

166 2027 496 2074 matrimonium
532 2027 590 2075 ad
618 2027 878 2091 dignitatem
912 2026 1200 2081 sacramenti;
1231 2027 1275 2071 2.
1298 2025 1543 2072 doctrinam
1566 2041 1641 2070 ca·-

167 2102 356 2150 tholicae
387 2103 603 2151 ecclesiae
636 2120 764 2160 esse,
804 2103 924 2168 quod
961 2112 1285 2151 sacramentum
1320 2118 1408 2148 non
1444 2100 1502 2147 sit
1534 2117 1640 2164 qua-

165 2178 269 2225 litas
299 2177 585 2226 accidentalis
615 2179 857 2225 contractui
891 2178 1115 2241 coniugali
1144 2177 1340 2232 adiecta,
1370 2175 1448 2223 sed
1473 2185 1641 2241 spectet

163 2252 222 2300 ad
256 2254 527 2301 matrimonii
559 2252 703 2318 ipsius
731 2254 995 2309 essentiam,
1024 2253 1085 2299 ita
1108 2262 1156 2299 ut
1178 2251 1425 2315 coniugalis
1449 2250 1555 2298 unio
1578 2249 1641 2297 le-

165 2329 320 2392 gitima
344 2346 431 2376 non
460 2330 519 2376 sit
548 2330 660 2376 inter
682 2328 966 2384 christianos,
1002 2328 1088 2374 nisi
1114 2327 1160 2373 in
1190 2327 1469 2373 matrimonio
1494 2343 1641 2373 sacra-

166 2415 330 2462 mento,
346 2415 468 2453 extra
478 2405 597 2470 quod
617 2422 704 2453 non
722 2404 912 2452 habetur
929 2403 1016 2451 nisi
1037 2421 1174 2467 purus
1193 2397 1634 2463 concubinattis(53).

262 2534 328 2575 (52)
350 2536 539 2567 Damnatio
551 2536 585 2567 et
598 2534 787 2576 prohibitio
800 2535 911 2575 operis
923 2534 981 2565 cui
991 2532 1135 2565 titulus:
1150 2533 1247 2563 Iuris
1265 2530 1486 2563 ecclesiastici
1504 2531 1640 2562 institu-

168 2589 275 2620 tiones
298 2589 443 2620 Ioannis
470 2589 703 2630 Nepomuceni
726 2588 842 2628 Nuytz
860 2588 896 2618 in
915 2587 1009 2626 reqio
1026 2585 1221 2617 taurinensi
1240 2582 1408 2616 athenaeo
1422 2581 1640 2624 professoris.

169 2638 325 2680 nemque.
354 2641 399 2672 In
427 2641 484 2672 ius
507 2639 780 2672 ecclesiasticum
803 2639 1008 2670 universum
1037 2637 1263 2668 tractationes
1290 2636 1445 2668 auctoris
1473 2634 1637 2667 eiusdem.

170 2692 440 2783 ROfflflgg)8e‘;¹la·oe
455 2746 532 2777 snut
548 2745 649 2786 ipsius
661 2744 823 2785 pontificis
838 2743 952 2775 verba:
970 2755 985 2770 ιι
1000 2735 1025 2773 Ε
1038 2741 1170 2773 domma
1181 2740 1215 2772 di
1232 2741 1302 2773 sede
1317 2748 1422 2774 essere
1442 2740 1528 2772 stato
1540 2740 1563 2772 il
1580 2748 1644 2771 ma-

172 2795 326 2828 trimonio
343 2795 386 2827 da
400 2796 440 2828 G.
453 2797 491 2828 c.
509 2797 620 2829 nostro
633 2796 766 2836 Signore
781 2795 905 2826 elevato
920 2794 984 2826 ana
997 2793 1121 2833 dignita
1132 2792 1166 2825 di
1180 2794 1398 2833 sacramento;
1414 2792 1454 2825 ed
1469 2792 1487 2825 ὸ
1500 2791 1643 2824 dottrina
