1912 3180
355 179 446 210 car.
472 179 534 210 ιιι.
558 178 611 211 oi:
634 179 809 211 ιιΑτιιιιι.
838 179 986 213 civius
1012 179 1135 212 teon.
1163 179 1254 211 Αιιτ.
1279 179 1341 212 ιιι.
1493 165 1577 209 311

114 255 299 302 hostiles
334 273 383 303 se
418 255 623 318 religioni
659 255 891 313 exhibent,
921 256 1162 322 populique
1193 255 1399 320 religioso
1433 257 1584 305 sensui

111 350 160 379 se
192 332 410 380 obiiciunt
434 334 554 395 (12).

214 411 371 472 Legem
401 420 549 457 autem
573 408 629 456 de
651 408 873 471 coniugiis
897 425 1015 456 mere
1038 410 1244 459 civilibus
1269 423 1480 476 perpetuo
1503 429 1585 476 pu-

109 503 245 548 gnare
278 503 334 532 ac
367 485 667 533 contradicere
702 484 928 532 doctrinae
961 496 1005 531 et
1037 487 1162 549 praxi
1193 487 1410 535 ecclesiae
1432 487 1586 535 catho-

110 561 223 608 licae
259 561 519 625 probatione
550 579 638 609 non
674 561 870 625 indiget,
915 571 1051 625 atque
1083 579 1136 609 ex
1172 563 1386 611 hactenus
1429 564 1586 629 dispu-

113 638 217 685 tatis
255 638 434 686 abunde
467 638 630 703 liquet,
669 638 789 702 quod
814 654 896 685 nec
920 637 1281 703 pseudo-politici
1318 639 1579 687 diffitentur.

109 714 226 777 Ergo
261 714 347 763 hoc
380 716 478 780 ipso
512 732 562 762 se
595 714 867 779 antipolitice
899 731 1049 777 gerere
1083 715 1368 779 patefaciunt.

213 793 370 839 Tertio.
400 794 490 839 Nec
513 791 660 839 minus
685 791 961 856 antipolitica
993 790 1148 838 eadem
1182 790 1251 837 lex
1285 792 1584 856 deprehendi-

112 879 210 926 tur,
248 869 288 917 si
323 869 436 917 ratio
470 868 690 916 habeatur
722 869 842 926 eius,
872 885 1007 933 quam
1039 877 1224 924 vocant,
1253 869 1477 933 opinionis
1502 887 1585 933 pu-

111 945 255 993 blicae
277 963 331 994 ac
355 945 672 1011 praevalentis,
711 946 886 993 etiamsi
911 963 938 992 a
961 944 1169 1008 religioso
1197 962 1335 992 sensu
1357 946 1586 1010 praescin-

109 1023 286 1070 damus.
317 1024 489 1070 Norunt
510 1039 666 1070 omnes
691 1040 782 1070 rem
807 1040 984 1086 semper
1001 1022 1124 1070 aleae
1141 1022 1382 1087 periculive
1406 1022 1583 1087 plenam

111 1116 211 1147 esse
243 1100 442 1164 opinioni
479 1099 662 1146 firmiter
695 1098 927 1165 solideque
955 1092 1222 1153 constitutae
1255 1115 1307 1146 ac
1338 1098 1582 1146 universali

110 1176 344 1223 contraire.
367 1176 432 1222 Ex
458 1171 675 1223 sententia
700 1167 1055 1223 etiaimzssomn'iuni
1081 1175 1357 1239 politicorum
1375 1212 1387 1231 ,
1415 1174 1582 1239 quibus

106 1269 234 1299 mens
253 1252 380 1300 falsis
399 1252 582 1300 theoriis
600 1251 960 1300 obnubilata'non
975 1251 1049 1307 sit,
1067 1251 1297 1316 prudentis
1315 1250 1584 1315 legislatoris

106 1346 192 1376 non
211 1339 281 1376 est
295 1329 496 1393 opinioni
515 1366 525 1386 ,
550 1347 631 1377 seu
650 1328 871 1376 communi
897 1328 1116 1375 sentiendi
1142 1327 1300 1375 rationi
1335 1327 1582 1375 dominanti

105 1406 425 1453 contradicere.
456 1406 583 1461 Quod
617 1405 798 1470 quidem
834 1405 1101 1469 principium
1128 1404 1165 1451 si
1190 1404 1351 1469 quovis
1385 1414 1582 1468 tempore

101 1480 266 1545 viguit,
295 1482 380 1529 hac
404 1482 689 1545 potissimum
724 1491 868 1528 aetate
892 1491 1044 1528 nostra
1065 1481 1187 1544 viget
1209 1497 1343 1546 quam
1369 1481 1578 1537 maxime,

102 1558 148 1603 in
182 1575 270 1622 qua
307 1557 609 1622 proclamatur
634 1557 841 1622 ‘undique
865 1574 918 1605 ac
941 1557 1122 1605 effertur
1143 1557 1213 1606 vis
1242 1556 1449 1622 publicae
1480 1558 1579 1622 opi-

104 1634 251 1682 nionis
270 1672 280 1690 ‚
318 1634 390 1682 cui
426 1634 640 1698 refragari
674 1634 733 1686 sit
753 1634 916 1691 ·nefas;
952 1652 1156 1699 quaeque
1181 1635 1291 1682 mire
1315 1634 1518 1683 evehitur
1539 1646 1581 1682 et

100 1711 326 1759 extollitur
355 1712 540 1777 perinde
563 1729 616 1758 ac
638 1712 678 1759 s‘i
705 1711 950 1776 ipsassesset
972 1712 1131 1762 rectrix
1154 1729 1206 1759 ac
1229 1712 1383 1775 regina
1405 1711 1577 1767 mundi,

106 1787 163 1834 ad
196 1788 327 1835 cuius
361 1804 561 1835 normam
596 1787 761 1834 omnia'
781 1779 957 1850 redigi,-
975 1780 1019 1834 et
1041 1787 1112 1834 cui
1147 1788 1295 1835 omnia
1329 1787 1486 1834 cedere
1509 1787 1583 1833 de-

107 1863 258 1910 beant.
288 1864 501 1911 Novimus
537 1863 718 1927 quidem
738 1858 832 1910 'non
855 1874 1023 1927 paucos
1054 1863 1138 1911 hoc
1168 1864 1290 1911 abuti
1325 1863 1576 1927 principio,

110 1939 188 2003 qui
225 1940 481 2004 praesertim
521 1930 790 1987 novitatibus
821 1939 1002 1987 ‘student
1021 1966 1033 1996 ·‚
1071 1933 1321 1987 effutientes
1355 1939 1578 2003 publicam

201 2063 267 2103 (12)
289 2062 383 2101 Quod
398 2063 558 2095 eiusmodi
575 2063 717 2095 nationis
731 2039 1022 2111 repraesentantes,
1039 2037 1223 2109 ut'i'opant,
1239 2064 1303 2097 sint
1316 2065 1423 2107 potius
1436 2064 1582 2097 eiusdem

103 2115 215 2156 populi
231 2115 431 2156 proditores,
446 2117 479 2148 et
491 2117 587 2157 agant
603 2115 635 2146 in
649 2115 814 2147 nonnullis
831 2115 954 2156 legibus
967 2116 1203 2163 proponendis,
1218 2117 1276 2148 aut
1293 2116 1440 2149 favendis
1464 2118 1578 2149 contra

103 2168 216 2210 populi
238 2169 456 2210 voluntatem,
474 2178 512 2201 ac
525 2170 657 2209 votum,
673 2168 774 2200 immo
789 2170 821 2200 et
836 2168 1026 2201 mandatum
1046 2169 1185 2208 violent,
1200 2169 1290 2210 quod
1302 2172 1517 2211 acceperunt,
1530 2169 1579 2202 lu·

104 2222 269 2254 culentum
283 2222 440 2255 habemus
450 2223 632 2264 exemplum
650 2222 682 2253 in
699 2222 930 2263 protestatione
941 2221 1087 2262 publica,
1102 2231 1201 2263 quam
1211 2231 1313 2264 nuper
1322 2223 1398 2255 fecit
1408 2222 1579 2263 collegium

102 2274 274 2306 electorale
291 2275 408 2306 Niceae
426 2274 468 2307 ad
487 2277 620 2307 Varum.
641 2274 818 2306 Revocavit
845 2273 1006 2314 siquidem
1030 2277 1126 2315 prout
1151 2275 1292 2316 potuita
1311 2284 1371 2307 suo
1398 2284 1580 2316 repraesen-

99 2327 187 2359 tante
212 2329 260 2359 De
282 2328 414 2359 Foresta
439 2327 647 2366 mandatum,
672 2325 760 2367 quod
777 2327 806 2358 ei
822 2325 977 2366 dederat,
993 2335 1032 2358 eo
1048 2325 1138 2367 quod
1157 2327 1313 2368 suffragio
1335 2336 1395 2359 suo
1407 2337 1465 2369 pro
1479 2328 1597 2360 ‹lisso--

102 2379 227 2412 lutione
251 2380 492 2419 religiosorum,
504 2381 538 2412 et
555 2379 750 2411 alienatione
770 2379 929 2411 bonorum
953 2378 1245 2412 ecclesiasticorum
1262 2381 1295 2412 in
1310 2380 1453 2413 comitiis
1473 2380 1578 2412 subal·

100 2431 185 2472 pinis
198 2440 342 2464 causam
359 2431 538 2472 reliqionis
562 2433 667 2472 atque
689 2433 818 2463 statuti
841 2431 1031 2472 prodiderit.
1050 2432 1127 2463 Vid.
1147 2434 1292 2465 Univers
1319 2438 1366 2465 19.
1380 2435 1465 2465 Αοὺῑ
1487 2438 1575 2466 1855.

102 2485 164 2516 Hic
179 2485 247 2526 ipse
259 2484 478 2526 patrocinatus
494 2486 544 2516 est
558 2485 619 2525 legi
634 2484 675 2516 de
691 2484 899 2516 matrimonio
913 2484 1005 2516 civili
1021 2484 1055 2516 in
1071 2484 1187 2517 iisdem
1202 2486 1354 2518 comitiis.

197 2539 317 2570 Verum
334 2537 422 2579 quod
437 2538 555 2579 magis,
569 2538 753 2578 clariusque
772 2537 879 2569 adhuc
893 2537 1015 2570 evincit
1029 2545 1092 2569 non
1107 2538 1206 2570 semel
1222 2537 1381 2570 eiusmodi
1395 2539 1504 2581 populi
1521 2538 1574 2571 de-

103 2590 223 2631 legatos
238 2591 420 2631 proditores
441 2591 553 2633 populi
574 2599 659 2631 esse,
677 2599 715 2622 ac
730 2590 916 2631 religiosum
932 2590 1071 2622 nationis
1084 2599 1213 2624 sensum
1226 2591 1295 2623 dire
1307 2592 1459 2633 plectere,
1473 2593 1578 2624 osten—

96 2642 146 2674 dit
160 2643 317 2676 articulus
339 2643 498 2686 periodici
519 2643 651 2677 Civiltd
674 2643 840 2676 catcoltca
857 2648 888 2676 3.
902 2643 977 2675 Sab.
995 2644 1080 2676 lunii
1099 2648 1188 2677 1855.
1203 2644 1378 2687 inscriptus
1394 2647 1442 2678 La
1456 2645 1576 2679 charte

100 2694 225 2734 verite,
253 2695 286 2727 in
305 2705 372 2737 quo
396 2697 568 2730 exhibetur
589 2696 700 2728 tabula
721 2696 886 2728 numerica
906 2695 1099 2737 petitionum
1118 2697 1229 2739 populi
1248 2697 1404 2730 adversus
1418 2697 1519 2739 legem
1534 2698 1576 2730 de

98 2746 193 2778 bonis
215 2747 441 2781 ecclesiasticis
452 2773 462 2789 ‚
476 2757 515 2782 ex
530 2749 651 2790 quibus
672 2749 760 2790 patet
782 2757 882 2789 quam
903 2748 1068 2782 contraria
1086 2749 1198 2790 populi
1216 2749 1303 2782 votis
1316 2749 1415 2783 fuerit
1432 2749 1484 2783 lex
1502 2750 1573 2791 illa,

98 2808 181 2839 quae
196 2801 307 2834 tamen
320 2802 501 2835 necessaria
515 2802 658 2834 obtinuit
670 2801 834 2841 suffragia.
