1912 3180
311 176 401 222 302
577 185 715 220 nmxr.
745 184 860 217 SEG'1'.·
884 184 1059 216 aarum.
1090 185 1142 216 nn
1165 184 1505 218 mmmcmlii.

309 286 452 316 rarum
492 264 751 313 auctoritate
786 263 1046 327 permoveri.
1094 263 1266 311 Passim
1309 263 1779 326 arguitur--leroboam

309 363 393 392 non
434 343 577 390 solum
624 342 735 406 quia
772 342 990 405 peccavit,
1031 340 1111 388 sed
1145 341 1279 387 etiam
1318 341 1426 405 quia
1464 358 1642 405 peccare
1684 345 1784 407 fecit

306 420 443 468 Israel
465 421 552 481 (7);
578 418 775 484 idipsum
811 417 1000 481 legimus
1026 417 1083 464 de
1106 417 1226 464 Amri
1247 456 1256 474 ,
1295 417 1471 474 Achab,
1500 418 1691 484 aliisque
1712 438 1784 467 rre-

307 495 450 560 gibus'
484 495 649 552 Israel,
689 505 732 542 et
766 495 850 542 hac
884 495 939 542 de
972 511 1111 541 causa
1144 495 1264 542 Deus
1298 511 1376 542 eos
1412 512 1546 560 saepe
1570 496 1748 543 ¹afflixit
1771 535 1780 552 ,

305 572 445 620 donec
479 581 522 618 et
555 569 779 636 principes
803 581 846 618 et
869 570 1083 635 populum
1106 571 1363 618 universum
1399 572 1686 636 disperserit;
1718 573 1785 620 sic

304 649 423 695 enim
444 648 628 711 legitur:
655 667 677 693 «
700 648 841 695 donec
865 647 1100 711 proiiceret
1123 648 1200 694 ees
1226 665 1252 694 a
1277 647 1389 696 facie
1414 666 1497 695 sua
1519 665 1571 695 ex
1597 666 1650 695 eo
1673 650 1784 696 tem-2

307 743 439 791 pore,
477 742 567 790 quo
612 725 785 773 scissus
819 735 888 772 est
921 723 1058 770 Israel
1093 741 1120 770 a
1153 724 1286 772 domo
1326 725 1503 779 David,
1541 735 1585 772 et
1617 726 1784 772 consti-

307 812 487 849 tuerunt
510 800 598 848 sibi
622 800 851 848 Ieroboam
887 798 1027 846 filium
1063 799 1261 855 Nabath;
1302 800 1526 864 separavit
1554 798 1783 847 leroboam

309 879 446 926 lsrael
465 896 491 926 a
509 877 721 932 Domino,
744 886 783 923 et
794 893 973 939 peccare
993 893 1060 922 eos
1077 876 1183 940 fecit
1194 887 1420 940 peccatum
1436 893 1643 940 maynum
1663 878 1726 939 (8)
1739 896 1783 922 .»

309 955 509 1020 Idipsum
544 954 705 1018 legitur
737 952 793 999 de
828 951 1007 1015 regibus
1043 952 1174 1009 luda,
1204 953 1282 1018 qui
1319 971 1406 1001 non
1442 953 1573 1001 modo
1607 970 1785 1018 praeva-

310 1032 519 1079 ricatores
555 1030 672 1094 ipsi,
702 1029 780 1076 sed
815 1039 858 1076 et
891 1028 1057 1093 populo
1090 1029 1300 1077 universo
1335 1040 1538 1077 auctores
1574 1029 1779 1085 fuerunt,

307 1117 355 1155 ut
387 1107 467 1153 Dei
502 1107 642 1169 legem
679 1102 1076 1170 praevaricaretur.

404 1178 606 1238 Quodsi
642 1181 744 1238 isti,
782 1181 859 1247 qui
896 1181 992 1229 sola
1026 1182 1293 1247 quandoque
1336 1181 1526 1247 exempli
1569 1182 1785 1246 gravitate
1844 1183 1849 1188 “

308 1257 422 1306 alios
465 1256 737 1306 seduxerunt
773 1257 830 1304 ad
866 1259 1173 1323 peccandum,
1224 1259 1516 1306 traducuntur
1549 1259 1595 1305 in
1628 1258 1785 1305 Bibliis

308 1345 534 1400 tamquam
571 1334 826 1398 gravissimi
861 1335 923 1382 rei
960 1335 1181 1392 criminis,
1211 1335 1320 1400 quid
1351 1336 1623 1383 censendum
1659 1345 1787 1399 puta-

307 1411 535 1459 bimusde
559 1412 640 1469 iis,
675 1412 755 1476 qui
790 1412 1014 1476 apposite,
1043 1412 1140 1475 lege
1163 1412 1268 1469 lata,
1300 1412 1464 1477 populo
1490 1412 1611 1459 fideli
1636 1422 1787 1459 aucto-

309 1499 380 1535 res
405 1498 536 1544 sunt,
571 1498 620 1534 ut
653 1487 776 1551 gravi
813 1505 862 1535 se
897 1487 1074 1551 piaculo
1107 1489 1398 1536 commaculet
1431 1506 1511 1553 per
1545 1499 1788 1551 transgres-

310 1564 481 1611 sionem
519 1564 761 1612 sanctionis
790 1564 837 1610 in
863 1581 909 1610 re
933 1565 1081 1627 gravis
1117 1564 1228 1612 adeo
1264 1565 1471 1612 momenti
1507 1564 1563 1611 ab
1597 1564 1786 1611 ecclesia

309 1639 612 1688 constitutae?
645 1640 822 1687 Etenim
867 1639 1006 1687 semel
1049 1640 1160 1700 lata*
1183 1639 1310 1703 lege,
1351 1657 1441 1704 qua
1475 1637 1683 1688 omnibus
1718 1639 1786 1685 in'-

310 1716 653 1764 discriminatim
687 1716 887 1764 subditis·
907 1717 957 1764 fit
985 1727 1180 1781 potestas
1197 1755 1207 1774 ‚
1234 1727 1284 1763 ut
1311 1715 1420 1764 solis
1445 1733 1493 1763 se
1516 1716 1787 1779 coniungant

307 1792 516 1840 'civilibus
551 1793 744 1858 nuptiis⁷
773 1793 882 1858 quin
917 1793 973 1840 ad
1010 1793 1243 1841 ecclesiam
1269 1810 1318 1840 se
1337 1793 1587 1848 conferant,
1616 1808 1787 1839 coram—

311 1886 400 1933 que
433 1868 663 1916 sacerdote
698 1886 747 1915 se
781 1868 961 1925 sistant,
998 1868 1150 1932 plures
1185 1885 1361 1933 semper
1396 1868 1685 1932 paucioresve
1720 1883 1788 1913 re-

311 1945 562 2009 perientur,
590 1945 686 2010 qui,
715 1945 988 1993 conscientia
1017 1943 1295 2009 posthabita,
1324 1944 1445 1992 haud
1478 1953 1683 1991 verentur
1716 1960 1787 1990 ec-

309 2021 472 2068 clesiae
508 2021 831 2086 praescriptum
863 2021 1113 2085 negligere,
1144 2032 1221 2068 aut
1248 2022 1381 2069 etiam
1406 2037 1617 2086 spernere
1640 2019 1785 2068 civilis

312 2098 463 2145 statuti
512 2098 736 2162 praesidio
779 2098 969 2146 suffulti.
1009 2099 1166 2163 ltaque
1206 2115 1358 2145 eorum
1394 2098 1553 2161 agendi
1590 2097 1703 2146 ratio
1738 2097 1782 2143 in

310 2174 451 2237 legem
486 2175 631 2239 ipsam
665 2174 838 2222 civilem
872 2175 1060 2240 eiusque
1093 2174 1256 2223 latores
1280 2185 1507 2239 tamquam
1530 2175 1576 2221 in
1602 2191 1784 2222 causam

313 2251 484 2298 recidit.
526 2251 638 2314 Lege
678 2251 901 2315 siquidem
937 2269 1025 2299 non
1060 2251 1307 2308 existente,
1357 2268 1599 2315 numquam
1642 2251 1703 2297 ita
1737 2267 1787 2297 se

313 2337 528 2389 gererent.
568 2326 787 2382 Quocirca
821 2338 1039 2392 quotquot
1072 2328 1261 2393 positive
1293 2336 1560 2375 concurrunt
1585 2326 1640 2373 ad
1665 2342 1785 2371 eam-

312 2403 413 2450 dem
446 2403 589 2467 legem
632 2403 952 2460 sanciendam,
998 2421 1282 2469 quacumque
1314 2404 1492 2450 demum
1527 2402 1693 2449 ratione
1728 2400 1783 2447 ad

314 2478 432 2526 hunc
451 2496 635 2544 scopum
653 2480 983 2544 assequendum
1008 2491 1176 2544 partem
1197 2480 1413 2536 habeant,
1437 2478 1481 2526 in
1499 2494 1635 2525 causa
1653 2487 1778 2531 sun-t,

311 2564 360 2600 ut
404 2554 553 2618 plures
594 2555 924 2602 sanctissimam
972 2555 1373 2619 gravissimamque
1407 2554 1621 2602 ecclesiae
1657 2570 1784 2618 prae—

315 2630 598 2695 scriptionem
645 2632 1045 2695 transgrediantur.v
1116 2645 1119 2647 ’

348 2713 380 2795 η’)
410 2753 454 2793 (7)
476 2755 531 2786 111.
548 2756 623 2796 neg.
640 2757 725 2787 xnv.
747 2760 794 2788 16.
811 2757 957 2788 xvi.2‹;.

345 2797 350 2814 ¹
393 2806 459 2846 .(a)
481 2808 749 2846 1V.Reg.xvl1.
774 2813 824 2841 20.
850 2812 899 2840 21.
