1918 3186
320 224 411 270 148
583 239 663 270 Lm.
693 238 723 269 1.
753 235 866 268 SECT.
897 235 927 267 1.
956 236 1008 267 m:
1036 236 1211 268 numu.
1237 235 1520 268 SAGRAMENTO.

316 326 533 372 mentum,
566 315 650 362 hoc
683 323 750 361 est
784 314 829 359 in
866 314 1055 377 singulis
1086 314 1340 379 quibusque
1373 315 1483 362 viris
1520 323 1651 379 atque
1685 333 1794 364 uxo-

316 392 439 439 ribus
467 391 721 446 minimum,
753 388 834 436 sed
862 399 1009 437 tamen
1043 390 1368 438 coniunctionis
1398 390 1698 455 inseparabile
1726 409 1795 439 sa-

317 478 605 515 cramentum.
637 485 660 510 »
690 465 827 522 Quasi
869 466 1062 523 diceret,
1102 466 1318 513 materiali
1360 467 1530 514 ratione
1563 484 1615 514 ac
1658 468 1706 514 in
1744 485 1793 516 se

316 544 568 592 coniunctio
596 543 681 591 viri
706 554 749 590 et
776 543 975 591 mulieris
999 543 1233 590 minimum
1260 543 1441 608 quidem
1465 554 1793 592 sacramentum

315 631 402 678 est,
438 637 647 684 magnum
674 636 802 676 vero,
835 619 874 666 si
905 618 1156 666 attendatur
1183 619 1239 665 ad
1266 619 1364 666 eius
1398 620 1787 683 significationem.

409 698 502 744 lam
533 714 638 745 vero
667 714 721 743 ex
744 696 816 743 his
852 695 1087 752 omnibus,
1127 695 1317 761 aliisque
1351 714 1490 761 prope
1523 697 1788 754 innumeris,

313 792 428 839 quae
444 774 574 822 facile
591 773 752 821 adduci
777 783 976 838 possent,
998 782 1173 837 patrum
1191 773 1458 822 testimoniis
1475 776 1593 837 (17),
1616 774 1789 839 liquido

317 861 500 915 apparet
539 849 640 897 illos
681 850 727 895 in
762 848 967 912 coniugio
1002 848 1246 896 christiano
1281 849 1452 897 nullum
1493 849 1615 897 aliud
1655 868 1794 914 agno-

312 928 434 975 visse
457 927 744 984 elementum,
773 943 909 991 quam
938 925 1292 973 coniunctionem
1322 926 1490 990 ipsam,
1519 944 1600 974 seu
1625 938 1794 975 contra-

312 1004 514 1052 hentium
548 1021 815 1061 consensum
850 1002 907 1049 ad
940 1002 1051 1049 illud
1086 1002 1423 1067 perficiendum.

412 1079 567 1137 Quid?
596 1080 714 1145 quod
747 1079 817 1127 vel
847 1079 878 1125 ii
907 1079 1016 1143 ipsi,
1050 1079 1128 1144 qui
1163 1079 1482 1127 sacerdotalem
1517 1079 1791 1128 benedictio—

314 1174 414 1203 nem
451 1148 762 1203 commendant
794 1172 882 1202 non
925 1154 1113 1202 obscure
1152 1155 1420 1220 patefaciant
1456 1173 1555 1203 eam
1595 1156 1792 1219 coniugii

311 1231 597 1279 celebrationi
620 1230 936 1296 supervenire?
960 1231 1089 1287 Sane,
1117 1248 1216 1278 cum
1234 1231 1529 1279 Tertullianus
1556 1232 1603 1278 in
1626 1231 1707 1279 lib.
1728 1233 1786 1278 ll.

313 1308 372 1355 ad
397 1325 576 1355 umorem
603 1308 778 1355 scribit:
812 1327 834 1352 «
855 1307 980 1354 Unde
1009 1307 1283 1355 sufficiamus
1317 1307 1374 1354 ad
1409 1308 1702 1356 enarrandam
1730 1308 1791 1357 se-

312 1383 525 1431 licitatem
555 1383 651 1430 eius
678 1383 970 1440 matrimonii,
999 1383 1121 1447 quod
1151 1383 1342 1430 ecclesia
1370 1383 1597 1442 conciliat,
1625 1394 1670 1431 et
1691 1400 1792 1431 con-

312 1460 458 1506 firmat
485 1459 671 1516 oblatio,
701 1470 744 1507 et
770 1459 967 1523 obsiqnat
992 1459 1242 1506 benedictio:
1268 1479 1290 1505 »
1314 1478 1401 1508 non
1428 1459 1618 1508 obscure
1645 1460 1792 1508 innuit

310 1536 396 1584 hac
423 1536 732 1584 benedictione
759 1536 1014 1600 coniugium
1041 1536 1129 1582 iam
1158 1537 1405 1583 confectum
1435 1537 1680 1600 obsiqnari',
1710 1554 1791 1584 seu

309 1613 454 1660 eidem
484 1613 682 1676 sigillum
710 1613 846 1661 veluti
872 1612 1060 1678 apponi,
1088 1630 1177 1660 non
1200 1623 1345 1660 autem
1374 1613 1451 1660 illa
1480 1613 1791 1662 benedictione

310 1691 462 1755 confici
491 1692 608 1752 (18),
644 1699 772 1755 prout
794 1700 833 1736 ei
851 1699 997 1754 pater,
1032 1700 1082 1736 ut
1110 1690 1208 1755 ipse
1241 1690 1547 1754 prosequitur,
1588 1700 1684 1738 rato
1714 1691 1792 1737 ha-

313 1766 398 1820 bet,
433 1776 577 1812 ratum
610 1775 757 1812 autem
793 1766 842 1812 fit
875 1765 994 1830 quod
1030 1765 1118 1812 iam
1152 1765 1303 1813 existit
1338 1766 1384 1812 in
1420 1783 1520 1814 esse
1555 1784 1654 1814 suo.

405 1842 478 1888 Sic
510 1842 644 1889 etiam
673 1860 711 1889 s.
735 1842 1018 1899 Ambrosius,
1052 1843 1158 1889 dum
1188 1842 1320 1907 epist.
1343 1843 1458 1889 xlx.
1493 1843 1549 1890 ad
1574 1842 1785 1905 Vigilium

307 1917 488 1965 scribit:
527 1938 549 1962 «
571 1917 680 1965 Cum
715 1918 863 1983 ipsum
897 1919 1153 1982 coniugium
1191 1919 1411 1967 velamine
1445 1919 1709 1966 sacerdotali
1745 1930 1791 1967 et

306 1993 616 2042 benedictione
650 1995 918 2043 sanctificari
955 2006 1172 2061 oporteat,
1205 1995 1427 2060 quomodo
1457 2006 1600 2061 potest
1634 1996 1790 2043 coniu—

309 2087 430 2133 gium
459 2070 572 2128 dici,
606 2071 682 2118 ubi
712 2090 799 2119 non
829 2083 898 2120 est
923 2072 1027 2119 fidei
1061 2072 1374 2120 concordia‘Y»
1405 2073 1623 2137 Supponit
1651 2072 1788 2135 igitur

257 2210 267 2217 ἱ
308 2146 562 2210 coniugium
590 2147 678 2194 iam
703 2148 860 2195 initum
886 2149 1000 2196 inter
1024 2166 1237 2213 sponsos,
1266 2149 1323 2196 ad
1353 2149 1475 2214 quod
1503 2148 1786 2196 sanctifican-

306 2221 412 2268 dum
446 2223 533 2270 ritu
567 2223 891 2281 ecclesiastico,
927 2235 970 2271 et
998 2224 1055 2271 ad
1084 2225 1331 2272 animorum
1360 2225 1573 2271 unitatem
1609 2224 1785 2286 signifi-

307 2297 493 2344 candam
528 2298 766 2346 accedebat
804 2300 1053 2348 ceremonia
1091 2300 1325 2348 velaminis
1358 2310 1402 2347 et
1433 2299 1778 2355 benedictionis,

306 2390 441 2438 quam
475 2374 714 2422 adiiciebat
749 2376 979 2433 sacerdos,
1014 2376 1389 2440 quemadmodum
1424 2386 1578 2441 postea
1610 2374 1783 2422 adiecta

308 2449 389 2497 fuit
420 2451 514 2499 sive
547 2452 795 2510 coronatio,
826 2453 922 2501 sive
955 2452 1108 2500 annuli
1143 2452 1419 2509 benedictio,
1452 2451 1629 2516 aliaque
1668 2451 1783 2499 eius-

402 2633 468 2673 (17)
485 2635 615 2667 Praeter
627 2636 786 2676 auctores,
797 2635 855 2676 qui
865 2643 962 2676 super
974 2635 1038 2667 boc
1046 2634 1139 2667 Pauli
1151 2635 1241 2667 textu
1255 2633 1296 2666 ad
1308 2634 1388 2675 Eph.
1399 2636 1438 2666 V.
1451 2643 1471 2666 a
1485 2634 1699 2668 remotissima
1708 2634 1785 2666 anti-

305 2683 428 2724 quitate
443 2687 570 2725 patrum
579 2687 764 2720 testimonia
773 2687 971 2729 collegerunt
979 2688 1013 2719 et
1022 2687 1086 2718 alio
1100 2686 1134 2718 in
1148 2687 1221 2718 loco
1238 2686 1470 2719 recensuimus.
1482 2686 1533 2719 Cf.
1542 2687 1640 2718 etiam
1653 2688 1783 2719 Moreau

308 2736 341 2768 in
363 2738 574 2772 Tertulliani
596 2741 813 2782 omniloquio
826 2742 908 2773 tom.
928 2741 986 2772 ΙΙΙ.
1004 2739 1048 2772 ad
1062 2747 1138 2772 voc.
1157 2740 1423 2772 Matrimonium
1439 2740 1471 2772 et
1484 2741 1648 2782 Nuptiae.

402 2792 467 2832 (18)
491 2794 662 2827 Recolatur
679 2796 790 2828 tamen
806 2795 974 2828 adnotatio
992 2793 1123 2835 Rigaltii
1136 2802 1235 2835 quam
1250 2793 1399 2835 superius
1413 2792 1562 2827 dedimus
1581 2793 1667 2827 circa
1682 2791 1778 2833 sigin-

306 2843 488 2878 ficationem
509 2845 607 2879 huius
625 2847 859 2881 benedictionis
877 2856 975 2890 quam
990 2848 1147 2880 memorat
1162 2846 1393 2884 Tertullianus,
