1912 3180
363 174 461 220 -336
625 181 705 216 un.
734 184 764 215 1.
794 181 907 215 sacr.
937 181 1109 215 atram.
1138 182 1190 216 ni:
1215 183 1388 217 uirium.
1418 184 1557 219 cmm.

366 264 540 330 quoties
575 272 618 310 et
652 278 934 327 quacumque
973 280 1027 310 ex
1060 280 1217 310 causa
1241 274 1367 311 actus
1409 264 1646 328 religiosus
1690 266 1832 316 locum

367 340 531 388 habere
549 338 810 404 nequiverit.
834 339 886 385 ln
904 338 977 387 his
1001 339 1223 404 quaedam
1248 350 1352 387 sunt
1369 340 1480 388 satis
1503 351 1680 405 aperta,
1703 360 1835 408 quae-

366 416 469 463 dam
492 415 839 463 vero-velamine
865 426 993 463 tecta.
1022 415 1160 464 Nobis
1186 416 1371 480 proinde
1395 434 1508 464 onus
1534 418 1752 467 incumbit
1767 437 1836 468 eo-

366 509 479 549 rum,
500 509 616 557 quae
634 502 788 556 aperta
805 502 925 548 sunt,
943 492 1215 556 impietatem
1234 492 1553 550 demonstrare,
1570 504 1614 541 et
1631 494 1832 542 velamen

363 566 596 615 detrahere
629 567 712 624 iis,
752 584 869 633 quae
893 578 1200 630 conteguntur.

462 643 716 692 Catholicae
749 643 1070 707 legislationiS,
1107 661 1223 707 quae
1260 644 1474 693 hactenus
1510 647 1678 709 viguit‘,
1715 649 1833 695 anti—

363 719 570 785 quandae
595 758 607 781 ,
655 720 844 785 eiusque
879 719 924 765 in
959 718 1103 766 locum
1148 722 1492 783 protestanticae
1535 722 1832 786 legislationis

363 795 673 861 subrogandae
711 813 847 844 causa
887 794 1033 859 prima
1073 795 1309 844 adducitur
1351 799 1532 862 spiritus
1575 801 1654 862 qui
1696 809 1834 846 aetate

365 872 444 919 hac
467 882 615 920 nostra
639 871 886 919 hodiernam
909 870 1218 918 humanitatem
1241 873 1463 937 informat.
1494 872 1711 921 Nimirum
1728 874 1831 922 aliis

362 948 512 997 verbis
546 948 689 1014 prima
715 947 826 995 ratio
859 957 928 995 est
959 946 1144 1012 spiritus
1175 950 1552 1013 protestantismi,
1574 950 1652 1015 qui
1671 951 1836 999 invasit

363 1043 569 1091 magnam
594 1024 872 1073 comitiorum
897 1035 1091 1090 partem,
1119 1025 1358 1090 praecipue
1383 1043 1487 1074 vero
1516 1026 1830 1090 leguleiorum,

361 1101 779 1167 levissimorumque
811 1100 1100 1148 litteratorum
1119 1139 1129 1158 ,
1162 1101 1240 1166 qui
1274 1119 1356 1150 nec
1389 1103 1650 1166 religionem
1683 1103 1833 1152 catho-

359 1178 493 1227 licam
525 1178 638 1226 bene
672 1187 909 1234 noverunt,
938 1195 1019 1225 nec
1043 1178 1476 1242 protestantismum‚
1510 1179 1638 1226 cuius
1673 1180 1831 1244 spiritu

361 1255 526 1303 incauti
561 1254 767 1321 homines
802 1253 1109 1302 informantur.
1150 1254 1297 1311 Haec,
1336 1266 1385 1302 ut
1419 1255 1676 1312 innuimus,
1720 1256 1831 1303 satis

359 1342 512 1396 aperte
535 1331 713 1378 suerunt
735 1329 908 1396 prolata
932 1330 988 1377 ab
1011 1347 1085 1387 eo,
1119 1330 1195 1395 qui
1221 1347 1362 1378 novae
1385 1330 1498 1394 legis
1523 1330 1704 1378 schema
1728 1348 1830 1396 pro-

358 1406 525 1471 posuit.
553 1406 609 1454 Et
632 1423 756 1463 sane,
794 1406 871 1471 qui
908 1404 1023 1453 alius
1058 1406 1244 1470 spiritus
1279 1424 1413 1471 quam
1447 1406 1826 1470 protestantismi,

360 1484 447 1530 non
473 1482 653 1547 quidem
684 1482 922 1547 dogmatici
946 1520 956 1539 ,
990 1482 1069 1530 sed
1098 1482 1314 1529 increduli
1339 1500 1391 1530 ac
1415 1483 1625 1546 negativi,
1666 1483 1833 1548 potuis-

360 1569 429 1607 set
455 1559 948 1615 hominesinformare,
971 1559 1049 1624 qui
1068 1558 1152 1606 suh
1171 1559 1476 1624 exquisitioris
1506 1559 1652 1606 cultus
1681 1559 1831 1624 specie

360 1653 449 1684 non
489 1636 751 1701 profitentur
785 1635 873 1682 nisi
910 1635 1139 1698 religionis
1185 1653 1371 1692 nomen,
1411 1635 1491 1683 sed
1526 1653 1573 1683 re
1606 1646 1649 1682 et
1681 1636 1830 1683 animo

358 1713 479 1761 athei
515 1723 620 1760 sunt
654 1711 874 1777 practici?
898 1711 984 1767 Qui
1008 1729 1062 1758 ex
1085 1708 1445 1776 protestantismo
1471 1712 1602 1759 unice
1625 1722 1832 1759 mutuan—

359 1800 429 1836 tur
458 1789 610 1836 odium
634 1799 786 1836 contra
813 1805 1044 1835 romanum
1074 1788 1330 1852 pontificem
1355 1799 1398 1835 et
1421 1799 1572 1836 contra
1595 1788 1826 1836 ecclesiam

358 1864 650 1922 catholicam,
690 1882 717 1912 a
749 1881 840 1929 qua
874 1881 923 1911 se
956 1864 1185 1911 vindicare
1218 1865 1437 1927 gestiunt,
1466 1881 1518 1911 ac
1544 1865 1713 1921 interea
1736 1874 1828 1911 tum

358 1940 716 1990 catholicismum
734 1951 827 1988 tum
846 1939 1254 2005 protestantismum
1283 1939 1539 2004 despiciunt
1555 1950 1599 1987 et
1615 1939 1831 1987 irrident?

455 2017 617 2082 Utique
649 2015 751 2064 talis
782 2026 850 2063 est
879 2015 1065 2082 spiritus
1082 2054 1092 2072 ,
1114 2015 1192 2080 qui
1210 2015 1342 2079 longe
1358 2015 1534 2081 lateque
1551 2016 1824 2071 dominatur,

357 2103 516 2159 agente
549 2093 834 2158 potissimum
867 2091 1216 2155 anglicanismo‚
1252 2091 1330 2156 qui
1368 2103 1461 2139 tum
1495 2109 1574 2156 per
1603 2091 1829 2140 societatis

356 2169 550 2218 biblicae
591 2169 871 2217 londinensis
913 2168 1113 2215 membra
1145 2179 1188 2215 et
1221 2178 1529 2232 cooperatores
1560 2206 1570 2225 ,
1621 2179 1713 2215 tum
1752 2185 1830 2232 per

356 2245 617 2294 emissarios
656 2245 858 2310 undique
897 2243 1088 2292 diffusos
1122 2243 1311 2309 pecunia
1340 2243 1624 2308 potissimum
1660 2243 1830 2290 anima-

357 2340 455 2370 rum
496 2331 788 2369 mercaturam
834 2331 1030 2378 exercet,
1075 2331 1119 2367 et
1160 2320 1217 2367 ad
1252 2318 1601 2384 perduellionem
1637 2317 1827 2382 populos

357 2409 602 2447 commovet
638 2408 727 2445 tam
769 2397 1023 2461 religiosam
1054 2414 1187 2462 quam
1221 2396 1413 2443 civilem.
1450 2394 1649 2442 Pessima
1682 2404 1829 2441 autem

356 2474 468 2522 haec
496 2473 735 2539 dispositio
764 2472 841 2520 illa
875 2483 965 2529 est,
1000 2489 1131 2537 quam
1166 2470 1471 2536 exquisitioris
1506 2469 1650 2518 cultus
1691 2469 1830 2516 deno-

356 2550 602 2598 minatione
635 2548 998 2614 pseudo—politici
1040 2547 1345 2609 cohonestant.

456 2626 646 2674 Pronum
664 2624 834 2674 existis
854 2636 922 2673 est
941 2624 1170 2687 colligere,
1195 2623 1399 2687 spiritum
1423 2620 1679 2668 huiusmodi
1706 2620 1827 2667 haud

358 2702 450 2766 pati
485 2720 618 2767 posse
651 2701 976 2766 legislationem
1004 2701 1060 2748 de
1087 2699 1368 2748 matrimonio
1396 2698 1667 2752 christiano,
1701 2708 1830 2761 prout

352 2767 499 2826 'novus
533 2778 688 2842 legifer
722 2790 870 2828 noster
907 2779 1098 2842 ingenue
1133 2778 1316 2832 fatetur,
1358 2776 1446 2823 imo
1480 2785 1522 2822 et
1565 2773 1823 2836 contendit3
