1918 3186
273 142 328 186 36
544 156 622 198 nni.
652 156 680 185 1.
711 153 821 184 secr.
853 151 881 180 1.
901 150 951 180 me
970 148 1438 181 numnsmnfflmro.

271 232 484 295 theologis
514 232 606 277 sive
630 225 946 293 posterioribus
971 226 1102 272 fuerit
1124 226 1424 288 impugnatus.
1450 223 1571 270 Idem
1589 224 1661 272 dic
1676 226 1732 272 de

270 308 464 372 antiquis
490 306 656 352 iuristis
675 342 684 359 ,
713 319 899 366 quorum
924 302 1006 348 etsi
1030 302 1211 347 minima
1235 301 1292 347 sit
1314 300 1359 346 in
1384 299 1643 362 theologicis
1666 318 1735 347 re-

269 384 354 430 bus
380 381 616 429 auctoritas
631 417 640 434 ,
665 388 855 424 attamen
871 376 939 424 vel
958 376 1079 423 inviti
1105 375 1232 423 nobis
1258 375 1431 431 favent,
1459 375 1565 421 dum
1583 392 1734 423 omnes

270 458 516 506 concedunt
557 454 880 501 matrimonium
913 469 1013 499 esse
1047 469 1185 499 novae
1226 451 1336 515 legis
1380 461 1704 498 sacramentum
1724 490 1733 507 ,

270 533 527 598 praesertim
551 541 651 596 post
682 530 802 578 Lucii
833 530 911 575 ΙΙΙ.
942 529 1102 575 summi
1137 528 1358 592 pontificis
1393 528 1654 575 decretalem
1693 530 1741 574 in

271 627 365 673 cap.
390 609 455 654 Ad
478 606 731 654 abolendam
753 606 904 652 datum
922 623 995 651 an.
1020 605 1138 650 1181
1161 623 1169 650 :
1192 603 1294 651 licet
1310 604 1558 667 impingant
1579 604 1740 651 deinde

271 686 315 730 in
351 683 581 748 scopulum
617 681 701 728 sibi
737 680 936 737 fatalem,
977 679 1096 744 quod
1131 680 1169 726 si
1204 679 1495 726 concederent
1535 696 1614 743 per
1647 697 1739 726 ma—

271 759 521 806 trimonium
555 757 740 821 gratiam
774 755 960 803 conferri
994 772 1046 801 ex
1080 771 1212 818 opere
1244 765 1449 818 operato,
1486 772 1573 801 non
1608 771 1741 818 posse

270 835 397 881 vitari
422 834 611 880 Simonis
644 832 810 888 labem,
840 831 945 877 dum
969 831 1014 875 in
1038 847 1090 876 eo
1116 829 1426 876 contrahentes
1455 829 1742 893 paciscuntur

272 910 328 965 de
346 910 460 957 dote.
483 909 641 955 Verum
658 908 703 953 in
723 907 807 954 hoc
829 923 904 953 eos
929 905 1013 953 sibi
1037 905 1224 969 turpiter
1247 905 1565 952 contradixisse
1586 905 1742 951 merito

272 985 359 1049 illis
394 983 745 1049 exprobrabant,
773 993 822 1029 ut
853 980 1048 1028 vidimus
1065 1019 1075 1038 ,
1105 981 1379 1037 scholastici,
1407 980 1484 1045 qui
1508 980 1745 1028 ostendunt

274 1072 419 1124 actum
453 1078 553 1107 esse
586 1060 642 1114 de
676 1068 950 1106 sacramento
984 1074 1124 1105 novae
1157 1057 1294 1120 legis,
1334 1057 1411 1104 ubi
1452 1061 1634 1120 negetur
1666 1074 1744 1121 per

275 1138 421 1200 ipsum
445 1136 632 1199 gratiam
650 1153 703 1182 ex
724 1152 856 1199 opere
879 1145 1059 1198 operato
1082 1133 1269 1181 conferri
1297 1135 1414 1195 (97).
1437 1134 1744 1190 Verumtamen

276 1230 319 1257 m
344 1212 463 1258 hunc
496 1212 643 1275 ipsum
678 1210 911 1274 scopulum
945 1210 1127 1274 impegit
1147 1209 1217 1257 vel
1241 1210 1338 1274 ipse
1360 1209 1599 1256 Durandus
1630 1223 1746 1256 certe

276 1275 362 1335 non
386 1287 731 1334 contemnendus
756 1286 1011 1349 theologus,
1039 1296 1082 1332 et
1105 1285 1143 1332 si
1167 1285 1244 1349 qui
1269 1285 1343 1332 alii
1368 1285 1545 1332 fuerunt
1567 1284 1745 1332 obscuri

276 1364 468 1411 nominis
502 1363 781 1419 scholastici,
809 1379 996 1427 quorum
1031 1362 1194 1425 scripta
1218 1361 1274 1408 ad
1298 1379 1378 1408 nos
1413 1379 1500 1409 non
1534 1377 1745 1425 pervene—

279 1450 413 1506 runt,
453 1456 638 1503 quorum
682 1439 934 1503 opinionem
977 1448 1319 1484 commemorant
1360 1437 1748 1502 perstringuntque

283 1527 498 1581 quotquot
537 1527 676 1563 aetate
709 1515 785 1563 illa
817 1515 873 1562 de
906 1532 952 1561 re
993 1512 1236 1576 theologica
1276 1513 1390 1561 bene
1431 1514 1573 1561 meriti
1615 1525 1743 1570 sunt,

280 1604 322 1639 et
355 1611 542 1657 quorum
577 1592 888 1640 commentaria
921 1590 1067 1637 adhuc
1102 1590 1399 1654 possidemus.

827 1744 1116 1780 ARTICULUS.
1145 1744 1211 1779 111.

559 1858 709 1896 Veritas
729 1858 962 1896 Sacramenti
991 1858 1226 1896 Matrimonii
1253 1858 1466 1895 ostenditur

341 1922 387 1949 ex
415 1911 680 1950 Ecclesiastica
710 1911 1015 1959 interpretatione
1041 1915 1167 1949 textus
1193 1910 1344 1949 Paulini
1370 1910 1508 1959 Ephes.
1537 1910 1586 1949 V.
1619 1915 1682 1947 32.

346 2025 349 2028 ’
378 2024 756 2079 Quemadmodum
800 2041 852 2070 ex
894 2024 1085 2087 publicis
1129 2035 1172 2070 et
1217 2023 1487 2071 solemnibus
1533 2023 1745 2071 ecclesiae

282 2092 554 2147 documentis
588 2099 643 2147 de
675 2100 940 2147 matrimonii
986 2110 1260 2148 sacramento
1295 2100 1537 2163 singularia
1571 2110 1745 2164 patrum

283 2176 532 2223 testimonia
564 2175 706 2223 lucem
741 2194 792 2223 ac
825 2177 915 2223 vim
950 2177 1209 2240 acquirunt,
1238 2177 1300 2223 ita
1322 2193 1374 2223 ex
1396 2166 1582 2240 utroque
1604 2176 1746 2240 capite

282 2251 357 2297 lux
376 2251 618 2298 affunditur
633 2252 679 2298 in
695 2252 828 2299 verba
847 2252 970 2298 Pauli
988 2252 1154 2316 Ephes.
1172 2252 1220 2297 V.
1242 2254 1315 2298 32.
1344 2261 1654 2298 sacramentum
1674 2252 1746 2298 hoc

283 2323 485 2390 maynum
517 2338 602 2382 est;
629 2345 701 2391 eqo
726 2338 866 2374 autem
889 2328 982 2375 dico
1005 2329 1052 2374 in
1078 2328 1244 2374 Christo
1269 2338 1309 2374 et
1341 2329 1388 2374 ‘in
1421 2327 1595 2374 ecclesia
1623 2329 1737 2389 (98).

381 2481 444 2522 (97)
467 2481 509 2514 Hi
529 2482 606 2514 sunt
624 2481 833 2514 nihilominus
853 2482 985 2514 iuristae
1005 2481 1071 2522 ilii,
1085 2490 1167 2521 quos
1181 2481 1274 2513 effert
1291 2483 1398 2514 canus
1418 2482 1479 2512 hac
1498 2481 1569 2521 ipsa
1589 2481 1629 2513 de
1648 2490 1746 2515 causa

287 2544 383 2576 supra
410 2535 638 2576 scholasticos,
660 2543 853 2576 eorumque,
875 2536 913 2567 ut
932 2534 994 2567 sibi
1013 2543 1069 2567 eos
1089 2534 1232 2566 faventes
1257 2533 1398 2575 efficiat,
1425 2543 1553 2567 sensum
1581 2534 1746 2575 intorquet

287 2589 398 2619 eontra
415 2588 557 2629 apertam
573 2588 716 2629 ipsorum
739 2588 888 2620 mentem.
904 2589 1025 2619 Verum
1041 2586 1081 2618 de
1096 2586 1176 2627 hoc,
1190 2587 1312 2627 postea.

383 2643 448 2685 (98)
469 2646 559 2682 Quae
579 2646 677 2678 verba
697 2646 731 2677 in
751 2654 863 2686 graeco
883 2645 975 2677 textu
1001 2645 1047 2677 iia
1067 2644 1262 2677 efferuntur:
1289 2640 1335 2674 To'
1348 2639 1532 2686 μυστήριον
1547 2642 1646 2676 τοῦτο
1659 2639 1748 2686 μένα,

288 2691 382 2726 ἐστίν
391 2692 456 2737 ἐγω1
467 2692 602 2738 δὲλέγω
618 2693 666 2732 εἷς
679 2694 822 2741 χριστὸν
832 2692 948 2733 καίεἷς
959 2693 1017 2730 τήν
1035 2692 1233 2734 {anomalam
1249 2706 1305 2730 seu
1327 2699 1363 2730 in
1387 2697 1563 2731 Christum
1583 2700 1616 2730 et
1639 2700 1675 2731 in
1694 2706 1746 2731 ec-

286 2749 436 2781 clesiam.
