1912 3180
300 204 389 251 360
553 220 633 251 un.
663 219 693 250 1.
722 218 836 250 sacr.
866 218 1037 251 uram.
1067 220 1119 252 nn
1149 221 1323 254 numu.
1347 216 1488 257 civim.

295 298 441 346 culum
470 314 645 344 sacrum
682 313 735 343 ac
768 296 1105 354 indissolubile,
1134 299 1180 345 in
1214 317 1303 365 quo
1337 304 1538 366 praecise
1571 310 1766 357 essentia

292 373 559 422 matrimonii
587 372 819 420 christiani
854 375 1072 423 consistit.
1102 376 1430 425 Matrimonium
1455 380 1615 443 igitur,
1644 386 1764 448 quod

291 450 411 497 aliud
436 466 524 496 non
548 459 617 496 est
640 449 727 496 nisi
753 460 1004 498 contractus
1040 452 1254 500 naturalis
1289 453 1475 503 effectus
1510 474 1765 507 sacramen-

290 538 399 582 tum,
432 525 479 571 in
508 525 700 573 solidum
733 526 923 591 pertinet
945 527 1001 574 ad
1026 527 1261 575 ecclesiam
1278 567 1288 586 ‚
1318 531 1390 577 cui
1425 532 1510 579 soli
1535 551 1563 580 a
1585 534 1762 584 Christo

289 613 665 651 sacramentorum
699 602 1026 650 administratio
1065 603 1332 653 demandata
1365 617 1447 653 est.
1487 608 1755 668 Corollaria,

287 696 402 744 quae
435 696 489 727 ex
522 679 607 727 hoc
645 679 910 727 inconcusso
949 679 1173 743 principio
1207 680 1508 740 descendunt,
1548 701 1631 734 suo
1665 686 1759 736 loco

286 755 649 820 explanabimus;
677 755 851 802 interim
876 753 1128 818 colligimus
1161 755 1378 803 actionem
1401 757 1513 821 legis
1542 761 1688 810 civilis
1712 763 1759 809 in

285 833 614 882 matrimonium
643 842 778 880 totam
803 849 855 879 ac
877 831 1009 878 unice
1040 831 1334 879 extrinsecam
1362 850 1490 891 esse,
1531 853 1612 884 nec
1645 837 1756 886 illud

285 926 419 975 posse
452 909 665 973 attingere
689 906 887 957 nisisub
917 917 1120 972 respectu
1149 907 1271 955 civili
1299 908 1346 954 in
1369 908 1548 967 ordine,
1578 922 1627 959 ut
1643 912 1759 959 dixi-

283 1004 411 1043 mus,
444 986 501 1033 ad
534 985 700 1033 bonum
734 983 864 1031 civile
897 994 941 1031 et
973 983 1030 1031 ad
1066 984 1251 1032 effectus
1284 984 1466 1042 civiles;
1503 997 1638 1053 atque
1672 989 1757 1038 hoc

283 1063 426 1111 solum
461 1072 545 1118 est,
585 1061 703 1127 quod
737 1078 790 1108 ex
822 1059 995 1108 theoria
1017 1061 1221 1118 oratoris,
1249 1061 1306 1108 de
1328 1079 1419 1126 qua
1440 1063 1634 1126 agimus,
1673 1067 1755 1115 rite

280 1138 594 1203 consequitur,
622 1135 742 1201 quod
772 1154 902 1184 nemo
925 1137 967 1184 ei
992 1136 1243 1200 denegabit.
1267 1137 1347 1185 Ast
1368 1137 1438 1185 lex
1460 1139 1606 1188 civilis
1630 1141 1752 1190 nulla

279 1214 450 1262 ratione
476 1212 655 1260 afficere
678 1223 822 1277 potest
846 1212 908 1270 id,
936 1230 990 1260 ex
1018 1229 1108 1277 quo
1129 1212 1254 1260 valor
1282 1224 1357 1261 aut
1379 1214 1562 1264 nullitas
1586 1218 1750 1282 pendet

278 1291 372 1338 sive
398 1299 650 1338 contractus
677 1289 773 1337 sive
799 1289 1091 1345 sacramenti,
1122 1306 1238 1354 quae
1267 1307 1338 1338 res
1371 1291 1516 1339 civilis
1544 1309 1634 1340 non
1657 1291 1740 1351 est,

278 1366 358 1415 sed
391 1365 694 1414 conscientiae
727 1376 771 1412 et
803 1365 1048 1429 religionis.

371 1443 577 1491 Societati
608 1442 731 1490 civili
772 1442 960 1508 proinde
994 1442 1287 1507 relinquitur,
1325 1445 1445 1509 quod
1481 1462 1611 1494 suum
1645 1443 1743 1505 est,

275 1537 436 1585 nempe
457 1520 578 1583 leges
602 1519 809 1576 condere,
838 1537 954 1584 quae
976 1519 1130 1567 civiles
1155 1519 1339 1567 effectus
1359 1516 1593 1584 attingant,
1617 1534 1749 1590 atque

274 1596 551 1644 conditiones
575 1612 814 1661 apponere,
837 1611 950 1662 quas
968 1595 1106 1651 cives,
1128 1595 1205 1660 qui
1224 1595 1553 1644 matrimonium
1571 1598 1741 1656 ineunt,

273 1690 451 1721 servare
483 1672 697 1729 debeant,
732 1672 771 1719 si
806 1670 897 1719 illis
933 1670 1099 1736 perfrui
1135 1672 1379 1719 commodis
1413 1689 1465 1720 ac
1497 1674 1743 1738 privilegiis

270 1748 423 1805 velint,
457 1765 572 1813 quae
605 1747 674 1795 lex
707 1747 895 1811 largitur
927 1764 1028 1795 sese
1061 1746 1401 1795 subiicientibus
1435 1748 1606 1796 eisdem
1640 1767 1746 1799 con-

270 1822 515 1872 ditionibus
533 1861 543 1879 ,
581 1822 956 1888 quemadmodum
990 1823 1149 1886 quovis
1183 1832 1381 1887 tempore
1415 1823 1579 1871 sactum
1613 1835 1695 1873 est.
1726 1846 1729 1848 ·

365 1901 446 1948 Est
478 1917 609 1964 porro
641 1917 754 1964 opus
788 1916 890 1949 vere
918 1900 1142 1947 musivum
1171 1898 1504 1963 D⁷Aguesseau,
1534 1901 1738 1960 Por-talis,

269 1977 565 2025 Iustinianum
588 2014 598 2032 ,
641 1975 942 2040 Napoleonem
978 1991 1078 2021 cum
1114 1991 1176 2022 ss.
1213 1974 1461 2038 Augustino
1498 1987 1542 2024 et
1573 1976 1742 2026 Thoma

266 2053 548 2116 coniungere.
590 2051 684 2099 Hoc
712 2061 780 2099 est
808 2051 997 2098 miscere
1033 2067 1160 2098 sacra
1193 2050 1419 2115 profanis,
1447 2062 1491 2099 et
1523 2053 1741 2117 quadrata

265 2130 492 2187 rotundis,
532 2147 670 2195 quum
705 2129 848 2176 sancti
881 2129 1092 2176 Doctores
1134 2128 1246 2175 adeo
1281 2146 1308 2175 a
1341 2129 1542 2194 profanis
1576 2130 1741 2194 legum-

263 2206 478 2255 latoribus
511 2206 678 2253 distent
713 2206 759 2252 in
793 2205 994 2253 doctrina
1015 2205 1071 2252 de
1094 2204 1378 2252 matrimonio
1413 2206 1654 2264 tradenda,
1692 2218 1740 2257 ut

264 2300 449 2332 erronea
471 2283 637 2339 omnia,
666 2282 833 2348 quibus
852 2281 918 2328 illi
937 2281 1166 2329 materiam
1191 2281 1308 2328 hanc
1325 2281 1589 2339 infecerunt,
1605 2283 1737 2347 plane

261 2369 474 2408 evertant.
504 2359 707 2407 Ceterum
732 2357 841 2424 quid
865 2358 1060 2405 senserit
1082 2357 1343 2405 nominatim
1369 2357 1573 2415 Portalis,
1601 2356 1735 2423 paulo

261 2446 362 2483 ante
406 2436 715 2484 adnotavimus
744 2473 754 2491 ,
803 2444 960 2500 estque
999 2434 1181 2481 omnino
1221 2434 1489 2482 contrarium
1529 2434 1591 2481 ei·
1612 2435 1733 2500 quod

260 2512 448 2558 adstruit
489 2521 635 2560 orator
675 2521 849 2568 noster,
888 2510 965 2575 qui
1000 2510 1188 2557 fortasse
1222 2527 1324 2557 eum
1360 2527 1449 2557 non
1483 2510 1728 2568 consuluit,

259 2586 458 2651 alioquin
500 2588 598 2636 eius
641 2604 729 2635 non
765 2586 1078 2641 meminisset;
1123 2587 1260 2634 multo
1293 2603 1398 2634 vero
1430 2586 1578 2634 minus
1623 2586 1731 2650 legit

259 2679 321 2708 ss.
352 2662 646 2725 Augustinum
682 2675 725 2711 et
755 2664 992 2719 Thomam,
1038 2680 1227 2728 quorum
1261 2662 1516 2719 volumina,
1557 2663 1595 2710 si
1632 2663 1732 2728 ipse

257 2735 509 2794 evolvisset,
549 2756 792 2804 numquam
824 2757 904 2804 pro
940 2757 988 2786 se
1023 2738 1285 2786 advocasset
1313 2755 1464 2785 eorum
1496 2739 1731 2786 auctorita—

256 2821 371 2869 tem,
400 2812 464 2859 uti
495 2830 547 2860 ex
582 2814 785 2862 dicendis
821 2814 980 2863 idoneo
1015 2813 1110 2862 loco
1145 2812 1323 2878 patebit.

1864 3054 1882 3180 muza-nt.
1882 2899 1885 2907 λ
