1912 3180
258 211 348 243 CAP.
366 211 423 243 lv.
446 211 499 243 DE
523 211 681 251 Alte-uu.
700 212 777 244 1²80
795 212 900 246 LEGE
916 213 969 245 DE
987 213 1113 246 uun.
1130 213 1215 245 CIV.
1238 214 1330 247 Au.
1349 213 1394 244 11.
1500 199 1589 247 385

223 288 420 352 Insignis
453 299 522 337 est
554 288 733 337 libellus
769 290 957 355 supplex
980 308 1007 338 a
1030 291 1391 340 massiliensibus
1410 293 1592 341 senatui

127 365 369 429 parisiensi
404 364 578 413 oblatus
611 365 685 413 die
720 367 797 412 30.
837 366 943 412 Maii
982 368 1123 414 1853.
1153 368 1203 414 ln
1236 385 1306 424 eo,
1335 368 1593 433 praemissis

129 441 391 507 principiis,
430 441 549 506 quod
584 458 730 489 mores
765 441 932 506 publici
967 443 1058 490 sint
1089 443 1286 493 conditio
1321 443 1469 493 vitalis
1501 443 1598 492 feli-

124 517 192 565 cis
227 533 492 581 progressus
526 516 726 564 cuiusvis
762 517 867 564 recti
903 518 1157 580 regiminis;
1192 519 1402 584 quodque
1431 520 1598 583 optima

126 602 269 639 status
309 592 566 640 constitutio
609 591 801 656 pendeat
842 591 898 639 ab
931 593 1100 656 optima
1144 594 1338 642 familiae
1384 594 1597 642 constitu-

127 667 277 724 tione;
321 667 548 715 vinculum
582 685 685 715 vero
717 667 951 731 coniugale
996 669 1235 733 primarius
1270 682 1405 735 typus
1438 670 1498 717 sit
1531 687 1598 718 so-

123 744 328 800 cietatis,
374 743 563 809 fonsque
602 755 747 792 certus
782 744 903 792 illius
940 746 1169 809 potestatis
1211 756 1439 810 paternae,
1476 763 1592 810 quae

125 829 196 868 est
240 819 380 868 forma
426 819 728 884 primordialis
773 820 1002 885 potestatis
1037 820 1242 885 publicae
1292 822 1594 886 praeexistens

127 895 336 945 omnibus
368 896 634 960 populorum
675 896 1056 953 institutionibus;
1092 897 1212 962 quod
1245 898 1459 951 sanctitas
1492 915 1598 946 con-

126 971 238 1035 iugii
273 972 406 1020 suerit
449 973 607 1038 quovis
645 984 841 1037 tempore
879 991 1090 1022 mensura
1130 975 1223 1022 veri
1269 975 1413 1023 civilis
1452 974 1598 1026 cultus

134 1048 473 1111 (civilitatis),
513 1066 565 1096 ac
601 1049 804 1097 nationes
842 1050 1043 1097 vicissim
1083 1051 1300 1098 creverint
1333 1061 1409 1099 aut
1445 1050 1599 1098 decr-e-

130 1124 273 1172 verint
307 1136 437 1189 prout
471 1125 666 1188 dignitas
701 1125 948 1189 coniugalis
982 1126 1148 1174 vinculi
1182 1137 1310 1174 aucta
1342 1137 1411 1174 est
1432 1126 1502 1173 vel
1524 1126 1602 1173 de-

129 1201 276 1258 iecta;
322 1201 442 1267 quod
476 1201 670 1266 denique
710 1220 763 1249 ex
803 1202 1041 1265 coniugum
1076 1201 1331 1250 conditione
1364 1202 1599 1250 infantium

133 1277 377 1334 institutio,
403 1278 473 1325 vis
497 1278 728 1343 virtusque
761 1278 1095 1341 generationum
1120 1296 1173 1326 ac
1196 1278 1341 1326 sutura
1365 1296 1462 1326 sors
1488 1295 1597 1342 pen-

131 1353 234 1401 deat
267 1353 401 1401 totius
442 1354 661 1410 nationis;
701 1353 802 1410 his,
842 1354 1049 1419 inquam,
1088 1354 1280 1419 aliisque
1314 1354 1597 1418 praemissis,

129 1429 308 1477 libellus
333 1429 523 1495 supplex
547 1430 726 1495 exponit
750 1429 971 1494 pessimos
996 1429 1182 1486 fructus,
1206 1447 1320 1495 quos
1338 1429 1408 1476 lex
1427 1429 1483 1476 de
1499 1446 1603 1479 con—

130 1506 266 1570 iugiis
290 1523 409 1554 mere
432 1505 642 1553 civilibus
667 1506 712 1551 in
735 1506 959 1553 universis
978 1506 1134 1554 Galliis
1159 1506 1375 1554 hactenus
1400 1505 1595 1571 protulit.

224 1582 282 1629 Hi
305 1599 409 1631 vero
433 1592 537 1630 sunt
565 1581 787 1629 eiusmodi
812 1582 994 1630 effectus
1011 1621 1021 1639 ,
1049 1593 1097 1630 ut
1119 1600 1274 1630 omnes
1303 1581 1514 1630 honestos
1549 1599 1601 1629 ac

130 1658 363 1723 religiosos
397 1658 518 1707 viros
555 1671 861 1724 permoveant,
892 1659 1182 1724 timoremque
1217 1659 1474 1722 ingenerent
1495 1676 1597 1722 gra-

129 1735 301 1784 viorum
325 1735 473 1783 adhuc
494 1735 710 1784 malorum
745 1735 790 1781 in
825 1735 1036 1782 futurum.
1066 1736 1232 1801 Nempe
1255 1734 1489 1791 scandala,
1529 1734 1599 1780 di-

128 1812 270 1860 vortia
305 1830 383 1877 per
417 1823 600 1859 mortem
643 1811 816 1859 civilem
854 1812 972 1873 (62),
1015 1811 1242 1859 discordia
1277 1811 1464 1858 fratrum
1486 1848 1495 1866 ,
1536 1810 1603 1856 in-

129 1888 291 1944 famia,
338 1887 568 1952 religionis
613 1897 913 1952 contemptus,
964 1887 1160 1950 vulgaris
1203 1887 1435 1952 persuasio
1470 1886 1601 1933 ritum

130 1962 387 2026 religiosum
406 1980 494 2011 non
510 1980 612 2011 esse
642 1962 730 2010 nisi
758 1961 1076 2009 accidentalem
1110 1961 1322 2018 sormam,
1348 1979 1463 2026 quae
1496 1978 1602 2009 con·

132 2039 289 2086 tractui
324 2038 446 2087 civili
482 2038 791 2103 superveniat,
819 2048 862 2084 et
885 2037 984 2084 sine
1007 2054 1097 2101 qua
1125 2037 1381 2100 coniugium
1411 2037 1602 2102 perfecte

131 2115 368 2172 consistat;
387 2114 645 2180 propagatio
664 2114 941 2178 perniciosae
959 2112 1147 2161 huiusce
1166 2131 1490 2178 perversaeque
1508 2130 1604 2177 per-

131 2191 378 2248 suasionis,
405 2208 576 2239 morum
605 2190 782 2238 licentia
805 2190 1047 2237 effraenata
1063 2227 1073 2245 ,
1103 2189 1394 2237 institutionis
1420 2188 1601 2237 moralis

130 2283 184 2314 ac
214 2266 449 2330 religiosae
482 2266 707 2322 desectus;
746 2264 947 2329 germina
980 2264 1128 2312 omnia
1162 2264 1474 2312 dissolutionis
1509 2275 1603 2311 tum

131 2343 403 2390 domesticae
426 2354 518 2390 tum
544 2341 773 2407 publicae;
801 2341 1119 2388 incrementum
1152 2340 1396 2388 maximum
1431 2341 1605 2404 ignoto-

134 2435 231 2465 rum
273 2429 502 2473 natorum,
542 2418 620 2482 qui
661 2416 852 2481 expositi
892 2415 1114 2475 communi
1149 2416 1326 2463 nomine
1361 2426 1599 2472 vocantur,

134 2493 314 2558 publica
348 2492 669 2541 concubinatus
694 2491 940 2557 professio,
968 2491 1146 2556 aliaque
1170 2491 1215 2537 id
1240 2509 1382 2555 genus
1406 2509 1496 2540 non
1519 2492 1605 2542 mi,-

132 2587 217 2618 nus
248 2569 449 2634 religioni
476 2586 527 2616 ac
550 2569 680 2616 bonis
705 2568 931 2625 moribus,
970 2585 1104 2633 quam
1141 2567 1347 2633 publicae
1382 2568 1602 2617 honestati

133 2662 185 2693 ac
219 2645 422 2709 regimini
457 2644 635 2710 politico
669 2644 919 2709 perniciosa
946 2645 1063 2707 (63).

230 2767 297 2808 (62)
319 2769 405 2800 Haec
421 2777 508 2801 mors
521 2770 627 2800 tamen
643 2766 749 2799 civilis
761 2767 890 2799 demum
910 2766 1038 2799 sublata
1051 2768 1099 2799 oet
1113 2767 1181 2808 lego.
1195 2768 1260 2801 lata
1272 2767 1326 2800 die
1346 2773 1392 2802 13.
1410 2768 1493 2801 lunii
1512 2771 1599 2806 1854.

233 2820 299 2860 (63)
321 2821 474 2854 Ρέιὶιέοη
495 2820 652 2853 adresse'e
671 2829 717 2852 au
737 2820 835 2853 se'nae
852 2829 942 2861 pour
957 2819 1143 2859 re'clamer,
1163 2830 1211 2853 au
1226 2830 1305 2854 nom
1320 2820 1379 2854 des
1395 2821 1536 2854 valeret-s
1551 2822 1602 2853 τέ-

1500 2896 1544 2927 25
