1918 3186
284 219 374 251 cn.
399 220 440 250 v.
463 218 515 250 nn
538 217 692 250 mmsr.
715 217 924 250 courum.
946 218 1041 250 Λιιτ.
1063 217 1125 250 ιιι.
1147 217 1244 250 aaa.
1266 216 1419 248 τιιιιοι..
1500 202 1590 247 155

122 312 238 360 quae
270 296 588 344 recentioribus
623 295 897 359 temporibus
931 312 1031 343 sese
1054 313 1196 359 magis
1219 294 1467 342 clarissime
1489 311 1591 359 pro-

122 371 237 418 didit
271 372 316 418 in
350 371 651 419 oecumenicis
686 370 913 427 conciliis,
952 371 998 417 in
1023 371 1292 436 apostolicae
1316 370 1437 418 sedis
1462 370 1591 417 factis

121 447 346 512 dictisque
363 485 373 503 ‚
402 458 535 512 atque
558 448 604 494 in
629 447 852 495 communi
879 465 1014 494 sensu
1038 447 1254 495 ecclesiae
1270 447 1438 512 ipsius,
1461 464 1594 510 agen-

120 523 258 588 dique
291 523 475 570 ratione.
506 524 627 571 Haec
661 523 917 571 evolvamus
954 523 1229 586 singillatim.

217 599 280 646 Ac
312 599 453 664 primo
487 599 671 663 quidem
706 609 942 647 occurrunt
974 599 1063 646 duo
1095 608 1434 646 commemorata
1462 615 1594 646 oecu-

123 673 295 721 menica
327 674 541 730 concilia,
580 675 862 722 florentinum
897 692 949 722 ac
982 674 1284 722 tridentinum.

219 748 487 797 Florentium
522 749 569 796 in
593 750 882 798 instructione
904 750 1009 797 data
1030 767 1110 815 pro
1133 749 1338 797 iacobitis
1362 750 1418 797 ab
1450 751 1594 814 Euge-

123 825 197 873 nio
220 826 289 872 lv.
318 826 364 872 in
387 826 590 874 eiusdem
614 827 791 874 concilii
816 827 1146 875 continuatione
1163 864 1173 883 ‚
1201 844 1317 890 quae
1341 838 1442 891 post
1468 844 1594 890 grae-

121 918 273 948 corum
291 901 539 949 discessum
555 939 566 958 ‚
590 902 834 950 Florentiae
853 902 1046 967 primum
1061 940 1071 959 ‚
1094 902 1258 949 deinde
1274 902 1436 949 Romae
1449 902 1592 950 locum

122 976 279 1024 habuit
301 978 347 1024 in
370 977 638 1025 lateranensi
661 978 851 1026 basilica
873 981 990 1041 (33).
1011 979 1284 1043 «Septimum
1301 989 1395 1034 est,
1418 978 1589 1042 inquit,

120 1063 445 1101 sacramentum
478 1054 774 1112 matrimonii,
811 1055 931 1119 quod
968 1065 1036 1102 est
1058 1055 1237 1118 signum
1268 1054 1592 1102 coniunctionis

119 1129 285 1177 Christi
319 1140 362 1177 et
395 1130 632 1186 ecclesiae,
673 1131 919 1178 secundum
953 1131 1213 1197 Apostolum
1249 1131 1482 1178 dicentem.
1511 1132 1594 1178 Sa—

118 1215 382 1252 cramentum
406 1206 480 1252 hoc
502 1223 707 1270 maynum
732 1218 794 1254 est
816 1218 901 1255 etc.
933 1207 1078 1255 Causa
1105 1207 1298 1272 efficiens
1330 1208 1597 1254 matrimonii

121 1281 381 1344 regulariter
414 1293 481 1329 est
514 1292 694 1330 mutuus
728 1301 973 1331 consensus
1009 1301 1089 1347 per
1123 1283 1255 1331 verba
1288 1284 1344 1331 de
1370 1283 1591 1347 praesenti

118 1374 358 1421 expressus
386 1359 535 1420 (34).»
554 1359 598 1404 Si
624 1358 758 1422 igitur
793 1377 871 1424 per
902 1359 1189 1406 florentinum
1224 1359 1463 1406 concilium
1496 1376 1593 1406 mu·-

121 1442 224 1479 tuus
258 1450 503 1480 consensus
537 1444 606 1481 est
638 1451 775 1481 causa
807 1434 1004 1481 efficiens
1043 1434 1333 1490 matrimonii,
1370 1434 1588 1498 profecto,

119 1508 198 1572 qui
223 1509 474 1574 exprimunt
496 1510 617 1557 hunc
639 1527 905 1557 consensum
927 1548 937 1566 ‚
967 1510 998 1556 ii
1024 1510 1156 1558 simul
1182 1510 1423 1558 conficiunt
1445 1528 1596 1558 sacra-

121 1594 340 1641 mentum;
369 1602 499 1648 porro
533 1603 621 1633 non
656 1585 731 1633 alii
766 1586 888 1634 hunc
910 1603 1178 1634 consensum
1203 1586 1477 1650 exprimunt,
1505 1587 1593 1635 nisi

117 1659 428 1708 contrahentes
443 1680 459 1717 ;³
491 1678 595 1724 ergo
629 1661 940 1709 contrahentes
976 1680 1028 1710 ex
1062 1679 1186 1710 conc.
1215 1662 1450 1710 florentino
1490 1674 1596 1711 sunt

120 1737 387 1784 sacramenti
422 1738 690 1787 matrimonii
725 1739 935 1786 ministri.

216 1812 379 1869 Unica,
417 1831 534 1879 quae
567 1832 594 1861 a
617 1814 835 1878 theologis
858 1815 1075 1864 adversae
1098 1816 1367 1872 sententiae,
1395 1816 1595 1879 exceptio

123 1888 219 1944 fiat,
256 1900 351 1946 est,
389 1891 510 1955 quod
544 1891 781 1939 concilium
817 1892 927 1940 haec
961 1892 1191 1957 protulerit
1213 1893 1270 1940 de
1297 1894 1588 1946 matrimonio,

122 1981 208 2011 non
233 1976 379 2012 autem
403 1966 460 2014 de
481 1978 763 2015 sacramente.
792 1967 848 2016 At
867 1986 972 2017 vero
997 1969 1043 2015 id
1067 1969 1182 2016 serio
1201 1986 1280 2016 eos
1299 1969 1447 2016 dicere
1463 1985 1594 2015 nemo

123 2049 228 2102 puto
262 2039 348 2086 sibi
390 2042 714 2104 persuadebit:
764 2044 986 2107 quomodo
1029 2044 1144 2091 enim
1187 2044 1329 2107 potuit
1369 2043 1492 2108 loqui
1538 2043 1594 2090 de

121 2131 258 2162 causa
289 2116 506 2164 efficiente
539 2119 867 2166 matrimonium
902 2121 1012 2184 quin
1038 2120 1292 2183 significare
1313 2119 1501 2168 voluerit
1521 2136 1594 2167 sa-

120 2202 408 2246 cramentum,
448 2210 548 2239 cum
588 2203 732 2241 aetate
765 2194 841 2241 illa
870 2196 1024 2258 ignota
1062 2195 1211 2242 adhuc
1254 2195 1385 2243 suerit
1423 2195 1594 2244 invecta

123 2276 275 2330 postea
307 2267 535 2316 distinctio
564 2268 609 2315 in
643 2269 850 2332 coniugio
890 2270 1136 2318 christiano
1176 2271 1293 2318 inter
1334 2281 1594 2319 contractum

120 2353 164 2389 et
194 2345 539 2391 sacramentum?
561 2345 741 2393 Accedit
763 2346 882 2410 quod
908 2357 997 2394 tota
1021 2346 1132 2394 haec
1156 2347 1463 2395 instructionis
1488 2365 1592 2412 pars

120 2417 178 2464 de
210 2420 499 2466 sacramentis
533 2420 767 2486 desumpta
799 2431 868 2468 est
900 2421 957 2468 ad
990 2421 1173 2469 verbum
1206 2439 1258 2469 ex
1290 2422 1516 2488 Opusculo
1539 2422 1587 2469 V.

121 2508 161 2539 s.
194 2492 408 2550 Thomae;
438 2494 525 2541 iam
559 2512 687 2552 vero,
729 2506 777 2543 ut
810 2495 944 2559 paulo
978 2507 1082 2543 ante
1115 2497 1414 2555 ostendimus,
1448 2498 1594 2562 Ange-

122 2567 233 2616 licus
267 2568 420 2617 doctor
452 2571 702 2635 promiscue
735 2582 924 2636 usurpat
958 2589 1089 2620 voces
1122 2575 1384 2621 sacramenti
1415 2591 1468 2622 ac
1498 2591 1593 2622 ma-

120 2643 314 2691 trimonii
342 2646 406 2692 uti
441 2648 719 2711 synonimas.
749 2647 864 2694 Illud
900 2658 1047 2695 autem
1080 2649 1358 2713 requlariter,
1397 2660 1447 2699 ut
1480 2650 1592 2699 alias

213 2767 278 2806 (³3)
299 2769 391 2809 Apud
411 2771 560 2803 Harduin
577 2774 663 2804 Acta
681 2780 775 2804 conc.
793 2773 942 2805 tom.1x.
959 2772 1023 2806 col.
1041 2776 1131 2806 10³4.

212 2820 278 2859 (34)
300 2819 463 2853 lhid.c01.
486 2826 557 2855 440.
