1912 3180
281 176 369 221 230
534 190 612 220 Lm.
642 189 670 219 ι.
699 188 810 219 sacr.
841 189 1016 220 nram.
1050 190 1099 220 mc
1125 190 1298 222 numu.
1328 191 1469 223 eiviu.

277 269 523 315 deratorum
548 266 776 314 Americae
795 276 1048 314 renuentem
1067 267 1133 314 eis
1152 267 1392 315 concedere
1409 267 1705 333 polygamiam
1724 292 1732 318 :

282 343 568 405 «Ecquonam
592 341 688 388 iure
718 352 898 389 senatus
927 344 1023 404 (seu
1057 345 1321 405 conqressus)
1351 343 1549 390 Statuum
1590 344 1738 393 foede-

278 426 465 463 ratorum
502 416 660 479 poterit
691 415 833 479 legem
856 417 969 463 ferre
1002 417 1058 464 de
1082 417 1359 465 matrimonio
1386 419 1459 479 (ad
1492 419 1740 483 impedien—

275 492 376 537 dam
402 490 753 555 polygamiam)?
776 493 869 539 Non
895 502 962 538 est
978 494 1180 555 quaestio
1200 492 1368 539 isthaec
1385 493 1634 557 foederalis,
1659 495 1738 542 sed

276 567 498 630 negotium
519 606 528 623 ,
568 567 684 614 circa
718 567 836 632 quod
871 577 1008 613 status
1041 567 1228 631 quilibet
1253 586 1486 632 supremus
1510 580 1578 617 est
1600 587 1651 617 ac
1675 570 1740 616 in-

275 642 612 706 dependens...
643 643 862 698 Quoniam
886 642 1172 690 Mormonitae
1197 653 1361 690 statum
1391 645 1734 701 constituerunt,

275 718 337 765 uti
363 719 553 784 puritani
578 719 724 767 Novae
747 718 951 781 Angliae‚
982 735 1119 783 seque
1153 735 1302 781 regere
1327 719 1479 766 volunt
1504 721 1632 766 iuxta
1656 721 1743 766 Dei

276 796 408 859 leqes,
448 813 639 861 quonam
673 796 767 842 iure
800 794 864 841 eis
890 794 1096 856 denegari
1120 794 1318 859 acceptio
1343 795 1388 841 in
1422 795 1629 842 unionem
1661 812 1740 860 po-

274 870 389 918 test?
410 872 565 919 Nonne
598 882 640 918 et
674 887 753 918 nos
790 870 882 917 iure
916 870 1102 916 fruimur
1135 870 1192 917 ad
1226 870 1619 918 constabiliendam
1660 888 1739 936 po-

275 946 535 1011 lygamiam,
574 963 662 1011 quo
695 945 858 1008 gaudet
891 945 1113 1008 Michigan
1146 945 1203 992 ad
1237 963 1332 992 eam
1367 945 1634 993 vetandam?
1668 946 1738 993 Li-

273 1023 420 1072 bertas
454 1034 521 1071 est
554 1041 609 1071 ne
643 1024 688 1069 in
722 1022 922 1069 America
956 1023 1118 1070 veritas
1154 1040 1210 1069 an
1245 1021 1395 1070 fictio?
1421 1022 1613 1070 Evidens
1643 1033 1733 1079 est,

273 1099 391 1163 quod
426 1099 465 1146 si
501 1098 688 1163 populus
724 1108 865 1145 status
900 1097 1089 1145 alicuius
1123 1097 1287 1145 bonum
1323 1098 1487 1145 iudicet
1510 1098 1739 1146 instituere

272 1185 315 1221 et
348 1175 506 1222 sectari
532 1174 855 1238 polygamiam,
895 1173 1017 1221 nulla
1050 1174 1096 1220 in
1119 1174 1247 1221 terris
1271 1174 1508 1221 auctoritas
1532 1191 1629 1221 eam
1660 1191 1738 1238 po-

275 1260 359 1297 test
389 1250 586 1313 legitime
619 1249 847 1314 impedire.
876 1249 978 1297 Sola
1011 1249 1143 1297 realis
1167 1249 1406 1297 difficultas
1439 1251 1486 1296 in
1516 1250 1738 1314 discepta-

274 1326 392 1373 tione
426 1326 686 1389 agitabitur,
725 1344 830 1372 num
857 1326 914 1382 ii,
944 1326 1021 1390 qui
1049 1326 1240 1389 legitime
1265 1326 1486 1373 coniuncti
1511 1336 1616 1373 sunt
1639 1343 1737 1373 cum

272 1401 473 1466 pluribus
507 1402 719 1449 uxoribus
754 1402 951 1448 Desereti
981 1402 1129 1463 (locus
1165 1419 1296 1466 quem
1331 1401 1527 1449 incolunt
1551 1402 1739 1449 Mormo-

272 1477 442 1539 nitae)‚
472 1477 510 1524 si
543 1477 706 1525 vellent
739 1494 788 1524 se
830 1477 875 1523 in
909 1477 1020 1524 alios
1067 1487 1207 1525 status
1251 1494 1352 1524 cum
1391 1478 1486 1525 suis
1528 1477 1737 1525 uxoribus

273 1554 471 1601 conferre
486 1592 495 1609 ,
524 1554 569 1599 id
593 1554 783 1618 possint.
811 1553 865 1599 At
888 1570 991 1600 vero
1014 1553 1342 1600 matrimonium
1368 1553 1413 1599 in
1438 1552 1626 1616 singulis
1650 1563 1739 1600 sta-

274 1631 386 1677 tibus
414 1630 657 1692 (Americae
691 1629 984 1691 foederatae),
1013 1640 1081 1677 est
1121 1639 1363 1676 contractus
1403 1630 1570 1684 civilis;
1609 1646 1738 1693 porro

274 1705 424 1768 regula
456 1706 674 1768 generalis
708 1723 760 1752 ea
793 1716 880 1761 est,
921 1704 1037 1768 quod
1075 1704 1113 1751 si
1147 1704 1366 1751 eiusmodi
1390 1714 1638 1751 contractus
1671 1715 1737 1751 est

270 1780 445 1828 validus
481 1791 716 1846 postquam
752 1781 893 1827 factus
928 1790 1023 1836 est,
1062 1780 1215 1843 ubique
1246 1779 1365 1826 hunc
1398 1779 1600 1826 eumdem
1633 1779 1739 1826 vali-

272 1857 423 1906 ditatis
457 1857 754 1905 characterem
789 1874 966 1905 servare
1001 1856 1161 1903 debeat
1189 1858 1338 1918 (37).»

369 1935 418 1980 In
453 1933 650 1981 admisso
685 1932 821 1980 semel
855 1932 1061 1995 coniugio
1095 1949 1204 1996 pure
1237 1931 1379 1988 civili,
1420 1942 1579 1996 sponte
1600 1932 1734 1979 veluti

272 2026 355 2056 sua
386 2009 460 2057 via
492 2009 701 2057 sternitur
733 2009 789 2056 ad
813 2008 1111 2074 polygamiam
1129 2047 1138 2064 ‚
1168 2008 1239 2054 sin
1263 2008 1410 2055 minus
1442 2008 1736 2056 cohonestan-

272 2085 374 2132 dam
390 2123 399 2141 ,
428 2085 699 2132 tolerandam
725 2085 880 2132 saltem
904 2084 1052 2149 quoad
1070 2101 1171 2141 eos,
1195 2085 1270 2149 qui
1290 2084 1410 2131 illam
1429 2092 1481 2132 ex
1503 2084 1736 2149 principiis

272 2160 476 2225 propriae
509 2160 734 2224 religionis
769 2170 1093 2207 consectantur.
1118 2160 1298 2207 Inducto
1334 2177 1463 2224 porro
1496 2170 1736 2224 protestan-

273 2236 405 2283 tismo
441 2235 485 2282 in
521 2236 764 2299 regionem,
801 2235 921 2283 nulla
954 2235 1065 2298 legis
1102 2235 1248 2284 civilis
1280 2236 1460 2291 virtute,
1497 2234 1655 2298 poterit
1678 2234 1736 2281 le-

272 2311 455 2374 gislator
472 2309 686 2375 impedire
704 2311 942 2376 quominus
962 2311 1163 2376 quilibet,
1181 2321 1375 2377 spectata
1389 2311 1732 2375 protestantismi

273 2388 468 2435 essentia
501 2405 580 2435 seu
616 2398 792 2443 natura,
822 2386 908 2435 sibi
935 2388 1202 2452 persuadeat
1224 2406 1277 2435 ex
1299 2388 1534 2435 bibliorum
1563 2386 1735 2450 privata

274 2463 656 2528 interpretatione,
696 2463 944 2528 habeatque
978 2465 1279 2510 convictionem
1313 2481 1438 2511 suam
1471 2463 1527 2509 de
1557 2462 1734 2528 polyga—

272 2563 308 2594 οἳ
318 2563 372 2594 the
385 2563 527 2595 national
543 2562 722 2595 illustrated
738 2562 876 2603 library3
895 2570 954 2594 nec
967 2570 1046 2593 non:
1065 2561 1168 2594 Short
1189 2561 1325 2603 hystory
1337 2560 1380 2598 os
1391 2561 1446 2594 me
1458 2562 1688 2600 Mormom'tes,
1696 2570 1736 2592 or

274 2616 480 2656 Latter-Day
503 2617 620 2649 saints
632 2614 714 2647 with
729 2623 775 2647 an
788 2615 935 2647 account
949 2613 1059 2654 osche
1073 2614 1150 2646 real
1165 2615 1276 2655 oriqin
1293 2612 1336 2653 of
1349 2613 1406 2645 the
1421 2613 1502 2645 bools
1515 2612 1557 2653 of
1565 2615 1730 2645 Mormon.

277 2668 320 2707 By
336 2667 389 2698 the
405 2676 470 2699 rev.
484 2669 570 2700 John
583 2668 664 2700 frere
680 2667 838 2708 Chaplain
850 2667 887 2699 os
897 2667 952 2699 the
970 2666 1040 2699 lord
1055 2666 1173 2708 Bishop
1187 2666 1223 2698 os
1231 2665 1366 2698 London
1387 2670 1473 2698 1850.
1492 2667 1569 2697 item
1583 2665 1732 2698 Annales

274 2717 485 2759 catholiques
501 2720 543 2752 de
560 2720 690 2753 Geneve
705 2725 735 2752 3.
754 2720 829 2752 livr.
845 2721 937 2751 Fevr.
954 2722 1043 2753 1854.
1058 2720 1118 2751 art.
1134 2720 1319 2750 Mormons.
1339 2720 1460 2750 Verum
1478 2717 1518 2749 de
1537 2718 1586 2749 his
1603 2718 1731 2750 iterum.

371 2771 434 2810 (37)
457 2771 511 2803 cs.
528 2774 670 2804 Univers
694 2778 739 2805 11.
758 2772 857 2804 Avril.
878 2776 965 2804 1854.
