1912 3180
338 183 428 228 350
597 195 677 227 mn.
707 195 737 225 1.
766 193 880 225 secr.
911 192 1082 225 ALTERA.
1102 193 1155 224 m:
1180 192 1354 225 mrum.
1377 192 1518 226 cmm.

435 274 489 320 Hi
509 273 651 338 nihilo
669 283 816 320 tamen
841 272 995 319 minus⁴
1010 272 1040 318 ii
1061 283 1181 329 sunt,
1204 272 1281 336 qui
1310 281 1610 337 protestantur
1628 290 1677 320 se
1695 274 1814 322 nolle

338 348 567 412 religionis
595 348 785 411 negotiis
810 343 1076 404 immisceri,
1105 348 1274 412 quique
1291 348 1423 395 unice
1445 349 1691 395 consectari
1716 367 1814 414 pro-

340 427 518 473 fitentur
551 426 728 489 negotia
763 424 936 482 civilia,
959 426 1059 490 qui,
1082 442 1138 472 ne
1154 425 1243 472 vim
1270 425 1569 472 conscientiae
1599 425 1807 483 inferant,

338 502 479 565 legem
512 501 569 548 de
602 501 823 565 coniugiis
848 500 1204 549 mere'civilibus
1235 500 1444 548 ineundis
1479 501 1689 549 condunt.
1720 502 1814 549 Iam

338 594 441 625 vero
470 593 664 641 quonam
694 576 826 624 modo
855 577 1054 631 diversa,
1084 575 1219 623 immo
1237 586 1279 622 et
1296 576 1517 623 contraria
1539 576 1670 641 plane
1693 577 1817 624 eius-

339 652 459 701 modi
489 653 652 716 agendi
682 648 791 701 ratio
826 653 912 700 sibi
946 651 1188 699 cohaeret?
1209 653 1363 700 Nonne
1386 653 1431 699 id
1456 663 1524 700 est
1545 653 1682 700 verba
1705 654 1815 701 dare

340 741 474 795 atque
507 729 727 777 illudere?
750 730 863 776 Dum
893 739 1126 793 propterea
1160 728 1379 776 eiusmodi
1415 729 1623 777 homines
1645 746 1699 776 ex
1721 746 1813 776 una

340 817 466 872 parte
500 806 801 855 conscientiae
845 804 1092 852 libertatem
1125 805 1189 852 uti
1223 805 1492 871 principium
1539 805 1816 853 constituunt

341 884 398 931 ad
421 883 799 932 cohonestandam
818 882 977 945 legem,
1001 900 1136 947 quam
1155 893 1424 947 proponunt,
1453 882 1510 929 de
1534 882 1815 930 matrimonio

341 960 485 1017 civili,
506 978 559 1007 ex
577 959 714 1007 altera
737 958 1036 1006 conscientiae
1059 957 1305 1005 libertatem
1331 958 1659 1023 parvipendunt
1681 967 1818 1022 atque

343 1036 628 1102 proculcant,
674 1034 932 1100 nullamque
973 1051 1158 1099 prorsus
1199 1034 1322 1081 illius
1363 1034 1578 1081 rationem
1620 1033 1811 1090 habent,

342 1113 471 1160 facile
494 1122 564 1160 est
582 1111 848 1159 'concludere
875 1128 952 1159 eos
977 1110 1195 1158 libertatis
1219 1111 1396 1159 nomine
1419 1110 1572 1158 fallere
1589 1111 1810 1166 incautos,

342 1204 509 1252 eosque
532 1187 760 1252 decipere,
788 1204 842 1235 ac
866 1187 1168 1234 fraudulenter
1184 1187 1369 1234 irretire.

402 1289 407 1296 =
440 1263 620 1320 Quarto.
658 1264 844 1321 Verum,
883 1264 1002 1328 quod
1037 1273 1170 1327 caput
1198 1275 1293 1321 est,
1333 1264 1500 1328 inquiri
1546 1263 1702 1311 merito
1735 1279 1817 1327 po-

342 1350 456 1397 test,
495 1358 600 1387 num
634 1340 713 1405 qui
748 1341 860 1388 adeo
896 1350 1227 1406 perstreperunt
1255 1340 1300 1386 in
1336 1339 1528 1387 comitiis
1563 1333 1841 1404 subalpinis

343 1417 472 1465 acin
507 1427 664 1464 senatu
703 1416 851 1480 regio,
893 1416 1095 1480 phrasim
1139 1416 1456 1479 ingeminando
1492 1417 1704 1463 libertatis
1748 1432 1816 1462 co-

342 1495 571 1549 scientiae,
611 1494 828 1541 sinceram
865 1510 1209 1557 germanamque
1243 1492 1367 1540 illius
1400 1493 1606 1540 virtutem
1652 1504 1818 1556 cogno*

342 1571 509 1628 verint,
539 1581 910 1636 perspectumque
945 1570 1183 1618 habuerint
1218 1569 1287 1626 id,
1328 1570 1399 1617 cui
1433 1569 1667 1634 potissime
1699 1570 1817 1616 inni-

343 1648 550 1696 tebantur
582 1648 638 1695 ad
682 1647 824 1711 legem
855 1647 1215 1712 persuadendam
1256 1647 1313 1694 de
1351 1646 1633 1694 matrimonio
1661 1646 1819 1694 civili?

344 1724 617 1789 Responderi
636 1734 730 1772 tuto
754 1734 923 1788 potest,
946 1725 1168 1788 neqative,
1192 1723 1393 1787 adeoque
1409 1732 1578 1770 tantum
1598 1723 1817 1786 fragorem

344 1800 669 1865 strepitumque
686 1800 732 1845 in
751 1816 906 1847 auram
923 1799 1108 1846 abiisse.
1124 1800 1234 1846 Nam
1260 1798 1298 1846 si
1316 1816 1419 1846 vere
1443 1799 1688 1856 novissent,
1706 1799 1815 1864 quid

344 1875 561 1923 libertatis
597 1875 898 1923 conscientiae
931 1875 1110 1922 nomine
1143 1875 1319 1932 veniat,
1359 1891 1603 1939 numquam
1637 1892 1736 1922 eam
1770 1875 1817 1922 in

344 1953 538 2000 medium
568 1952 824 2000 attulissent
858 1952 914 1998 ad
950 1951 1092 2015 legem
1128 1951 1492 2015 promovendam,
1520 1950 1576 1998 de
1600 1968 1688 2016 qua
1722 1951 1818 2015 agi-

343 2046 472 2086 mus;
512 2029 736 2094 siquidem
762 2029 846 2076 hoc
870 2029 1019 2092 ipsum
1049 2027 1317 2092 principium
1342 2027 1559 2076 libertatis
1585 2029 1817 2076 conscien-

345 2106 434 2154 tiae
467 2106 549 2153 rite
582 2105 856 2153 intellectum
886 2105 1027 2168 legem
1062 2104 1209 2168 ipsam
1243 2104 1490 2152 evertisset.

442 2181 559 2238 Quid
606 2182 741 2246 igitur
781 2181 1058 2245 significatur
1092 2198 1172 2246 per
1208 2181 1446 2227 libertatem
1490 2183 1769 2228 conscientiae
1796 2182 1819 2227 P

345 2259 440 2305 Non
465 2257 588 2305 aliud
614 2258 810 2322 profecto
844 2275 979 2323 quam
1013 2256 1084 2304 ius
1121 2274 1200 2304 seu
1234 2255 1437 2313 facultas,
1466 2274 1600 2321 quam
1624 2257 1817 2321 quisque

344 2334 455 2382 civis
497 2344 540 2381 et
572 2333 760 2399 quilibet
793 2334 926 2381 homo
968 2333 1101 2381 habet
1133 2333 1265 2398 plene
1307 2332 1610 2380 satisfaciendi
1651 2333 1818 2396 obliqa-

346 2411 560 2466 tionibus,
590 2427 703 2475 quas
732 2411 772 2457 ei
804 2410 992 2475 imponit
1019 2410 1200 2474 propria
1234 2409 1528 2466 conscientia,
1559 2409 1666 2474 quin
1696 2408 1818 2471 leges

346 2485 500 2534 civiles
534 2485 902 2550 impedimentum
928 2485 1018 2532 illis
1043 2485 1343 2550 adimplendis
1368 2484 1715 2548 obligationibus
1739 2485 1818 2531 im-

442 2658 510 2689 Art.
530 2660 561 2690 4.
584 2659 719 2690 «Toute
732 2658 979 2691 contravention
994 2666 1056 2690 aux
1074 2657 1175 2698 regies
1192 2657 1327 2690 emblies
1341 2665 1397 2688 sur
1414 2656 1444 2688 la
1459 2655 1613 2688 necess-ite
1634 2655 1674 2688 de
1690 2655 1818 2687 lſtrassen

346 2693 463 2740 timent
478 2710 520 2741 du
539 2713 791 2751 gouvernement
804 2720 885 2752 pour
900 2711 931 2743 la
949 2710 1168 2753 publication,
1196 2719 1238 2742 ou
1261 2710 1431 2742 execution
1453 2708 1509 2741 des
1540 2708 1665 2741 deci-ets
1693 2708 1816 2740 relatifs
1845 2735 1851 2741 .

347 2769 411 2793 aux
427 2762 543 2802 cultos,
563 2772 634 2795 sera
646 2764 744 2805 punie
760 2764 850 2796 selon
866 2764 912 2796 les
925 2772 998 2804 cas,
1013 2763 1045 2795 d'
1048 2771 1092 2795 un
1105 2763 1416 2804 emprisonnement,
1432 2761 1488 2802 qui
1505 2769 1624 2801 pourra
1638 2762 1706 2793 etre
1725 2760 1818 2801 porte

347 2813 366 2845 'a
381 2813 429 2846 six
446 2815 545 2855 mois,
562 2817 595 2847 et
610 2816 641 2848 d’
644 2825 707 2849 une
725 2815 861 2848 amende
880 2815 1082 2849 extensihle
1073 2825 1092 2847 a
1110 2820 1179 2848 500.
1200 2814 1318 2846 francs.
