1918 3186
222 243 312 273 mr.
335 243 377 273 v.
395 242 446 273 nr:
471 242 626 274 uims‘r.
652 241 858 273 commu.
881 242 973 272 Anr.
1000 242 1046 273 11.
1072 241 1166 273 Aac.
1191 241 1426 273 rnAmnoN.
1502 226 1592 272 147

118 319 328 366 invitatus
363 319 561 366 Salvator
596 319 693 384 ipse
726 318 881 374 suerit,
917 330 964 365 ut
999 319 1055 366 iis
1090 317 1371 366 benediceret
1410 318 1548 381 (15)?
1571 339 1591 364 »

114 397 273 443 Verum
309 413 409 442 cum
444 395 490 440 hi
528 405 674 459 patres
702 394 935 441 adstruunt
962 395 1187 442 Christum
1224 405 1426 442 vocatum
1456 396 1597 443 fuisse

115 473 173 519 ad
210 473 387 538 nuptias
417 471 586 528 Canae,
618 481 669 518 ut
694 471 751 518 iis
777 470 1079 528 benediceret,
1113 472 1308 536 profecto
1343 483 1598 537 supponunt

117 549 214 596 solo
254 547 607 595 contrahentium
650 564 871 595 consensu
912 547 1168 610 coniugium
1210 548 1333 604 fieri3
1374 548 1597 613 siquidem

117 642 219 672 cum
254 623 450 689 nuptiale
484 624 734 671 convivium
770 623 1040 671 celebratum
1074 635 1163 691 est,
1196 624 1260 670 illi
1296 625 1384 671 iam
1420 626 1598 691 nuptias

118 700 377 747 iudaeorum
407 717 528 747 more
557 700 672 746 inter
699 718 747 747 se
776 700 967 747 inierant
994 699 1088 747 solo
1113 717 1351 748 consensu.
1386 701 1466 749 His
1496 719 1601 750 vero

119 778 208 824 iam
243 776 455 824 consectis
492 776 696 823 Christus
733 776 989 842 supervenit
1023 776 1200 842 sponsis
1234 777 1390 841 utique
1423 777 1602 825 benedi-

118 862 269 903 oturus
299 852 551 917 praesentia
581 870 677 900 sua.
710 852 820 899 Cum
846 869 950 900 vero
974 852 1030 899 ad
1057 852 1222 900 Christi
1249 853 1499 918 exemplum
1531 870 1603 901 sa-

117 928 319 976 cerdotes
354 929 523 993 nuptiis
557 928 846 984 benedicant,
880 946 956 976 eas
993 938 1250 994 supponunt
1284 929 1463 994 praevio
1497 947 1602 977 con-

120 1005 390 1053 trahentium
425 1022 647 1052 consensu
676 1005 791 1052 inter
816 1023 865 1054 se
894 1005 1070 1053 foedere
1099 1005 1285 1071 nuptiali
1321 1006 1596 1054 coniunctos.

216 1081 315 1127 Huc
348 1081 566 1128 accedunt
606 1092 753 1145 patres
790 1081 883 1138 illi,
923 1082 999 1146 qui
1040 1081 1095 1128 de
1130 1081 1385 1145 nuptiarum
1427 1082 1603 1130 foedere

120 1158 429 1205 intellexerunt
467 1157 602 1204 verba
642 1157 842 1222 Apostoli
883 1157 1052 1222 Ephes.
1092 1158 1141 1203 V.
1170 1158 1235 1204 uti
1259 1157 1600 1215 Ambrosiaster,

120 1234 198 1298 qui
218 1234 271 1279 -iu
289 1233 536 1281 Comment.
571 1234 617 1279 in
645 1233 765 1280 hunc
791 1234 958 1281 locum:
987 1254 1007 1278 «
1024 1234 1220 1298 Mysterii
1250 1245 1598 1291 sacramentum,

123 1310 289 1375 inquit,
311 1311 494 1374 quando
517 1312 562 1356 in
586 1312 751 1357 unitate
775 1312 865 1357 viri
884 1329 934 1357 ac
955 1312 1168 1377 saeminae
1192 1328 1292 1358 esse
1318 1311 1555 1374 significat.
1580 1331 1601 1356 »

216 1386 385 1434 Eadem
415 1387 585 1433 ratione
611 1387 815 1434 eumdem
846 1397 1011 1434 textum
1041 1387 1220 1452 exponit
1244 1406 1281 1435 s.
1306 1387 1605 1453 Hieronymus

123 1463 168 1509 in
196 1463 291 1510 suis
311 1462 649 1510 Commentariis
677 1463 732 1509 de
756 1462 877 1509 Adae
905 1473 948 1510 et
966 1463 1114 1511 Hevae
1133 1463 1340 1527 coniugio
1366 1463 1430 1510 uti
1467 1463 1608 1527 figura

122 1540 450 1587 coniunctionis
468 1539 633 1586 Christi
657 1555 758 1586 cum
777 1538 982 1595 ecclesia,
1006 1540 1232 1587 scribens:
1259 1531 1501 1605 «ildipsum
1528 1557 1607 1604 per

125 1616 382 1680 allegoriam
410 1615 456 1661 in
482 1615 660 1664 Christo
684 1616 995 1680 interpretatur
1017 1628 1059 1664 et
1083 1617 1128 1663 in
1157 1616 1366 1673 ecclesia,
1396 1608 1444 1664 ut
1466 1616 1605 1664 Adam

124 1692 374 1748 Christum,
406 1703 449 1739 et
480 1692 604 1740 Heva
633 1693 951 1757 praefiguraret
976 1693 1227 1741 ecclesiam.
1257 1712 1279 1738 »
1308 1694 1358 1739 In
1385 1693 1514 1740 cuius
1544 1694 1606 1741 rei

123 1769 505 1817 confirmationem
547 1769 675 1817 affert
715 1769 972 1833 Gregorium
1019 1770 1336 1817 nazianzenum
1378 1770 1444 1817 sic
1485 1769 1608 1816 Pauli

126 1845 262 1893 verba
301 1846 638 1911 explanantem:
679 1866 700 1892 ι(
728 1847 828 1894 Scio
869 1849 976 1913 quia
1017 1847 1139 1895 locus
1182 1847 1266 1894 iste
1306 1846 1608 1893 ineffabilibus

126 1921 287 1985 plenus
322 1922 380 1969 sit
415 1923 728 1980 sacramentis,
762 1933 806 1970 et
840 1923 1042 1972 divinum
1072 1940 1148 1970 cor
1176 1933 1360 1987 quaerat
1395 1922 1611 1986 interpre-

129 1998 205 2054 tis3
238 2016 320 2062 ego
354 2010 500 2047 autem
534 2017 614 2064 pro
648 2000 891 2065 pusillitate
925 2017 1087 2049 sensus
1117 2000 1227 2055 mei,
1262 2000 1307 2045 in
1336 1998 1514 2046 Christo
1548 1998 1612 2044 in-

130 2075 255 2121 terim
281 2074 391 2121 illud
415 2086 459 2122 et
479 2075 525 2120 in
545 2076 735 2123 ecclesia
760 2076 1099 2140 intelligendum
1121 2086 1244 2140 puto,
1263 2094 1284 2119 »
1306 2074 1426 2139 quod
1452 2091 1612 2139 nempe

128 2150 239 2197 dixit
255 2150 494 2215 Apostolus
519 2150 576 2198 de
600 2151 720 2198 Adae
748 2163 792 2199 ct
819 2153 966 2200 Hevae
990 2151 1219 2215 coniugio;
1243 2152 1443 2216 adeoque
1468 2169 1495 2198 a
1524 2151 1605 2198 for-

130 2226 240 2287 tiori
257 2226 314 2274 de
341 2227 548 2290 coniugio
576 2227 919 2276 christianorum
950 2229 1152 2276 ordinato
1180 2228 1236 2274 ad
1266 2228 1466 2275 eamdem
1485 2227 1612 2274 Chri-

131 2302 186 2349 sti
222 2314 266 2349 et
300 2303 514 2351 ecclesiae
551 2304 904 2352 coniunctionem
947 2304 1311 2368 significandam,
1351 2315 1394 2352 et
1428 2304 1473 2350 in
1514 2322 1614 2369 per—

132 2388 312 2442 petuum
348 2381 785 2445 repraesentandam.

228 2456 290 2503 Ac
322 2457 481 2505 ceteris
514 2458 698 2505 omissis
732 2460 855 2520 (16),
889 2477 926 2506 s.
959 2458 1234 2522 Augustinus
1254 2458 1340 2523 lib.
1375 2459 1408 2504 l.
1442 2459 1503 2504 De
1534 2475 1614 2503 nu-

128 2533 236 2593 ptiis
266 2543 304 2579 et
334 2552 509 2598 concup.
546 2552 584 2581 c.
613 2535 728 2581 XXI.
757 2535 813 2581 de
838 2535 993 2583 eodem
1024 2535 1207 2582 Paulino
1236 2545 1356 2581 textu
1387 2533 1613 2581 disserens

138 2607 220 2654 ait:
252 2628 275 2654 «
297 2609 425 2665 Quod
462 2610 507 2657 in
539 2611 716 2659 Christo
750 2622 794 2658 et
828 2612 871 2657 in
906 2611 1094 2659 ecclesia
1127 2620 1195 2658 est
1220 2627 1430 2674 magnum
1468 2626 1614 2657 sacra-

232 2755 298 2795 (15)
320 2757 451 2789 naeres.
467 2759 596 2790 vau.
613 2759 876 2790 Hieracilarum
895 2767 928 2789 11.
944 2762 994 2789 66.
1012 2758 1063 2789 ed.
1075 2759 1189 2790 Petav.

229 2808 295 2848 (16)
317 2810 417 2848 Quos,
437 2817 513 2841 cum
535 2818 700 2850 ageremus
722 2809 763 2843 de
782 2810 917 2842 veritate
942 2810 1038 2843 huius
1059 2811 1251 2844 sacramenti
1274 2819 1313 2844 ex
1336 2811 1398 2844 hoc
1420 2810 1514 2843 Pauli
1530 2812 1617 2843 textu

136 2860 373 2901 confirmanda,
396 2862 624 2894 recensuimus.
1145 2870 1147 2872 ’

1523 2924 1545 2945 s*
