1912 3180
324 196 412 242 328
582 209 659 239 Lm.
691 207 720 237 1.
750 205 862 238 SECT.
892 205 1063 236 ALTERA.
1095 206 1146 236 ΒΕ
1181 205 1355 237 unam.
1385 206 1524 238 clvm.

323 288 411 333 lum
447 300 630 348 prorsus
665 300 716 329 ac
756 283 926 328 irritum
963 282 1103 330 fuisse
1136 292 1179 328 et
1213 299 1328 330 esse.
1369 282 1587 338 Secundo,
1638 301 1787 333 sacra-

322 371 469 408 mento
491 360 633 422 gratia
660 359 896 406 coniuncta
918 369 1011 413 est,
1041 376 1129 422 qua
1153 356 1290 404 adiuti
1318 358 1473 406 fideles
1499 358 1649 423 plures
1685 377 1789 423 pos·

321 446 424 483 sunt
456 434 741 482 difficultates
767 451 1002 498 superare,
1030 451 1146 498 quae
1170 433 1496 481 matrimonium
1522 435 1790 482 comitantur

321 513 452 576 eique
488 521 592 557 sunt
625 511 805 566 insitae,
833 510 903 556 cui
930 510 967 557 si
994 509 1311 573 obsequantur,
1341 510 1482 558 levius
1505 528 1582 558 eas
1611 511 1783 567 serunt,

322 604 400 634 seu
434 587 653 650 patienter
691 585 910 640 tolerant,
950 602 1029 631 nec
1063 585 1162 631 sine
1202 585 1458 632 meritorum
1493 587 1669 634 foenore
1696 606 1706 640 ;
1746 597 1790 634 at

322 663 366 708 in
402 666 628 709 contractu
663 665 772 727 pure
804 661 947 716 civili,
976 660 1047 707 cui
1072 659 1230 723 religio
1254 665 1321 707 est
1345 662 1526 709 omnino
1559 673 1783 718 extranea,

321 739 576 801 imo'quem
611 737 791 783 damnat
825 753 876 782 ac
910 736 1180 791 detestatur,
1219 753 1307 782 non
1342 747 1411 783 est
1446 737 1566 801 quod
1601 738 1789 801 gratiam

321 829 615 877 quaeramus;
654 812 763 876 quin
800 811 948 875 potius
983 810 1061 874 qui
1098 810 1164 858 sic
1197 811 1488 868 contrahunt,
1519 812 1699 859 divinae
1722 812 1792 859 in-

319 889 565 953 dignationi
600 888 916 942 subiiciuntur,
953 887 1124 950 Deique
1158 887 1271 933 iram
1308 887 1353 933 in
1389 904 1439 934 se
1473 887 1698 935 concitant
1730 888 1788 936 ob

321 965 547 1013 h'abituale
568 970 810 1029 'peccatum
835 963 954 1020 ,cui
989 980 1038 1010 se
1070 963 1283 1027 obligant.
1328 964 1492 1019 Tertio,
1531 964 1608 1029 qui
1643 981 1791 1012 coram

320 1041 509 1089 ecclesia
539 1039 867 1088 matrimonium
902 1039 1190 1095 contrahunt,
1218 1039 1361 1087 edocti
1392 1050 1523 1096 sunt,
1552 1057 1600 1087 se
1625 1041 1669 1087 in
1696 1057 1792 1104 per-

322 1128 502 1181 petuum
538 1116 761 1163 devincire
795 1119 854 1162 ex'
881 1125 1105 1179 comperta
1138 1115 1218 1162 Dei
1260 1115 1486 1163 voluntate
1511 1154 1521 1171 ,
1566 1116 1644 1180 qui
1689 1133 1793 1163 con—

323 1193 465 1240 stituit
493 1192 649 1240 foedus
682 1192 802 1239 istud
837 1209 981 1256 usque
1014 1191 1354 1239 ad‘alterutrius
1387 1193 1591 1255 coniugis
1623 1191 1791 1240 obitum

320 1270 581 1317 duraturum
598 1306 609 1325 ,
637 1268 795 1332 quavis
831 1267 1172 1331 superveniente
1193 1267 1480 1323 difficultate;
1509 1278 1665 1315 contra
1686 1285 1791 1315 vero

320 1345 365 1390 in
401 1331 607 1407 coningio
639 1343 771 1391 unice
804 1342 948 1399 civili,
988 1342 1215 1389 eiusmodi>
1239 1343 1508 1407 perpetuitas
1532 1360 1585 1390 ex
1609 1342 1704 1390 solo
1727 1342 1791 1390 le-

320 1420 544 1483 gislatoris
577 1418 722 1466 civilis
756 1418 1033 1483 beneplacito
1055 1417 1242 1482 pendet;
1271 1418 1377 1483 quia
1402 1435 1562 1483 nempe
1586 1419 1789 1482 regimini

321 1496 502 1560 politico
532 1497 593 1543 ita
622 1495 820 1560 placuit,
858 1495 1032 1542 etiamsi
1068 1505 1318 1542 contractus
1354 1495 1521 1542 nullius
1554 1495 1719 1543 valoris
1743 1496 1790 1541 in

325 1590 374 1619 se
409 1572 482 1619 sit.
511 1572 679 1618 Durum
705 1581 851 1618 autem
875 1570 1154 1634 arduumque
1172 1580 1239 1617 est
1257 1570 1390 1617 nimis
1409 1571 1453 1616 in
1473 1570 1653 1618 casibus
1679 1588 1791 1635 pene

322 1647 568 1695 innumeris
596 1647 850 1712 quempiam
886 1646 962 1693 tali
999 1646 1184 1694 subesse
1219 1646 1459 1694 conditioni
1490 1647 1628 1695 invito
1651 1663 1703 1694 ac
1727 1665 1790 1694 re-

323 1724 515 1771 luctante
549 1724 723 1779 animo,
756 1733 805 1770 ut
832 1722 1024 1787 quisque
1055 1740 1108 1770 ex
1145 1739 1194 1770 se
1229 1722 1479 1787 expendere
1514 1723 1687 1788 poterit.

416 1799 560 1863 Atque
595 1799 680 1846 hoc
713 1798 824 1846 adeo
856 1816 1009 1846 verum
1043 1809 1133 1855 est,
1167 1810 1215 1846 ut
1250 1798 1510 1854 acatholici,
1549 1800 1626 1863 qui
1662 1799 1791 1847 facile

320 1876 432 1922 adeo
465 1875 702 1922 admittunt
746 1875 982 1922 divortium
1006 1913 1016 1931 ,
1061 1875 1235 1922 crimini
1269 1885 1442 1922 vertant
1480 1874 1696 1922 ecclesiae
1728 1875 1792 1921 in-

325 1950 563 1998 flexibilem
597 1951 694 1997 eius
729 1950 974 1998 doctrinam
1004 1951 1060 1998 de
1094 1950 1296 1998 absoluta
1330 1969 1382 1998 ac
1416 1950 1670 1998 omnimoda
1703 1967 1793 1998 ma-

324 2026 515 2073 trimonii
558 2026 979 2083 indissolubilitate,
1017 2026 1139 2073 nulla
1178 2026 1331 2074 habita
1366 2027 1533 2075 ratione
1568 2026 1791 2074 humanae

323 2102 638 2150 imbecillitatis
656 2141 666 2160 ,
694 2113 844 2167 totque
867 2102 1203 2159 difficultatum,
1236 2103 1399 2167 quibus
1435 2103 1654 2170 interdum
1687 2119 1793 2150 con-

322 2181 448 2243 iuges
471 2188 699 2242 urgentur.
729 2178 1183 2243 Pseudo-philosophi
1212 2196 1263 2226 ac
1286 2178 1479 2225 libertini
1505 2179 1622 2225 hanc
1646 2179 1788 2243 ipsam

321 2255 671 2308 accusationem,
706 2271 832 2301 suam
857 2254 1123 2311 effecerunt,
1147 2271 1198 2301 ac
1227 2254 1413 2319 proinde
1435 2251 1577 2317 legem
1603 2254 1789 2301 ferream

318 2331 559 2396 appellant.
601 2332 725 2377 Nunc
768 2348 848 2378 nos
888 2348 986 2377 eam
1020 2331 1065 2376 in
1101 2331 1223 2395 ipsos
1257 2330 1535 2378 adversarios
1566 2330 1792 2394 intorque-

322 2425 447 2465 mus,
481 2418 614 2472 atque
647 2407 708 2454 ita
743 2407 800 2453 ad
835 2408 1044 2454 hominem
1077 2424 1153 2455 eos
1189 2407 1550 2471 perstringimus:
1589 2406 1628 2453 si
1661 2406 1790 2454 vobis

320 2484 584 2540 fatentibus,
613 2501 665 2531 ac
698 2483 1066 2531 contendentibus
1101 2484 1256 2540 etiam,
1294 2482 1508 2530 ecclesiae
1542 2481 1789 2530 catholicae

319 2559 518 2606 doctrina
541 2559 598 2606 de
622 2559 826 2607 absoluta
861 2559 1055 2622 coniugii
1085 2558 1474 2606 indissolubilitate
1498 2557 1611 2605 dura
1633 2575 1685 2605 ac
1710 2558 1792 2606 ser·

320 2650 395 2679 rea
426 2645 518 2691 est,
557 2635 733 2682 etiamsi
775 2634 850 2682 illa
887 2634 949 2680 nil
986 2633 1108 2681 aliud
1151 2633 1318 2682 indicat
1356 2650 1490 2697 quam
1522 2633 1603 2680 Dei
1643 2634 1788 2698 ipsius

317 2708 607 2768 voluntatem;
635 2711 812 2759 etiamsi
838 2711 883 2758 id
909 2711 1007 2776 ipsa
1046 2710 1202 2758 doceat
1235 2710 1291 2757 de
1324 2710 1629 2766 matrimonio,
1664 2710 1784 2774 quod

315 2796 385 2832 est
423 2798 599 2834 vere'et
639 2788 814 2852 proprie
860 2797 1204 2836 sacramentum>
1229 2804 1368 2835 novae
1413 2786 1563 2848 legis3
1607 2786 1783 2834 etiamsi
