1912 3180
315 187 406 234 290
571 200 651 232 un.
682 198 711 230 ι.
742 195 855 230 szc'r.
884 196 1057 229 Ani-nni.
1087 194 1141 229 nn
1164 196 1339 230 mrum.
1369 196 1530 229 ewini.-

313 282 389 347 qui
423 277 716 341 obstringitur
739 277 797 325 iis
821 276 1029 324 omnibus
1063 276 1226 324 officiis
1244 315 1254 333 ,
1282 293 1400 341 quae
1422 276 1480 324 ad
1510 287 1626 325 recte
1659 279 1788 326 insti-

311 366 450 403 tutam
485 346 743 401 societatem
768 352 1011 418 pertinent;
1040 370 1179 418 quare
1203 366 1309 416 ergo
1335 351 1566 417 politicum
1591 353 1789 417 regimen

310 432 393 478 hac
426 430 582 478 eadem
616 430 794 477 fictione
827 424 988 487 utitur,
1028 430 1163 478 immo
1196 447 1300 478 vero
1334 439 1379 476 et
1410 429 1555 476 eidem
1585 429 1795 478 innititur

309 519 536 572 tamquam
570 506 860 555 fundamento
894 507 951 554 ad
987 506 1231 554 sancienda
1265 506 1444 555 foedera
1477 506 1699 571 nuptialia
1732 507 1792 554 ci-

312 583 447 640 vilia,
486 599 604 648 quae
637 600 665 630 a
697 583 793 632 cive
827 583 929 637 iniri
964 600 1016 629 eo
1050 582 1151 647 ipso
1185 593 1443 648 nequeunt,
1492 583 1612 648 quod
1653 583 1789 632 simul

310 659 587 707 christianus
622 658 715 707 sit?
1784 682 1790 688 ·

405 735 536 784 Haud
570 746 718 784 tamen
753 736 867 783 inter
901 752 950 781 se
985 734 1254 798 permiscere
1295 735 1568 784 intendimus
1603 735 1753 784 officia
1775 775 1786 793 ,

308 821 351 858 et
383 811 704 876 obligationes,
735 811 899 876 quibus
925 827 1063 858 unum
1088 810 1300 875 idemque
1333 810 1586 859 subiectum
1609 811 1696 859 sub
1718 812 1790 859 di-

307 905 437 936 verso
471 898 678 954 respectu
712 887 977 935 devincitur.
1018 888 1172 953 Neque
1205 887 1324 935 enim
1358 888 1616 952 ignoramus
1646 927 1655 946 ,
1703 884 1792 937 alia

308 981 409 1013 esse
442 965 592 1013 officia
626 982 679 1012 ac
712 963 890 1021 munia,
924 980 1041 1028 quae
1074 963 1192 1011 idem
1227 963 1360 1012 homo
1394 975 1623 1030 praestare
1657 965 1790 1013 debet

307 1052 439 1105 prout
461 1041 573 1090 civis
597 1051 666 1088 est
687 1078 696 1096 ,
736 1050 779 1087 et
813 1039 902 1087 alia
936 1039 1088 1087 officia
1111 1057 1163 1087 ac
1185 1041 1356 1098 munia,
1385 1042 1442 1089 ad
1466 1058 1584 1106 quae
1617 1051 1791 1089 tenetur

306 1128 354 1165 ut
380 1118 671 1166 christianus.
701 1116 785 1164 Ubi
811 1127 1036 1181 spectetur
1069 1127 1118 1164 ut
1151 1117 1277 1174 talis,
1318 1135 1406 1166 non
1441 1118 1682 1165 abnuimus
1717 1117 1787 1164 di-

308 1194 591 1241 stinctionem
626 1193 742 1240 inter
774 1193 915 1241 civem
950 1203 993 1241 et
1026 1193 1322 1241 christianum
1357 1194 1605 1242 admittere.
1627 1194 1787 1242 Verum

305 1269 427 1317 aliud
461 1280 530 1318 est
560 1269 789 1317 ferendum
816 1269 1054 1327 iudicium,
1082 1270 1263 1335 quando
1286 1270 1432 1333 agitur
1454 1271 1511 1317 de
1535 1270 1787 1319 actionibus

308 1345 423 1393 inter
446 1363 495 1393 se
519 1363 572 1393 ac
596 1356 757 1393 natura
782 1362 864 1393 sua
888 1345 1095 1403 diversis,
1124 1363 1330 1411 quaeque
1364 1345 1540 1411 impleri
1565 1355 1757 1412 possunt
1777 1384 1787 1402 ,

306 1433 384 1469 aut
405 1422 569 1469 debent
601 1422 778 1470 diverso
812 1420 1036 1487 tempore,
1075 1422 1346 1487 diversoque
1379 1423 1490 1480 fine,
1525 1440 1731 1488 quaeque
1764 1440 1791 1470 a

305 1497 482 1545 diverso
516 1492 802 1562 obligationis
836 1498 955 1546 fonte
982 1499 1237 1555 dimanant,
1276 1509 1413 1562 atque
1445 1517 1472 1545 a
1506 1498 1685 1546 diversa
1708 1515 1788 1563 po·

306 1584 465 1621 testate
493 1575 724 1640 proprium
760 1575 832 1621 ius
865 1574 1057 1622 habente
1079 1573 1440 1639 praecipiuntur,
1468 1590 1585 1638 quae
1619 1574 1664 1620 in
1699 1591 1789 1621 uno

305 1649 554 1716 eodemque
588 1650 788 1699 subiecto
821 1651 987 1716 optime
1020 1651 1288 1699 consistunt.
1318 1651 1429 1697 Nam
1463 1650 1641 1698 diversa
1673 1650 1789 1698 obli-

304 1726 424 1790 gatio
447 1727 493 1773 in
518 1727 696 1776 diversa
718 1728 897 1776 caderet
919 1728 1108 1776 obiecta.
1130 1726 1264 1774 Aliud
1287 1744 1392 1774 vero
1415 1737 1506 1784 est,
1529 1743 1630 1774 cum
1654 1727 1788 1774 deveo

308 1803 468 1867 agitur,
492 1804 612 1868 quod
631 1804 676 1850 in
694 1822 785 1852 una
802 1805 1047 1869 eademque
1066 1798 1258 1868 persona
1277 1803 1520 1851 consistere
1538 1803 1792 1850 nullatenus

304 1890 465 1944 potest.
485 1880 535 1927 In
559 1881 705 1945 prima
733 1881 974 1946 hypothesi
999 1881 1201 1928 diversas
1226 1880 1328 1927 illas
1353 1880 1491 1943 leges,
1520 1879 1788 1944 diversaque

306 1956 455 2005 officia
489 1957 696 2022 componi
732 1974 869 2022 posse
901 1974 954 2004 ac
988 1957 1247 2005 harmonice
1280 1957 1397 2004 inter
1430 1974 1480 2004 se
1513 1956 1788 2011 coordinari,

305 2042 442 2098 atque
466 2034 729 2091 consistere,
748 2034 1027 2083 saeculorum
1051 2033 1250 2081 omnium
1275 2033 1548 2098 experientia
1566 2032 1793 2081 evidenter

303 2110 594 2158 demonstrat.
624 2110 808 2158 Plurimi
834 2128 1011 2176 semper
1033 2112 1280 2159 floruerunt
1302 2127 1356 2158 ac
1379 2111 1564 2168 florent,
1592 2109 1669 2175 qui
1694 2127 1787 2157 non

302 2186 454 2235 minus
489 2187 645 2252 optimi
680 2188 823 2246 cives,
863 2180 999 2254 quarn
1039 2188 1195 2254 optimi
1241 2187 1475 2235 christiani
1515 2187 1672 2235 merito
1707 2204 1787 2234 au-

303 2264 453 2321 diunt;
493 2264 652 2330 optimi
688 2281 742 2313 ac
776 2266 945 2313 strenui
980 2266 1119 2313 duces
1141 2303 1151 2319 ,
1192 2263 1464 2328 integerrimi
1502 2264 1790 2325 magistratus

302 2341 480 2388 fuerunt
511 2351 555 2389 et
589 2350 718 2394 sunt,
758 2341 987 2407 iidemque
1020 2341 1269 2389 christiano
1304 2339 1438 2388 simul
1474 2337 1651 2387 nomine
1686 2338 1791 2384 insi-

302 2431 428 2480 gnes.
463 2418 604 2466 Immo
638 2427 682 2465 et
716 2417 855 2475 illud,
894 2418 933 2466 si
970 2418 1118 2474 lubet,
1158 2417 1368 2465 adiiciam
1393 2455 1403 2474 ,
1442 2415 1670 2463 meliorem
1711 2431 1789 2461 ne—

302 2494 466 2542 minem
501 2494 644 2543 civem
679 2493 836 2542 haberi
876 2510 929 2542 eo
967 2510 1124 2559 posse,
1164 2493 1241 2558 qui
1278 2492 1496 2556 religione
1535 2507 1589 2538 ac
1621 2491 1785 2556 pietate

302 2570 499 2628 excellit,
539 2571 761 2619 neminem
792 2570 1036 2618 fideliorem
1060 2570 1144 2632 (4).
1170 2570 1219 2616 In
1245 2569 1383 2617 altera
1411 2584 1516 2616 vero
1546 2567 1785 2633 hypothesi

397 2717 443 2757 (4)
462 2718 559 2751 Nulla
572 2719 678 2752 aetate
691 2719 864 2752 defuerunt
878 2718 940 2751 viri
957 2717 1117 2759 dignitate
1139 2716 1288 2758 principe
1303 2716 1386 2748 inter
1401 2724 1495 2756 suos,
1509 2716 1566 2756 qui
1582 2715 1626 2748 rei
1642 2715 1789 2757 publicae

299 2768 610 2803 administrationem
623 2771 663 2803 ad
679 2772 845 2816 religionis
856 2772 940 2812 leges
951 2771 1137 2812 exegerunt,
1147 2770 1206 2802 hos
1220 2769 1315 2809 inter,
1325 2777 1408 2809 quos
1422 2769 1539 2801 referre
1550 2769 1683 2810 longum
1693 2768 1787 2808 soret,

300 2830 399 2854 unum
410 2824 608 2865 memorabo,
620 2825 677 2865 qui
692 2824 800 2857 civilis
810 2824 908 2858 simui
922 2833 960 2857 ac
973 2823 1168 2856 christianae
1182 2822 1313 2855 virtutis
1326 2822 1487 2863 specimen
1501 2821 1663 2863 singulare
1678 2820 1769 2854 dedit
1779 2845 1787 2859 ‚
