1918 3186
276 156 335 201 24
528 171 607 202 un.
637 171 665 201 1.
695 170 806 201 sncr.
836 169 864 199 ι.
894 167 944 198 ns
978 167 1149 200 mrum.
1179 167 1458 200 SAanunnro.

273 248 436 311 gratiae
461 247 727 294 nubentibus
751 263 778 292 a
803 245 894 291 Deo
921 244 1048 292 'datae
1071 245 1149 299 vel,
1169 245 1343 292 dandae
1379 245 1427 292 fit
1456 245 1618 292 mentio
1654 263 1742 295 una

275 340 375 371 cum
408 340 512 371 voce
551 323 649 386 ipsa
683 322 960 376 sacramenti,
999 320 1067 368 vel
1096 331 1236 368 aetate
1275 321 1374 385 ipsa
1396 332 1583 374 *exarata
1616 332 1740 379 sunt,

275 417 365 463 qua
398 399 542 463 coepit
584 396 948 445 scholasticorum
994 397 1192 461 epocha,
1235 397 1304 445 vel
1350 397 1482 462 paulo
1516 397 1740 445 anteriori.

277 475 396 522 Haec
414 485 559 522 autem
578 491 679 521 cum
698 483 1031 529 asservarentur
1053 473 1098 519 in
1124 472 1331 521 omnibus
1346 473 1553 529 ,ecclesiis
1578 490 1630 520 ac
1652 490 1746 521 mo—

275 551 502 606 nasteriis,
540 560 584 597 et
616 550 775 612 iugiter
808 549 1143 605 adhiberentur,
1189 548 1313 596 nulla
1345 550 1512 597 ratione
1544 559 1749 614 poterant

275 643 301 672 a
328 625 699 673 'scholasticorum
732 624 887 672 notitia
924 624 1129 671 subduci.
1171 625 1326 689 Itaque
1363 625 1637 689 exploratum
1679 636 1748 673 est

276 700 440 765 optime
475 696 1059 766 compertamscholasticis
1093 698 1248 747 fuisse·
1265 717 1413 747 veram
1446 700 1747 760 ecclesiae1de

275 787 550 824 sacramento
584 777 849 824 matrimonii
883 776 1150 831 doctrinam,
1189 776 1297 839 quin
1331 777 1747 841 necesse3ipsis2su-

275 854 356 900 erit
378 853 434 900 ad
458 852 591 909 illam,
615 852 699 899 sibi
733 851 1094 916 comparandam,
1132 868 1356 914 graecam,
1395 863 1474 910 aut,
1493 854 1742 918 syriacam,

275 939 351 976 aut
383 928 658 976 chaldaicam
690 928 886 992 linguam
920 927 1172 985 addiscere,
1210 938 1254 975 et
1286 928 1546 993 euchologia
1569 947 1748 993 graeco-

276 1023 390 1062 rum,
405 1016 480 1052 aut
497 1005 771 1053 orientalium
790 1003 1033 1053 consulere.
1046 1003 1254 1068 Adeoque
1271 1004 1327 1051 ad
1345 1021 1422 1052 eos
1438 1005 1573 1053 veluti
1591 1006 1649 1053 ad
1659 1024 1749 1054 ma-

276 1098 381 1127 num
405 1080 580 1127 devenit
613 1079 809 1128 doctrina
844 1089 1018 1143 patrum
1035 1089 1079 1126 et
1095 1078 1308 1126 ecclesiae
1332 1097 1491 1127 sensus
1514 1092 1558 1128 et
1580 1083 1744 1145 praxis.

322 1192 325 1194 .
349 1172 352 1200 ῑ
373 1157 497 1203 Nunc
519 1155 563 1202 id
589 1157 738 1220 ipsum
771 1155 1092 1203 ostendendum
1126 1166 1194 1202 est
1215 1173 1242 1202 a
1259 1157 1502 1219 posteriori,
1531 1156 1676 1205 allatis
1701 1158 1746 1204 in

276 1231 471 1291 medium
496 1231 660 1296 apertis
684 1231 878 1295 ipsorum
912 1230 1199 1287 testimoniis,
1228 1231 1346 1295 quod
1369 1231 1548 1296 quidem
1572 1231 1656 1279 hoc
1677 1249 1748 1280 or-

274 1307 380 1368 dine
398 1306 745 1372 praestabimus:
769 1307 1066 1354 1.doctrinam
1085 1306 1449 1366 scholasticorum
1467 1308 1584 1355 circa
1602 1319 1748 1372 septe-

272 1383 450 1436 narium
468 1393 840 1442 sacramentorum
864 1399 1094 1430 numerum
1124 1399 1366 1447 eorumque
1390 1393 1593 1443 naturam
1615 1400 1750 1448 expo-

280 1475 456 1506 nemus:
476 1459 518 1504 2.
535 1458 581 1504 in
600 1456 853 1522 particulari
873 1475 924 1504 ac
941 1457 1198 1504 nominatim
1216 1457 1271 1504 de
1289 1457 1530 1506 christiano
1542 1459 1749 1522 ,coniugio

278 1535 329 1594 id,
351 1535 512 1599 ips-um,
526 1534 791 1592 efficiemus;
821 1551 910 1581 non
944 1533 1123 1598 quidem
1146 1534 1342 1581 omnium
1367 1552 1419 1581 ac
1442 1535 1719 1598 singulorum
1734 1574 1744 1592 ,

270 1611 399 1674 quod
429 1610 561 1657 nimis
590 1610 808 1675 prolixum
842 1627 894 1657 ac
928 1609 1082 1658 inutile
1114 1610 1224 1658 soret
1241 1649 1250 1667 ,
1280 1610 1359 1657 sed
1383 1612 1744 1675 praecipuorum,

277 1702 428 1748 eorum
448 1686 707 1749 praesertim
725 1686 807 1750 qui⁴
819 1685 905 1732 hac
925 1686 971 1732 in
988 1703 1035 1733 re
1052 1686 1362 1750 quoquomodo
1375 1704 1514 1734 avero
1528 1686 1749 1735 ablusisse

279 1761 586 1825 per-hibentur,
615 1779 642 1809 a
666 1761 958 1809 scholasticae
991 1761 1244 1826 primordiis
1274 1762 1330 1809 ad
1362 1764 1536 1810 Petrum
1561 1763 1749 1811 Paluda-

280 1854 386 1882 num
420 1854 563 1901 usque
596 1837 848 1884 testimonia
881 1836 1048 1903 aliquot
1080 1838 1275 1901 insignia
1307 1839 1627 1887 describemus.
1657 1839 1750 1886 Hac

277 1911 447 1974 ratione
470 1910 602 1959 veluti
629 1911 686 1959 ob
708 1911 859 1960 oculos
877 1913 923 1959 in
942 1913 1092 1960 tabula
1118 1913 1484 1963 scholasticorum
1507 1915 1749 1963 doctrinam

280 1997 322 2032 et
345 1986 592 2050 traditionis
625 1987 993 2036 continuationem
1023 2006 1050 2036 a
1076 1989 1275 2054 patribus
1305 1990 1539 2038 deductam
1565 1990 1750 2038 habebi-

281 2079 381 2109 mus
413 2079 556 2127 usque
590 2062 646 2109 ad
679 2062 910 2126 dimidium
944 2065 1034 2111 fere
1069 2082 1158 2113 sec.
1187 2066 1295 2111 XIV.
1330 2068 1446 2128 (72).
1700 2120 1702 2123 v

379 2138 532 2202 Itaque
560 2138 728 2201 primus
764 2139 840 2203 qui
876 2157 975 2187 sese
1008 2140 1134 2188 offert
1166 2152 1234 2189 est
1266 2142 1394 2205 Hugo
1427 2160 1453 2189 a
1487 2160 1524 2190 s.
1553 2143 1742 2199 Victore,

282 2213 358 2277 qui
394 2214 635 2277 praecessit
668 2224 808 2262 aetate
842 2233 880 2262 s.
909 2216 1177 2263 Bernardum
1206 2218 1320 2280 (73).
1344 2218 1427 2264 Hic
1450 2234 1578 2281 porro
1600 2218 1645 2264 in
1669 2235 1741 2282 op.

283 2288 494 2353 inscripto
526 2288 796 2337 Eruditionis
836 2292 873 2337 T
873 2291 1108 2356 heoloqicae
1131 2293 1177 2339 in
1201 2304 1324 2341 tract.
1361 2294 1429 2339 IV.
1459 2310 1556 2358 cap.
1591 2294 1626 2339 1.
1660 2295 1749 2357 agit

283 2364 346 2409 De
375 2366 652 2411 sacramentis
676 2367 723 2411 in
744 2367 957 2429 qenerali,
996 2369 1309 2434 constituitque
1341 2387 1392 2416 ea
1427 2380 1594 2434 septem
1627 2386 1742 2424 esse,

283 2440 339 2486 de
371 2440 533 2505 quibus
569 2441 822 2504 singillatim
856 2453 1091 2506 pertractat
1122 2455 1215 2491 tum
1249 2445 1294 2491 in
1329 2445 1412 2492 hoe
1447 2456 1537 2492 tum
1561 2445 1607 2491 in
1630 2445 1747 2494 inse*

284 2517 519 2578 quentibus
552 2517 830 2574 tractatibus,
869 2535 952 2565 nec
986 2536 1074 2566 non
1108 2519 1153 2565 in
1187 2519 1322 2567 altero
1355 2537 1427 2585 op.
1451 2521 1571 2585 quod
1594 2531 1663 2569 est
1685 2522 1747 2568 De

379 2663 445 2704 (72)
467 2664 528 2696 Hic
542 2665 627 2697 enim
645 2665 718 2706 pius
732 2665 928 2707 insignisque
950 2666 1118 2708 theologus
1138 2667 1176 2699 Ο.
1192 2668 1230 2699 P.
1245 2666 1313 2699 vita
1326 2667 1455 2700 functus
1474 2667 1524 2700 est
1544 2675 1596 2699 an.
1615 2670 1702 2701 1342.

377 2715 444 2756 (73)
464 2717 544 2748 Nam
565 2718 658 2757 Hugo
675 2717 862 2751 Victorinus
882 2718 1062 2752 extremum
1086 2718 1172 2752 diem
1197 2719 1313 2752 clausit
1336 2719 1389 2753 die
1408 2724 1456 2754 ιι.
1476 2719 1555 2753 febr.
1571 2728 1623 2753 an.
1644 2718 1746 2760 11‘403

283 2775 309 2799 s.
327 2775 405 2800 vero
425 2768 606 2801 Bet-nardus
626 2769 679 2802 die
693 2774 743 2804 20.
756 2771 881 2812 august.
900 2775 989 2804 1¹53.
