1918 3186
293 148 381 179 CAP.
402 149 431 178 1.
448 148 540 179 ΛΒΤ.
558 148 620 180 ΠΙ.
638 147 690 179 ΒΕ
707 148 844 178 ἾΒΗΙΤ.
862 149 976 180 SAGR.
997 149 1119 181 MATR.
1139 149 1192 199 EX
1209 149 1327 181 TExT.
1344 150 1380 181 S.
1398 151 1531 181 PAULI.
1614 138 1669 182 39

204 226 341 282 illam,
369 244 458 291 qua
481 226 683 273 Christus
717 226 949 274 ecclesiam
985 228 1288 292 prosequitur,
1326 239 1369 274 et
1402 239 1554 275 sancte
1593 247 1672 292 gu-

203 302 380 358 bernat,
408 313 451 348 et
474 302 573 366 ipsa
606 301 794 349 ecclesia
828 302 1004 350 Christo
1037 304 1246 352 adhaeret
1269 322 1347 369 per
1369 304 1518 362 fidem,
1547 319 1672 370 spem

202 388 245 424 et
277 377 535 429 charitatem
552 416 562 433 ‚
601 377 731 442 eique
765 395 844 442 per
875 377 1168 426 obedientiam
1209 380 1457 428 subiicitur.
1495 381 1673 429 Dixerat

201 454 319 500 enim
340 471 383 501 v.
415 454 490 499 25.
524 472 546 498 ε(
562 453 760 501 Ecclesia
784 453 982 501 subiecta
1016 465 1085 501 est
1117 455 1318 504 Christo.
1342 495 1350 502 .
1374 467 1444 503 ,et
1466 456 1671 504 Christus

201 529 354 576 dilexit
395 529 654 582 ecclesiam,
694 540 737 577 et
770 530 968 594 seipsum
1012 530 1192 578 tradidit
1230 549 1310 596 pro
1353 550 1432 589 ea,
1470 543 1520 581 ut
1551 532 1672 581 illam

202 605 517 662 sanctificaret,
538 625 560 650 ι)
589 616 719 669 prout
753 607 786 652 l.
816 606 927 652 Tim.
957 606 1013 652 ΙΙ.
1043 607 1119 652 15.
1150 608 1353 671 scripsit:
1386 608 1674 656 «Salvabitur

203 681 408 743 (mulier)
438 699 517 747 per
550 682 741 729 filiorum
776 682 1101 746 generationem
1130 683 1272 745 (idest
1303 686 1350 730 ι’·ιι
1382 685 1570 749 filiorum
1600 703 1674 748 qe-

198 759 441 820 neratione)
462 797 472 815 ,
501 759 539 806 si
575 759 869 823 permanserit
901 759 947 806 in
981 759 1067 806 fide
1085 795 1095 815 ‚
1123 770 1165 805 et
1197 759 1431 807 dilectione
1448 799 1457 816 ,
1486 772 1529 808 et
1568 779 1673 811 san-

197 834 463 882 ctificatione
495 853 596 882 cum
632 835 869 883 sobrietate
897 837 1044 898 (100).
1066 856 1088 881 ι)
1116 836 1346 884 Eiusmodi
1371 839 1516 883 autem
1540 838 1673 901 spiri-

198 910 331 963 tualis
366 929 446 958 seu
479 911 830 976 supernaturalis
857 911 1036 959 dilectio
1059 922 1101 959 et
1123 911 1317 959 charitas
1342 911 1494 959 haberi
1521 914 1674 977 nequit

196 987 284 1033 nisi
317 1005 396 1051 per
437 988 638 1051 gratiam.
677 987 791 1035 Cum
835 988 968 1051 igitur
999 1006 1052 1035 ex
1083 987 1294 1052 Apostolo
1327 988 1670 1036 christianorum

196 1064 448 1127 coniugium
471 1064 631 1111 debeat
654 1065 700 1111 in
726 1064 895 1112 ratione
929 1064 1044 1128 signi
1078 1064 1351 1129 praeseferre
1381 1064 1546 1112 Christi
1570 1082 1669 1112 cum

195 1139 383 1187 ecclesia
425 1141 633 1188 unionem
669 1158 747 1204 per
788 1140 973 1205 gratiam
991 1178 1001 1196 ‚
1041 1150 1083 1187 et
1116 1140 1231 1187 hanc
1274 1140 1460 1203 gratiam
1494 1140 1552 1187 ad
1587 1141 1670 1188 hoc

193 1234 355 1264 munus
389 1217 656 1281 explendum
690 1206 886 1264 conserat
918 1233 1100 1263 neeesse
1134 1227 1215 1263 est.

286 1293 387 1339 Dixi
422 1294 753 1340 christianorum
786 1293 1053 1355 coniuqium;
1080 1292 1188 1356 quia
1220 1291 1323 1339 licet
1343 1291 1581 1356 Apostolus
1605 1292 1670 1338 al—

192 1370 315 1416 ludat
346 1370 476 1417 etiam
513 1369 568 1416 ad
602 1369 854 1432 coniugium
895 1379 1251 1433 protoparentum
1270 1407 1279 1425 ,
1319 1379 1362 1415 et
1395 1378 1668 1432 posterorum

192 1446 417 1503 omnium,
445 1446 552 1510 quia
585 1456 627 1492 et
661 1444 738 1491 illa
772 1445 976 1508 coniugia
1010 1461 1091 1492 suo
1125 1444 1255 1492 modo
1279 1444 1668 1509 repraesentabant

193 1523 394 1588 suturam*
431 1521 597 1570 Christi
650 1538 750 1569 cum
793 1521 981 1568 ecclesia
1031 1522 1380 1569 coniunctionem
1415 1560 1425 1577 ‚
1479 1532 1667 1569 attamen

191 1614 291 1645 cum
325 1598 520 1646 nondum
555 1608 658 1645 tunc
692 1597 824 1645 fuerit
856 1597 1037 1654 effecta,
1066 1615 1119 1645 ea
1152 1607 1277 1645 erant
1310 1608 1478 1645 tantum
1517 1597 1667 1662 typica

191 1674 410 1739 quaedam
453 1674 825 1739 repraesentatio:
866 1685 912 1721 at
945 1684 1233 1739 posteaquam
1276 1674 1432 1722 effecta
1473 1684 1540 1721 est
1574 1684 1665 1720 tum

191 1750 379 1816 physica
402 1750 529 1797 Verbi
565 1750 671 1798 unio
705 1767 806 1797 cum
839 1749 1035 1797 humana
1059 1760 1239 1807 natura,
1267 1761 1359 1797 tum
1384 1749 1563 1797 moralis
1588 1767 1667 1813 per

193 1826 376 1888 gratiam
391 1844 489 1875 cum
508 1825 696 1874 ecclesia
709 1865 719 1882 ,
742 1826 947 1890 coniugia
963 1826 1306 1874 christianorum
1325 1825 1524 1874 eamdem
1543 1825 1665 1873 unio·

194 1916 293 1947 nem
314 1904 434 1965 siquo
445 1904 637 1967 practico
655 1914 1002 1967 repraesentant.
1021 1902 1281 1950 Praesertim
1306 1919 1405 1949 cum
1432 1919 1483 1948 ea
1507 1901 1665 1948 referat

193 1976 429 2041 Apostolus
463 1979 519 2025 ad
554 1979 828 2027 inducendos
861 1979 1005 2044 fideles
1039 1980 1094 2027 ad
1123 1990 1319 2026 mutuam
1342 1977 1599 2025 charitatem
1623 1987 1664 2024 et

193 2052 472 2100 dilectionem
505 2055 561 2100 ad
594 2055 758 2102 Christi
782 2067 825 2103 et
850 2056 1062 2103 ecclesiae
1093 2066 1373 2120 prototypum
1409 2053 1664 2116 significan-

192 2129 322 2186 dum;
351 2140 394 2176 et
415 2128 499 2176 hac
522 2130 688 2176 ratione
720 2131 854 2178 dixit:
884 2141 1208 2178 sacramentum
1233 2130 1317 2177 hoc
1341 2146 1547 2193 magnum
1572 2140 1656 2183 est,

192 2223 279 2252 non
314 2215 458 2252 autem
492 2206 593 2269 suit.
623 2203 719 2260 Quo
754 2222 889 2252 sensu
915 2223 953 2253 s.
983 2206 1255 2269 Augustinus
1279 2205 1447 2270 passim
1475 2204 1662 2251 affirmat

288 2375 375 2415 (too)
390 2374 470 2407 Heic
487 2374 566 2407 scite
580 2375 753 2407 observant
765 2375 953 2416 interpretes
967 2376 1118 2408 catholici
1135 2383 1210 2408 cum
1224 2376 1438 2414 Bellunum,
1454 2375 1496 2407 ab
1508 2374 1662 2414 Apostolo

190 2427 330 2467 quatuor
354 2426 439 2458 bona
462 2427 644 2459 enumerari
667 2427 865 2460 matrimonii
890 2427 1058 2460 christiani
1079 2428 1191 2460 eontra
1211 2429 1351 2468 quatuor
1372 2427 1473 2465 mala,
1490 2434 1573 2466 quae
1593 2425 1662 2457 sine

189 2479 293 2520 gratia
314 2479 373 2511 Dei
391 2479 424 2511 in
440 2479 646 2512 matrimonio
662 2481 777 2512 evitari
800 2489 866 2513 uon
889 2482 1036 2521 possunt.
1053 2481 1197 2512 Primum
1219 2483 1267 2512 est
1284 2480 1424 2519 malum,
1447 2487 1513 2510 non
1532 2486 1660 2510 servare

188 2531 329 2573 coniugii
345 2531 452 2564 fidem.
464 2532 667 2573 Secundum,
684 2532 796 2564 odium
811 2534 844 2564 et
858 2533 965 2572 rixae,
983 2541 1068 2573 quae
1083 2532 1220 2565 subinde
1234 2533 1316 2564 inter
1331 2531 1481 2571 coniuges
1498 2530 1657 2562 oriuntur.

190 2583 355 2625 Tertium,
371 2584 578 2616 immunditia
593 2584 754 2625 quaedam
766 2586 798 2616 et
809 2584 978 2626 turpitudo
992 2594 1031 2616 ex
1048 2584 1220 2617 rebellione
1235 2582 1462 2615 membrorum.
1479 2583 1639 2620 Quartum
1649 2606 1657 2620 ,

191 2635 446 2678 intemperantia
466 2637 525 2670 His
546 2637 667 2670 Paulus
682 2637 820 2679 opponit
839 2637 936 2670 fidem
950 2662 960 2679 ‚
982 2638 1205 2676 dilectionem,
1227 2635 1510 2668 sanctificationem
1526 2659 1535 2675 ,
1558 2637 1591 2667 et
1610 2644 1659 2666 so-

191 2687 377 2730 briennum,
394 2691 430 2722 in
449 2690 567 2731 quibus
590 2690 840 2731 permanendum
861 2699 930 2722 esse
951 2690 1048 2730 dicit,
1071 2692 1237 2729 tamquam
1257 2688 1408 2721 videlieet
1428 2690 1465 2721 in
1487 2690 1562 2729 ipsa
1583 2696 1653 2719 ma·

193 2742 344 2774 trimonii
360 2742 587 2776 celebratione
608 2744 759 2785 acceptis.
