1912 3180
338 165 426 209 242
596 177 673 207 mn.
705 175 733 205 1.
763 173 876 205 sacr.
906 173 1076 205 Auram.
1107 173 1158 204 nn
1194 173 1367 205 numu.
1397 173 1539 205 civm.

340 257 425 302 nisi
449 270 625 300 manum
650 252 707 299 ob
730 251 907 307 damni,
940 250 1147 297 infamiae
1171 267 1427 315 poenaeque
1461 251 1683 307 timorem,
1721 255 1795 317 qui

338 331 450 377 male
480 338 657 391 agentes
692 327 747 373 ab
781 344 912 391 opere
946 336 1115 374 co'ercet
1133 364 1142 382 ,
1180 326 1258 372 sed
1289 328 1615 390 perversitatem
1646 327 1800 374 volun-

337 406 438 452 tatis
466 421 553 451 non
577 404 832 460 emendant,
865 403 1064 467 adeoque
1088 401 1219 448 simul
1239 419 1290 448 ac
1308 402 1498 467 propitia
1526 420 1574 449 se
1600 420 1648 450 se
1673 404 1801 451 offert

336 498 474 535 ansa,
519 479 638 526 illico
675 480 730 525 ad
767 496 948 542 pravum
982 495 1094 542 opus
1129 478 1367 524 deveniunt
1405 479 1521 540 (43).

430 556 474 601 Si
510 554 694 619 proinde
731 554 883 617 religio
917 555 961 600 in
997 553 1224 599 hominum
1259 553 1478 600 mentibus
1515 554 1763 602 infirmetur
1785 594 1794 611 ,

335 632 591 694 languescat
612 641 654 677 et
677 640 871 695 torpeat,
895 630 955 675 ita
978 639 1026 675 ut
1049 628 1286 675 salutarem
1312 629 1547 685 inssuxum,
1572 647 1702 694 quem
1722 648 1801 695 per

335 724 384 753 se
417 706 698 772 produceret,
735 704 910 752 nonnisi
946 720 1076 766 aegre
1109 714 1280 759 exerat,
1307 713 1350 751 et
1375 703 1609 751 collidatur
1634 722 1661 751 a
1689 723 1800 769 qua-

333 782 435 830 dam
466 781 782 837 indifferentia,
821 790 896 826 aut
929 788 1097 826 secreto
1132 778 1452 827 incredulitatis
1485 779 1666 836 morbo,
1705 798 1801 844 pro-

334 859 446 906 fecto
478 858 560 906 hos
599 858 801 905 homines
834 855 949 902 male
981 855 1163 902 affectos
1196 854 1269 902 vix
1298 871 1349 902 ac
1373 872 1430 901 ne
1452 856 1525 903 vix
1549 855 1731 920 quidem
1754 857 1800 904 in

333 934 480 982 officio
522 932 778 982 continebit.
818 931 952 978 Multo
994 947 1098 978 vero
1138 930 1279 994 magis
1325 930 1475 994 inepta
1509 948 1561 978 ac
1594 932 1799 980 inefficax

334 1010 514 1058 omnino
547 1009 699 1072 religio
734 1008 809 1055 fiet
840 1008 896 1054 ad
919 1007 1009 1055 vim
1036 1025 1163 1054 suam
1193 1007 1457 1054 exerendam
1491 1007 1537 1053 in
1571 1007 1800 1055 hominum

333 1085 483 1142 corda,
510 1085 585 1132 ubi
611 1085 686 1131 illa
710 1084 925 1140 extincta,
958 1094 1034 1131 aut
1067 1083 1350 1131 intermortua
1381 1083 1532 1140 fuerit,
1569 1094 1702 1148 atque
1734 1085 1802 1130 in-

332 1161 593 1217 credulitas,
630 1161 763 1208 immo
789 1170 832 1207 et
857 1160 992 1207 animi
1029 1160 1202 1207 aversio
1225 1177 1251 1207 a
1275 1159 1487 1223 religione
1515 1161 1795 1208 successerit.

333 1237 469 1284 Cuius
488 1237 550 1284 rei
569 1237 868 1285 testimonium
887 1236 1104 1284 habemus
1123 1236 1453 1301 experientiam,
1476 1254 1591 1300 quae
1609 1237 1802 1301 practica

332 1323 400 1359 est
432 1312 724 1359 humanorum
748 1322 982 1359 eventuum
1006 1311 1233 1375 magistra.
1265 1312 1374 1358 Cum
1404 1311 1623 1359 eiusmodi
1659 1311 1802 1359 homi-

332 1387 466 1434 nibus
500 1388 725 1451 religionis
759 1398 990 1452 praecepta
1031 1387 1316 1452 proposueris
1341 1387 1409 1435 sin
1435 1387 1582 1435 minus
1606 1388 1802 1435 irascan-

334 1473 434 1519 tur,
472 1464 654 1511 irrident
687 1464 842 1511 saltem
877 1474 1008 1528 atque
1042 1474 1341 1511 contemnunt.

427 1540 519 1587 Iam
547 1558 650 1588 vero
673 1541 718 1587 in
743 1540 1022 1604 praecedenti
1052 1540 1236 1587 articulo
1270 1540 1570 1596 ostendimus,
1600 1541 1638 1587 si
1668 1558 1802 1605 quos-

330 1616 433 1663 dam
455 1616 662 1680 deceptos
691 1617 802 1664 forte
834 1616 1087 1680 exceperis,
1118 1634 1211 1673 eos,
1241 1616 1316 1680 qui
1346 1616 1487 1679 legem
1519 1616 1713 1680 coniugii
1738 1617 1801 1664 ci-

329 1691 431 1739 vilis
468 1703 718 1757 proponunt
752 1693 1038 1740 sanciendam
1062 1730 1072 1748 ,
1112 1692 1315 1739 homines
1359 1692 1630 1755 irreligiosos
1666 1710 1797 1747 esse,

331 1777 463 1832 atque
505 1768 720 1815 ccclesiae
758 1768 1002 1816 catholicae
1042 1768 1319 1815 adversarios
1353 1778 1396 1815 et
1427 1768 1605 1824 hostes,
1645 1785 1801 1832 nempe

329 1843 461 1890 unice
482 1860 612 1890 verae
635 1843 862 1906 religionis
886 1861 1055 1892 osores.
1085 1843 1372 1891 Ostendimus
1399 1854 1646 1907 praeterea,
1672 1853 1801 1908 quot—

328 1929 435 1983 quot
467 1919 550 1967 sub
579 1920 691 1982 legis
721 1919 864 1967 civilis
889 1919 1071 1967 obtentu
1098 1937 1150 1967 ac
1180 1920 1423 1984 patrocinio
1456 1919 1674 1967 eiusmodi
1711 1919 1799 1966 lar-

328 2003 428 2041 vata
451 1995 604 2042 ineunt
633 1995 854 2043 connubia
872 1995 928 2042 ad
948 1995 1245 2042 exclusionem
1272 2005 1521 2043 contractus
1549 2013 1801 2043 sacramen-

328 2069 455 2127 talis,
493 2071 570 2135 qui
605 2089 683 2135 per
715 2071 947 2119 ecclesiam
981 2071 1110 2118 unice
1135 2071 1322 2119 obtineri
1352 2082 1517 2137 potest,
1547 2071 1727 2118 totidem
1751 2071 1801 2118 li-

322 2145 523 2193 bertinos
546 2164 668 2204 esse,
696 2146 1052 2212 depravataeque
1084 2147 1382 2195 conscientiae
1414 2149 1533 2195 viros
1557 2164 1610 2194 ac
1633 2147 1799 2194 nullius

328 2220 582 2284 religionis,
619 2222 819 2286 alioquin
854 2222 937 2270 hac
970 2222 1090 2270 civili
1124 2222 1322 2271 libertate
1357 2241 1444 2270 non
1478 2232 1718 2270 uterentur.

424 2298 576 2362 ltaque
603 2297 758 2363 paucis
792 2298 1055 2346 concludere
1089 2309 1182 2346 tuto
1217 2316 1449 2363 possemus
1466 2335 1476 2355 ‚
1515 2315 1591 2345 eos
1623 2314 1796 2344 omnem

328 2373 554 2436 religionis
589 2391 771 2421 sensum
817 2375 1112 2439 deposuisse,
1158 2392 1240 2422 nec
1282 2375 1423 2422 ullum
1465 2373 1702 2422 salutarem
1736 2372 1799 2420 ef—

327 2449 485 2496 fectum
516 2450 562 2496 in
597 2450 782 2497 istorum
823 2450 957 2498 corda
984 2468 1012 2497 a
1041 2451 1255 2513 religione
1295 2451 1536 2515 profluere,
1581 2449 1675 2496 sive
1719 2449 1797 2513 qui

328 2524 468 2587 legem
503 2537 778 2590 proponunt,
808 2527 1084 2592 scienterque
1111 2537 1297 2589 urgent,
1334 2526 1429 2574 sive
1452 2525 1530 2591 qui
1555 2542 1604 2573 se
1627 2526 1667 2573 ei
1692 2542 1797 2573 con-

328 2599 546 2658 formant,
587 2602 631 2649 in
669 2602 896 2665 religionis
931 2602 1204 2650 christianae
1244 2601 1502 2666 conspirare
1536 2601 1790 2666 perniciem.

420 2765 485 2804 (43)
506 2767 555 2798 Cf.
575 2767 709 2800 ›Roberti
730 2769 762 2800 in
785 2777 837 2809 op.
859 2768 959 2801 Delta
974 2767 1115 2809 promea
1131 2767 1307 2801 naturale.
