1912 3180
353 180 441 225 370
616 191 694 224 un.
725 192 754 222 1.
783 189 897 222 sacr.
925 189 1096 222 mam.
1126 190 1178 222 ns
1202 190 1373 222 numu.
1405 191 1545 223 civim.

446 270 578 318 Multo
595 286 698 316 vero
716 268 864 315 minus
884 279 1029 333 potest
1044 285 1146 316 esse
1163 268 1274 332 legis
1293 268 1503 332 obligatio
1527 269 1574 315 in
1598 270 1816 320 eiusmodi

350 347 625 411 separatione
657 362 765 408 erga
801 355 980 392 statum.
1018 344 1250 401 Quomodo
1283 345 1401 392 enim
1435 346 1553 393 serio
1596 345 1818 394 affirmare

348 423 450 488 quis
483 438 621 468 ausus
655 421 716 468 sit
748 420 863 484 legis
897 437 998 468 esse
1032 419 1349 484 obligationem
1372 421 1629 469 vindicandi
1655 431 1818 469 statum

348 499 404 545 ab
427 497 638 553 ecclesia,
667 515 693 544 a
728 496 969 561 religione,
1008 514 1036 543 a
1070 496 1198 544 Deo?
1222 496 1308 552 Qui
1344 498 1405 544 ita
1438 498 1663 554 sentiunt,
1691 508 1735 546 et
1759 499 1819 546 ef·

348 575 511 622 {utiunt
534 574 579 621 in
604 573 796 639 publicis
830 574 1025 622 comitiis
1050 590 1100 621 se
1125 572 1273 638 palam
1306 572 1588 638 populorum,
1610 591 1637 621 a
1653 574 1819 639 quibus

347 650 543 714 delegari
578 650 800 707 dicuntur,
829 650 1076 715 proditores
1098 649 1404 714 imprudenter
1435 650 1748 707 manifestant,
1775 662 1819 699 et

348 728 595 793 proditores
619 738 759 776 status
783 728 860 793 qui
879 765 889 783 ‚
918 743 1018 774 cum
1042 725 1263 791 profunde
1284 726 1531 775 catholicus
1550 727 1634 783 sit,
1654 737 1704 775 ut
1721 727 1819 792 ipse

347 816 495 854 orator
525 806 708 862 fatetur,
737 821 818 852 nec
840 803 934 850 vult
966 820 1049 851 nec
1083 803 1258 868 quaerit
1288 803 1471 869 impiam
1505 804 1726 851 eiusmodi
1749 804 1818 852 in-

347 881 710 947 dependenfiam,
739 881 828 927 imo
852 879 909 926 ab
932 896 985 926 ea
1009 879 1195 943 refugit,
1228 890 1273 927 et
1303 879 1527 927 abhorret.
1562 880 1692 936 Quod
1716 897 1816 928 cum

347 974 477 1021 aegre
518 957 658 1004 ferant
704 953 1064 1021 pseudo-politici
1094 993 1103 1011 ‚
1153 954 1260 1002 hinc
1305 955 1538 1003 machinas
1583 955 1820 1004 admovent

346 1051 525 1090 omnes,
564 1043 613 1079 ut
645 1042 808 1080 statum
842 1049 895 1078 ex
928 1030 1146 1079 catholico
1180 1031 1476 1079 acatholicum
1511 1031 1738 1089 efficiant,
1777 1032 1814 1080 si

346 1108 526 1173 quidem
560 1107 605 1154 id
642 1107 735 1154 fieri
772 1117 939 1170 posset.
979 1106 1107 1162 Quod
1143 1107 1180 1154 si
1212 1106 1296 1154 hoc
1322 1124 1409 1155 non
1434 1107 1493 1155 sit
1514 1107 1818 1172 imprudenter

346 1194 508 1230 statum
542 1182 749 1247 prodere,
783 1182 891 1247 quid
919 1181 978 1229 sit
1010 1181 1183 1238 fallere,
1212 1183 1397 1248 prodere
1426 1201 1478 1230 ac
1501 1183 1707 1247 decipere
1746 1201 1816 1230 me

346 1276 454 1307 sane
477 1259 649 1307 nescire
674 1258 896 1323 profiteor.
923 1258 1068 1323 Atque
1091 1259 1202 1307 haec
1226 1259 1403 1324 publice
1426 1260 1709 1325 proferuntur
1731 1260 1816 1307 sub

345 1337 530 1392 Statuto,
558 1336 605 1382 in
630 1335 759 1383 cuius
777 1335 919 1400 primo
937 1335 1124 1383 articulo
1145 1337 1239 1383 sola
1262 1337 1416 1400 reliqio
1450 1337 1684 1391 catholica,
1713 1355 1817 1401 apo-

343 1412 495 1459 stolica
538 1429 716 1459 romana
737 1449 748 1467 ,
788 1411 940 1475 reliqio
972 1421 1111 1459 status
1144 1412 1402 1460 solemniter
1434 1412 1715 1461 declaratur!

439 1489 626 1535 Demum
650 1526 660 1544 ‚
699 1488 776 1553 qui
812 1487 924 1535 adeo
954 1487 1132 1535 solliciti
1176 1499 1279 1535 sunt
1312 1506 1392 1552 pro
1426 1498 1567 1536 status
1602 1489 1815 1554 indepen-

342 1636 532 1669 nistratione
552 1645 662 1668 eorum
675 1660 685 1675 ,
707 1643 792 1676 quae
809 1635 850 1667 ad
870 1635 1134 1667 sustentationem
1150 1635 1330 1668 necessaria
1347 1636 1424 1667 sunt
1444 1636 1601 1669 ministris
1622 1636 1730 1669 cultus
1745 1638 1756 1677 (
1770 1636 1814 1669 ib.

344 1696 415 1729 pag.
430 1692 479 1719 15.
495 1687 646 1728 lin.1(3.);
664 1687 810 1728 adeoque
823 1711 832 1728 ,
853 1687 940 1728 quod
963 1687 1053 1719 nulla
1079 1687 1128 1719 lex
1152 1689 1208 1719 aut
1231 1688 1431 1720 consuetudo
1446 1689 1662 1721 ecclesiastica
1676 1689 1818 1721 valorem

343 1739 462 1772 habeat
473 1764 483 1780 ,
499 1748 601 1780 quum
622 1739 721 1771 deleri
737 1747 776 1771 ac
788 1739 953 1771 immutari
972 1739 1102 1780 possita
1112 1739 1256 1781 principe
1269 1739 1301 1771 vi
1317 1740 1421 1780 regiae
1433 1748 1510 1773 suae
1525 1741 1695 1781 potestatis
1707 1765 1716 1782 ,
1735 1741 1814 1782 quin

343 1793 407 1824 alio
419 1792 554 1826 consilio
565 1792 706 1833 indigeat
715 1794 841 1834 praeter
851 1793 1020 1833 rationem,
1031 1802 1086 1825 seu
1098 1793 1296 1825 voluntatem
1307 1802 1401 1825 suam
1411 1793 1468 1830 (ib.
1477 1802 1509 1834 p.
1521 1797 1569 1826 17.
1579 1793 1636 1826 lin.
1645 1799 1682 1827 61
1695 1795 1813 1835 seq.).n

439 1846 507 1877 Hae
522 1844 610 1886 ipsae
624 1845 792 1877 doctrinae
805 1845 968 1886 copiosius
987 1845 1202 1886 ampliorique
1219 1845 1367 1878 claritate
1380 1846 1545 1887 expositae
1557 1847 1633 1878 sunt
1646 1845 1679 1877 in
1691 1846 1817 1887 prolixo

341 1906 439 1938 opere
454 1897 506 1929 cui
520 1897 572 1929 tit.
589 1896 758 1938 Dialoqus
773 1898 866 1929 inter
885 1896 1098 1938 discipulum
1113 1900 1146 1930 et
1163 1900 1374 1939 maqistrum
1396 1897 1505 1939 (apud
1519 1897 1668 1931 Goldasti
1685 1901 1734 1931 De
1745 1907 1814 1931 mo-

344 1949 492 1983 narchia
515 1951 597 1982 tom.
612 1951 653 1982 11.
669 1959 742 1992 pag.
761 1954 819 1983 396
832 1958 923 1991 seqq.
940 1950 951 1990 )
970 1952 1007 1983 in
1028 1952 1104 1983 octo
1123 1952 1367 1992 quaestionum
1388 1951 1574 1983 decisiones
1595 1959 1701 1992 super
1720 1953 1812 1992 pote·

341 2004 432 2035 state
445 2004 577 2035 summi
593 2002 773 2044 Pontificis
792 2002 882 2044 (loc.
898 2003 954 2036 cit.
970 2012 1042 2044 pag.
1059 2008 1117 2036 313
1139 2012 1230 2044 seqq.
1246 2003 1258 2044 )
1278 2004 1310 2036 et
1330 2004 1364 2036 in
1383 2004 1484 2036 altera
1504 2006 1554 2036 De
1575 2003 1814 2038 iurisdictione

342 2056 561 2097 imperatoris
576 2057 613 2088 in
631 2057 746 2089 causis
764 2056 1095 2089 matrimonialibus.
1114 2057 1149 2088 In
1164 2056 1226 2088 hoc
1238 2056 1409 2097 posteriori
1431 2058 1571 2089 tractatu
1593 2056 1814 2090 demonstrare

342 2107 458 2140 nititur
468 2132 478 2148 ,
493 2109 638 2149 spectare
650 2108 691 2141 ad
705 2108 933 2150 imperatorem
944 2133 954 2150 ‚
976 2110 1089 2150 utpote
1103 2118 1320 2142 successorem
1333 2109 1367 2141 in
1381 2109 1505 2142 iuribus
1521 2110 1645 2151 imperii
1660 2113 1811 2149 romani,

342 2159 598 2201 dispensationes
611 2160 786 2193 concedere
800 2161 834 2193 in
849 2161 977 2194 casibus
992 2160 1316 2202 consanguineitatis,
1331 2162 1483 2202 quamvis
1496 2162 1674 2194 contrarias
1689 2162 1814 2204 legibus

342 2211 531 2252 pontificum
544 2213 577 2244 et
587 2211 749 2245 ecclesiae.
763 2214 799 2244 in
808 2212 923 2245 eodem
937 2214 1075 2245 tractatu
1091 2213 1232 2245 affirmat
1246 2221 1358 2245 causas
1372 2213 1557 2254 spirituales
1570 2214 1603 2246 et
1613 2217 1814 2247 sacramenta

339 2264 452 2306 aliqua
477 2264 602 2298 ratione
625 2265 786 2306 pertinere
808 2265 850 2298 ad
873 2265 977 2307 regias
992 2267 1025 2298 et
1039 2265 1222 2308 imperiales
1244 2265 1487 2306 attributiones,
1509 2267 1697 2307 praesertim
1712 2267 1746 2299 in
1761 2267 1813 2308 iis,

343 2325 427 2357 quae
443 2319 590 2359 spectant
603 2318 644 2350 ad
657 2320 803 2360 tempora
814 2343 824 2359 ,
843 2318 885 2351 ad
902 2318 1026 2351 cultum
1039 2343 1049 2359 ‚
1063 2318 1105 2351 ad
1121 2319 1285 2352 ministros
1298 2320 1361 2351 etc.
1375 2320 1577 2360 Quapropter
1592 2319 1649 2360 qui
1670 2319 1810 2360 primum

343 2370 515 2403 constituit
537 2371 771 2412 separationem
786 2370 968 2404 absolutam
982 2371 1122 2404 duarum
1136 2372 1352 2413 potestatum,
1368 2370 1478 2404 intulit
1497 2371 1741 2413 dependentiam
1757 2372 1812 2414 po-

343 2423 467 2455 testatis
487 2423 665 2464 spiritualis
678 2432 698 2456 a
715 2424 875 2465 potestate
891 2424 1062 2466 temporali
1091 2433 1193 2465 usque
1214 2424 1256 2456 ad
1279 2423 1438 2457 iudicium
1456 2426 1489 2456 et
1509 2423 1755 2466 depositionem,
1773 2434 1811 2458 ex

341 2477 431 2515 parte
450 2475 675 2518 imperatoris,
698 2477 865 2510 Pontificis
887 2477 1018 2516 summi,
1043 2477 1100 2518 qui
1119 2477 1287 2510 haereseos
1307 2477 1398 2510 iuxta
1419 2477 1525 2518 ipsum
1546 2476 1644 2509 suerit
1658 2485 1742 2510 reus.
1757 2478 1807 2510 Cf.

343 2527 534 2560 nominatim
559 2528 695 2570 Dialoq.
713 2537 746 2571 p.
762 2531 820 2562 111.
835 2538 864 2562 c.
887 2533 934 2562 17.
947 2538 1020 2571 pag.
1034 2532 1093 2562 947
1116 2538 1207 2571 seqq.
1226 2529 1323 2568 Quod
1338 2529 1470 2571 quidem
1489 2529 1684 2571 principium
1703 2531 1812 2563 evolu-

342 2581 413 2611 tum
426 2580 518 2621 plene
532 2580 627 2614 suita
638 2582 783 2615 Marsilio
802 2583 958 2616 Patavina
973 2584 1006 2614 in
1022 2591 1075 2624 op.
1093 2582 1263 2623 Defensor
1275 2585 1387 2625 pacis.
1404 2582 1486 2615 ibid.
1503 2585 1582 2615 tom.
1599 2584 1639 2615 11.

440 2634 488 2664 En
508 2635 729 2676 promptuaria
749 2644 789 2668 ex
808 2635 927 2677 quibus
941 2635 1059 2669 deinde
1073 2636 1242 2678 regalistae
1255 2644 1367 2669 omnes
1379 2637 1412 2668 et
1426 2636 1633 2677 separatistae
1646 2635 1809 2670 doctrinas

341 2691 415 2716 suas
436 2683 623 2719 hauserunt.

438 2738 539 2771 Porro
560 2740 669 2772 omnia
690 2741 770 2775 haec
789 2750 888 2783 opera
904 2751 979 2775 cum
995 2742 1063 2775 suis
1077 2742 1265 2775 auctoribus
1282 2742 1461 2784 proscripta
1481 2744 1558 2776 sunt
1572 2744 1604 2775 et
1619 2743 1652 2774 in
1669 2742 1808 2776 indicem

344 2788 525 2822 contectum
542 2790 629 2824 iussu
643 2792 771 2825 concilii
786 2793 953 2827 tridentini
971 2794 1080 2826 relata.
