1918 3186
330 214 389 259 '14
592 228 671 260 un.
700 229 729 259 1.
758 226 870 258 secr.
898 227 928 257 ι.
958 227 1010 258 mi
1033 227 1206 259 unam.
1237 228 1518 260 Sinniussu'ro.

328 322 409 352 cus
441 303 548 351 Klee
583 304 698 365 (59),
739 313 783 349 et
812 303 990 351 Vernier
1027 306 1144 366 (60),
1177 315 1220 352 et
1258 305 1311 351 D.
1343 304 1561 362 Carriere,
1595 307 1672 370 qui
1705 308 1785 355 etsi

329 380 468 427 neutri
487 379 726 426 sententiae
749 377 966 426 calculum
991 397 1120 428 suum
1143 380 1345 437 adiiciat,
1368 380 1596 445 profitetur
1617 391 1783 440 tamen,

328 455 445 519 quod
468 454 508 501 si
531 454 757 501 ferendum
791 453 877 501 sibi
913 455 1126 503 iudicium
1154 456 1333 520 aliquod
1361 467 1499 513 esset,
1528 474 1609 503 sua
1631 457 1791 505 faceret

325 530 461 578 verba
475 529 659 576 celebris
677 529 867 594 theologi
882 529 1183 579 Lieberman-n.
1204 532 1345 579 Verba
1361 550 1489 597 porro
1502 526 1790 580 Liebermann

327 605 384 652 ab
405 605 503 670 ipso
525 604 659 652 relata
681 604 790 653 haec
813 616 940 653 sunt:
972 627 994 652 «
1009 607 1211 654 Liberum
1237 618 1306 655 est
1337 608 1519 654 cuilibet
1541 608 1663 655 illam
1687 625 1791 656 sen-

326 679 504 727 tentiam
529 680 682 744 sequi,
708 697 841 745 quam
875 682 972 746 ipse
998 691 1120 746 putat
1146 682 1383 739 veriorem,
1410 693 1484 730 aut
1508 683 1672 730 nullam
1697 700 1792 731 am-

328 754 483 820 plecti,
525 771 624 802 eum
664 773 738 803 res
775 756 822 802 in
859 756 1005 803 medio
1039 755 1190 802 relicta
1222 757 1281 804 sit
1312 757 1369 804 ab
1402 757 1605 805 ecclesia.
1645 757 1792 806 Liceat

327 840 473 877 tamen
487 868 499 886 ,
528 829 635 895 quid
658 830 704 876 in
727 831 811 878 hae
832 830 1128 878 controversia
1155 831 1270 877 mihi
1299 830 1520 889 videatur,
1550 833 1649 880 sine
1669 834 1791 880 omni

327 906 605 954 contentione
642 906 828 954 edicere.
863 906 1004 953 Habet
1037 906 1145 953 Cani
1180 907 1397 954 sententia
1437 908 1578 972 primo
1611 918 1793 972 aspectu

328 981 496 1046 aliquid
510 1020 521 1038 ‚
547 982 665 1047 quod
687 999 783 1029 eam
806 981 1102 1038 commendet;
1127 992 1428 1030 verumtamen
1451 982 1490 1030 si
1514 999 1585 1030 res
1607 983 1792 1048 propius

328 1057 638 1122 perspiciatur,
666 1067 708 1105 et
730 1068 986 1121 argumenta
1007 1058 1107 1105 sine
1127 1058 1425 1123 praeiudicata
1457 1059 1666 1123 opinione
1687 1075 1794 1124 pon-

330 1133 561 1190 derentur,
598 1134 736 1181 fateor
765 1151 836 1181 me
868 1134 1013 1197 magis
1035 1134 1083 1180 in
1106 1134 1352 1199 oppositam
1377 1135 1638 1183 sententiam
1665 1133 1793 1181 incli-

329 1226 434 1256 nare
453 1210 603 1271 (61).»
625 1210 691 1256 Ita
711 1210 891 1274 quidem
915 1209 1226 1267 Liebermann,
1257 1211 1333 1275 qui
1369 1221 1592 1275 praeterea
1624 1209 1791 1258 ibidem

330 1283 517 1332 adiecit:
544 1284 768 1332 «Diffiteri
801 1302 890 1334 non
922 1302 1159 1350 possumus
1193 1285 1298 1332 huic
1330 1285 1529 1350 opinioni
1558 1284 1714 1347 (Cani)
1743 1301 1794 1332 se

328 1359 584 1408 adiunxisse
622 1378 775 1409 omnes
809 1361 1135 1409 ecclesiasticae
1167 1361 1394 1426 potestatis
1428 1377 1601 1417 osores,
1638 1377 1794 1409 omnes

326 1436 406 1500 qui
439 1436 633 1484 Iansenii
667 1447 829 1484 sectam
863 1437 1000 1484 secuti
1035 1448 1159 1494 sunt,
1189 1448 1264 1484 aut
1291 1437 1551 1484 ianseniano
1579 1437 1793 1485 fermento

329 1511 581 1573 turgebant,
620 1529 772 1559 omnes
806 1513 883 1577 qui
918 1529 966 1560 se
999 1513 1216 1559 curiarum
1251 1512 1448 1559 civilium
1482 1511 1682 1576 partibus
1716 1510 1797 1558 ad-

329 1585 554 1643 dixerunt,
581 1598 656 1634 aut
678 1604 855 1652 quoquo
877 1587 1008 1635 modo
1031 1598 1325 1639 assentatores
1349 1588 1450 1634 sacti
1470 1597 1574 1635 sunt
1590 1586 1796 1652 politicae

331 1662 572 1726 potestatis.
596 1663 807 1710 Nolumus
840 1672 987 1710 tamen
1019 1648 1115 1719 hi‘s,
1148 1680 1262 1728 quae
1295 1663 1352 1710 ab
1385 1664 1628 1710 extrinseco
1662 1662 1797 1727 petita

329 1748 434 1785 sunt
454 1776 465 1795 ‚
512 1738 721 1786 maiorem
753 1739 842 1787 vim
878 1738 1091 1795 tribuere,
1129 1755 1263 1803 quam
1297 1748 1492 1804 oportet,
1532 1755 1677 1802 neque
1712 1738 1790 1793 iis,

329 1815 408 1878 qui
447 1814 562 1863 bono
596 1832 650 1862 ac
688 1816 861 1863 sincero
900 1815 1050 1863 animo
1083 1815 1198 1862 hanc
1231 1816 1484 1880 opinionem
1524 1823 1793 1878 sequuntur,

330 1890 500 1955 aliquid
524 1891 802 1939 detrahere.»
825 1892 999 1940 Fatetur
1020 1892 1244 1957 siquidem
1272 1911 1295 1936 c<
1309 1891 1491 1956 reperiri
1515 1890 1634 1937 viros
1658 1889 1798 1936 incor-

333 1966 485 2031 ruptae
515 1968 696 2015 omnino
730 1968 858 2025 fidei,
894 1984 946 2015 ac
978 1968 1098 2015 nulla
1130 1967 1247 2014 mala
1279 1968 1533 2032 suspicione
1566 1981 1791 2030 asperso&

334 2043 379 2088 in
403 2043 493 2091 illis
517 2043 742 2109 inprimis
771 2044 1045 2108 regionibus,
1073 2043 1149 2091 ubi
1173 2054 1365 2109 potestas
1389 2043 1567 2108 politica
1589 2040 1797 2088 libentius

334 2119 380 2165 in
399 2120 494 2166 iura
511 2121 721 2169 ecclesiae
744 2121 927 2177 invehit,
951 2121 1114 2186 quibus
1134 2121 1278 2168 visum
1305 2130 1371 2168 est
1394 2120 1479 2166 hac
1502 2119 1669 2166 ratione
1693 2116 1795 2162 faei-

332 2195 419 2242 lius
442 2197 641 2244 extricari
665 2215 797 2262 posse
819 2197 978 2245 multas
1002 2196 1306 2253 difficultates,
1336 2196 1500 2261 quibus
1523 2211 1684 2242 causae
1707 2212 1798 2242 ma-

331 2271 600 2319 trimoniales
635 2272 804 2320 ultimis
838 2273 965 2320 hisce
997 2272 1161 2320 seculis
1194 2271 1443 2337 implicatae
1475 2280 1578 2318 sunt
1595 2271 1744 2331 (62).»

427 2447 491 2487 (59)
514 2449 551 2479 In
565 2456 618 2488 op.
636 2456 734 2488 germ.
753 2450 802 2479 De
814 2449 1036 2479 *matrimonio
1054 2447 1259 2488 disquisitio.
1277 2447 1461 2487 Moguutiae
1478 2449 1567 2477 1833.
1582 2453 1655 2485 pag.
1671 2449 1722 2476 65.

428 2499 492 2539 (60)
513 2501 550 2531 In
571 2508 623 2540 op.
644 2499 797 2540 Theoloq.
812 2500 927 2540 praet.
945 2507 977 2530 n.
995 2503 1066 2531 820.
1088 2500 1138 2529 De
1164 2498 1200 2530 la
1215 2498 1443 2538 jurisdiction
1464 2496 1508 2529 de
1531 2495 1657 2536 l'eqlise
1678 2504 1741 2527 sur
1764 2496 1795 2527 le

332 2554 485 2593 mariaqe
501 2560 568 2593 par
591 2561 641 2585 un
656 2553 777 2584 ancien
796 2550 1080 2592 vicacre-yeneral
1094 2551 1147 2582 ch.
1163 2552 1204 2582 11.
1220 2558 1293 2591 pag.
1309 2552 1360 2582 24.

429 2604 492 2644 (61)
512 2606 551 2637 D.
569 2605 714 2637 Carriere
734 2606 784 2636 De
803 2605 1035 2636 matrimonia
1054 2602 1143 2635 Paris
1167 2605 1256 2635 1837.
1278 2603 1358 2634 tom.
1375 2604 1401 2633 Ι.
1421 2610 1492 2642 cap.
1509 2602 1566 2632 111.
1581 2599 1612 2641 §.
1629 2605 1659 2633 2.
1675 2608 1708 2631 n.
1726 2603 1795 2632 144.

335 2656 458 2688 Exinde
480 2659 568 2698 patet
589 2667 653 2690 non
674 2657 752 2690 satis
773 2658 920 2689 accurate
939 2656 1143 2697 Roskowany
1158 2655 1193 2687 in
1209 2664 1263 2696 op.
1279 2655 1335 2687 eit.
1352 2654 1382 2696 §.
1401 2659 1451 2687 28.
1467 2655 1535 2686 not.
1554 2658 1622 2686 152.
1637 2653 1801 2694 scripsisse

335 2709 542 2742 Liebermann
561 2711 767 2752 propendisse
783 2710 830 2743 ad
849 2710 949 2743 illam
969 2709 1011 2742 de
1031 2708 1205 2742 sacerdote
1227 2717 1298 2751 qua
1310 2709 1471 2741 ministro
1490 2708 1705 2740 matrimonii
1730 2715 1799 2738 am·

331 2761 549 2802 plectendam
576 2764 780 2796 sententiam.

430 2815 494 2854 (62)
513 2816 670 2848 Institut.
690 2816 843 2857 Theoloq.
855 2818 933 2849 tom.
948 2817 988 2847 V.
1001 2823 1072 2856 pag.
1090 2817 1147 2846 ³57
1165 2823 1254 2854 seqq.
