1918 3186
368 230 459 262 cAr.
487 229 545 262 w.
574 229 628 261 nr:
662 227 796 261 mser.
827 228 977 262 coma.
1009 230 1058 262 m·
1092 229 1207 262 snm.
1236 229 1328 262 Anr.
1358 228 1387 261 1.
1524 215 1613 260 185

145 318 424 355 sacramento
451 307 769 364 eucharistiae,
798 309 1129 356 consecratione
1161 318 1339 374 peracta
1355 346 1365 365 ,
1392 319 1621 356 remanent

145 384 321 449 species
354 394 663 440 consecratae,
696 400 812 448 quae
844 393 947 431 sunt
974 384 1225 448 symbolum
1249 383 1461 432 sensibile
1483 394 1617 449 atque

143 471 372 508 externum
402 460 563 507 interni
594 459 789 507 alimenti
822 459 1069 524 spiritualis
1095 463 1178 523 (9).
1206 461 1298 508 Iam
1319 477 1424 509 vero
1442 498 1452 517 ,
1481 460 1520 508 si
1544 477 1618 508 sa-

145 547 418 584 cramentum
443 536 637 599 coniugii
670 536 953 592 consisteret,
982 547 1059 583 aut
1080 537 1376 602 requireretur
1397 537 1443 583 in
1467 554 1514 584 re
1537 535 1620 584 ali-

142 629 233 676 qua
255 629 283 659 a
306 610 528 674 coniugali
553 611 717 659 unione
740 611 949 659 distincta
963 649 973 668 ,
1002 621 1225 659 transacta
1245 612 1381 660 semel
1405 612 1484 660 illa
1506 629 1618 677 qua-

140 687 366 753 licumque
395 688 668 744 ceremonia,
701 688 747 734 in
781 705 871 753 qua
901 688 1024 735 iuxta
1046 687 1325 736 adversarios
1357 688 1619 736 consisteret

140 763 277 811 totius
310 764 574 812 sacramenti
611 764 722 812 ratio
739 802 749 821 ,
789 763 903 811 nihil
938 763 1256 813 sacramentale
1279 764 1326 811 in
1354 764 1431 812 illa
1452 764 1617 813 unione

140 851 471 904 perseveraret,
506 857 622 905 quae
652 840 769 888 facta
796 839 957 888 fuisset
988 857 1069 905 per
1091 850 1363 888 contractum
1386 841 1565 906 penitus
1589 857 1616 888 a

141 927 420 964 sacramento
444 916 705 964 distinctum
723 954 734 973 ,
767 926 902 981 atque
924 915 1195 973 seiunctum,
1227 926 1272 964 et
1297 916 1343 962 in
1373 933 1506 981 quem
1524 954 1534 973 ,
1567 926 1619 964 ut

139 991 435 1048 contenditur,
460 991 631 1039 nullum
658 992 875 1039 inssuxum
901 1001 1224 1040 sacramentum
1249 1002 1438 1049 exercet,
1466 1001 1618 1057 utpote

139 1068 259 1133 quod
284 1068 547 1116 consisteret
570 1078 741 1116 tantum
765 1068 812 1115 in
838 1078 938 1116 actu
972 1078 1240 1125 transeunte,
1279 1086 1367 1117 non
1399 1078 1548 1116 autem
1569 1068 1616 1115 in

140 1153 257 1191 statu
275 1153 567 1208 permanente.
587 1143 805 1200 Quocirca
828 1155 1105 1208 permaneret
1129 1144 1174 1191 in
1199 1155 1315 1191 statu
1339 1161 1422 1193 suo
1445 1154 1488 1192 et
1510 1161 1616 1193 con-

142 1219 312 1267 ditione
342 1230 594 1268 contractus
626 1237 747 1268 mere
779 1220 995 1269 naturalis
1027 1231 1160 1287 atque
1186 1220 1358 1277 civilis,
1396 1238 1526 1269 secus
1563 1238 1616 1268 ac

139 1295 372 1344 christiani
396 1296 607 1344 connubii
632 1307 790 1344 natura
812 1314 865 1344 ex
887 1296 1019 1345 dictis
1043 1296 1250 1362 postulet.
1270 1296 1398 1352 Quod
1422 1297 1615 1362 profecto

140 1389 271 1420 nemo
300 1371 619 1420 catholicorum
650 1372 782 1420 dicet.

234 1446 290 1495 At
314 1458 510 1513 praestat
532 1448 577 1495 id
602 1449 749 1514 ipsum
773 1448 1127 1496 adversariorum
1152 1448 1313 1513 agendi
1341 1449 1510 1497 ratione
1540 1449 1616 1495 fir-

140 1523 259 1571 mius
296 1524 522 1572 constitui.
560 1524 670 1571 Cum
705 1523 824 1571 enim
859 1524 1002 1589 Nuytz
1046 1542 1203 1589 urgere
1246 1524 1407 1572 realem
1447 1524 1618 1572 eiusce-

137 1599 258 1647 modi
293 1599 625 1648 distinctionem
664 1600 780 1647 inter
820 1610 1094 1648 contractum
1129 1610 1174 1648 et
1212 1610 1535 1649 sacramentum
1568 1601 1615 1648 in

137 1676 357 1740 coniugiis
384 1675 728 1724 christianorum
757 1675 844 1723 sibi
873 1676 1197 1742 proposuisset,
1231 1676 1293 1724 ita
1319 1686 1369 1724 ut
1396 1676 1507 1724 ratio
1540 1693 1614 1724 sa-

136 1752 347 1800 cramenti
380 1751 562 1800 accedat
594 1762 821 1818 tamquam
855 1752 912 1800 ab
947 1753 1194 1800 extrinseco
1227 1753 1283 1800 ad
1318 1769 1608 1809 consensum,

138 1828 317 1892 negavit
339 1828 565 1877 Christum
595 1829 797 1877 evexisse
825 1830 1153 1878 matrimonium
1177 1829 1235 1876 ad
1259 1829 1517 1892 dignitatem
1541 1846 1614 1876 sa-

139 1906 352 1952 cramenti
385 1908 501 1969 (10).
527 1907 661 1954 Porro
684 1906 759 1953 hic
787 1918 941 1956 auctor
964 1924 1051 1954 non
1076 1905 1251 1970 negavit
1283 1904 1613 1953 matrimonium

137 1999 274 2029 unum
299 1998 400 2030 esse
422 2000 475 2031 ex
500 1994 668 2047 septem
692 1981 907 2031 ecclesiae
937 1981 1225 2032 sacramentis
1245 1999 1271 2028 a
1288 1980 1464 2028 Christo
1486 1979 1615 2027 insti-

139 2058 245 2106 tutis
263 2096 273 2114 ,
312 2058 431 2123 quod
465 2058 737 2107 haereticum
772 2069 892 2107 esset
909 2097 920 2116 ,
958 2059 1038 2107 sed
1064 2076 1115 2106 eo
1140 2074 1275 2106 sensu
1299 2056 1525 2104 inficiatus
1547 2065 1617 2104 est

137 2135 363 2183 Christum
388 2135 589 2182 evexisse
611 2135 942 2184 matrimonium
960 2136 1018 2183 ad
1037 2135 1297 2199 dignitatem
1326 2132 1608 2190 sacramenti,

137 2222 357 2278 quatenus
381 2221 653 2260 contractum
689 2212 835 2277 ipsum
871 2212 1115 2260 naturalem
1150 2228 1230 2258 seu
1263 2210 1437 2258 civilem
1461 2208 1613 2256 fecerit

139 2300 491 2345 sacramentum,
529 2289 569 2336 ei
604 2289 695 2336 vim
730 2288 928 2336 tribuens
962 2286 1273 2353 producendae
1306 2286 1473 2349 gratiae
1505 2302 1612 2332 con—

137 2365 418 2413 trahentibus
453 2365 499 2411 in
534 2375 635 2413 actu
670 2365 768 2430 ipso
790 2403 800 2421 ‚
838 2375 882 2412 et
915 2382 994 2430 per
1026 2374 1171 2411 actum
1206 2361 1528 2418 contrahendi,
1565 2371 1615 2409 ut

137 2441 298 2489 deinde
321 2452 715 2506 argumentaretur,
739 2441 953 2489 rationem
973 2439 1236 2488 sacramenti
1261 2438 1348 2504 ipsi
1372 2437 1613 2486 contractui

137 2517 182 2564 in
215 2535 316 2566 esse
349 2535 431 2566 suo
465 2518 554 2566 iam
589 2518 828 2566 constituto
862 2535 940 2583 per
971 2516 1326 2564 benedictionem
1367 2513 1613 2562 sacerdotis

138 2595 369 2652 accedere,
401 2605 445 2643 et
478 2594 545 2642 sic
579 2594 766 2642 alterum
795 2593 853 2642 ab
881 2593 1016 2640 altero
1046 2591 1353 2655 distingueret.
1382 2590 1438 2637 Et
1465 2589 1613 2656 reipsa

136 2686 190 2717 ex
234 2669 319 2719 hoc
361 2670 582 2736 principio
622 2671 765 2735 Nuytz
810 2669 895 2717 hoc
938 2678 1166 2732 tamquam
1210 2665 1488 2716 corollarium
1532 2664 1611 2713 de·-

236 2795 282 2835 (9)
306 2797 353 2827 De
369 2796 475 2827 matr.
491 2803 562 2835 cap.
578 2796 637 2826 vl.

229 2846 294 2888 (ιο)
315 2847 393 2880 Eius
406 2847 642 2890 propositiones
657 2856 676 2880 a
691 2846 750 2880 Pio
764 2847 817 2880 lx.
836 2846 967 2879 notatas
983 2845 1133 2886 superius
1151 2843 1312 2878 dedimus.
