1918 3186
241 221 328 252 CAP.
352 221 392 250 V.
418 220 467 250 1)ss
493 219 646 252 mmlsr.
669 217 872 249 coNTnAu.
896 218 987 249 ΛΒΤ.
1011 219 1057 250 11.
1079 217 1173 249 ΔΒΕ.
1202 216 1433 248 ΤΒΑΜΤΙΟΝ.
1508 201 1598 247 139

146 297 354 360 theologi,
381 297 458 361 qui
473 295 750 344 *contendunt
779 295 1047 342 matrimonii
1083 304 1404 343 sacramentum
1433 310 1470 340 a.
1490 293 1601 340 solis

146 372 504 421 contrahentibus
522 372 690 436 perfici,
706 370 904 435 adeoque
920 372 1100 419 eosdem
1120 371 1239 420 solos
1256 387 1356 418 esse
1373 369 1518 434 ipsius
1535 387 1605 417 sa-

146 449 355 496 cramenti
373 448 598 494 ministros
617 457 872 510 argumenta
890 458 1117 511 promunt,
1136 447 1301 511 quibus
1320 446 1365 492 id
1383 445 1600 493 evincant.

148 526 235 572 Nos
247 541 347 571 cum
360 524 472 587 ipsis
487 523 596 570 haec
609 523 863 586 singillatim
876 523 1125 578 afferemus,
1137 534 1270 587 atque
1280 521 1582 586 expendemus
1591 560 1600 567 .

241 599 384 662 Atque
406 616 432 645 a
457 598 656 662 patribus
690 598 964 645 exordientes
989 598 1045 644 ad
1068 615 1218 645 eorum
1242 615 1495 661 germanam
1522 596 1605 643 hac

148 675 193 720 in
210 675 509 722 controversia
525 685 715 721 mentem
734 674 1058 738 assequendam
1077 673 1465 720 animadvertimus
1484 672 1604 719 haud

147 767 249 798 esse
279 750 337 797 ab
369 750 424 797 iis
459 750 750 814 expetendum
785 750 904 815 quod
950 759 1151 797 asserant
1193 749 1416 813 conceptis
1457 748 1606 796 verbis

149 826 456 874 contrahentes
480 843 580 874 esse
597 826 828 873 christiani
847 826 1039 889 coniugii
1062 825 1360 872 administros.
1379 825 1607 889 Siquidem

150 920 293 968 neque
324 903 415 960 illi,
450 903 527 967 qui
553 903 817 950 contrariam
842 913 1065 949 sectantur
1088 901 1372 957 sententiam,
1401 911 1609 964 expetunt

150 989 199 1026 ut
230 990 375 1043 patres
413 979 628 1026 affirment
668 978 918 1025 ministrum
953 975 1279 1041 coniugii'esse
1312 977 1600 1024 sacerdotem.

152 1055 322 1102 Etenim
363 1055 605 1102 absurdum
639 1054 748 1101 soret
779 1072 832 1101 ea
865 1065 1006 1101 aetate
1026 1092 1036 1110 ,
1074 1071 1161 1118 qua
1197 1054 1394 1100 nondum
1438 1053 1607 1100 invecta

152 1141 277 1177 erant
302 1130 517 1178 vocabula
538 1132 741 1176 materiae
756 1167 766 1184 ,
801 1131 961 1194 formae
976 1167 987 1183 ‚
1023 1128 1215 1176 ministri
1237 1139 1607 1176 sacramentorum

151 1223 203 1253 eo
226 1223 378 1262 sensu,
402 1223 490 1270 quo
515 1222 631 1252 nunc
656 1206 864 1270 temporis
890 1215 1181 1269 usurpantur,
1203 1204 1248 1251 id
1266 1216 1508 1268 expectare.
1531 1205 1611 1251 Sa-

152 1282 209 1329 tis
238 1282 422 1346 proinde
449 1282 531 1329 erit
558 1282 791 1329 nonnullos
816 1298 1007 1328 canones
1032 1291 1237 1337 statuere,
1264 1297 1317 1327 ex
1340 1280 1505 1344 quibus
1529 1282 1612 1328 rite

153 1358 327 1406 illorum
358 1375 482 1405 mens
511 1357 595 1405 hac
628 1357 673 1403 in
707 1375 754 1404 re
786 1356 1058 1421 deprehendi
1092 1357 1248 1420 possit.

248 1434 304 1480 Hi
338 1451 468 1498 porro
501 1451 692 1481 canones
736 1443 869 1480 sunt:
911 1434 955 1478 1.
985 1433 1101 1479 Satis
1135 1450 1220 1480 non
1254 1450 1354 1480 esse
1393 1433 1613 1480 adducere

154 1520 317 1574 patres,
344 1510 421 1574 qui
446 1510 709 1557 mentionem
742 1509 943 1555 iniiciant
974 1508 1260 1556 sacerdotalis
1293 1508 1612 1557 benedictionis

154 1586 199 1631 in
232 1584 523 1632 celebratione
564 1584 758 1647 coniugii
803 1583 1027 1640 fidelium,
1064 1595 1114 1631 ut
1145 1584 1262 1630 enim
1296 1584 1526 1649 quidpiam
1559 1602 1611 1631 ex

155 1660 226 1708 his
259 1660 573 1716 conficeretur,
607 1677 790 1708 necesse
821 1660 955 1716 foret,
988 1671 1037 1707 ut
1065 1661 1152 1724 ipsi
1187 1671 1413 1724 praeterea
1441 1677 1613 1708 assere-

157 1747 252 1784 rent
283 1736 453 1783 nullum
487 1754 539 1784 ac
558 1737 816 1784 invalidum
843 1754 944 1784 esse
973 1736 1238 1784 connubium
1272 1736 1611 1784 christianorum

157 1823 249 1858 tum
277 1812 362 1859 sub
391 1813 559 1860 ratione
590 1822 840 1860 contractus
856 1850 868 1869 ,
898 1823 990 1860 tum
1018 1812 1300 1864 subratione
1329 1811 1609 1867 sacramenti,

160 1887 198 1935 si
230 1888 446 1936 eiusmodi
481 1889 728 1936 benedictio
755 1905 1036 1953 quacumque
1067 1887 1123 1934 de
1158 1904 1294 1934 causa
1317 1904 1405 1934 non
1429 1887 1614 1934 habere-

160 1974 244 2010 tur.
267 1963 360 2011 Hac
380 1965 561 2011 enimin
577 1965 837 2030 hypothesi,
859 1965 1028 2012 nullum
1045 1964 1228 2011 dubium
1253 1980 1488 2028 superesse
1511 1981 1615 2027 pos-

160 2050 248 2095 set,
276 2050 422 2103 patres
444 2040 792 2108 benedictionem
818 2040 1130 2088 sacerdotalem
1155 2039 1366 2086 habuisse
1389 2050 1613 2104 tamquam

158 2131 339 2161 causam
387 2115 666 2162 essentialem
687 2154 698 2171 ‚
743 2116 1094 2179 efficientemque
1137 2115 1413 2162 sacramenti.
1453 2115 1615 2162 Contra

159 2207 262 2237 vero
285 2189 323 2236 si
347 2208 400 2237 ea
422 2190 638 2246 habeant,
665 2191 828 2254 quibus
853 2191 1048 2238 indicent
1081 2190 1323 2238 subsistere
1346 2190 1614 2238 connubium

161 2264 450 2312 christianum
468 2303 478 2320 ,
505 2265 676 2313 etiamsi
704 2265 815 2312 haec
840 2265 1088 2313 benedictio
1111 2265 1321 2313 desuerit:
1343 2266 1491 2313 hocin
1508 2283 1613 2314 casu

163 2340 325 2405 pariter
357 2351 522 2388 certum
549 2341 658 2388 soret
685 2340 783 2388 illos
811 2358 896 2388 non
923 2352 1149 2405 spectasse
1180 2342 1529 2389 benedictionem
1551 2343 1614 2390 uti

164 2427 330 2480 partem
364 2417 644 2464 essentialem
678 2417 964 2472 sacramenti,
991 2434 1071 2464 nec
1101 2427 1331 2482 propterea
1366 2418 1616 2465 sacerdotes

164 2492 227 2539 uti
258 2492 457 2540 eiusdem
490 2493 750 2540 sacramenti
779 2492 1004 2540 ministros
1021 2531 1031 2549 ,
1059 2493 1412 2558 quibuscumque
1439 2493 1614 2541 demum

165 2568 409 2631 praeconiis
441 2568 560 2616 illam
591 2569 938 2616 benedictionem
970 2569 1232 2627 extulerint,
1271 2580 1314 2617 et
1346 2570 1619 2617 commenda—

164 2643 321 2690 verint.
342 2643 635 2692 Ostendemus
670 2656 814 2692 autem
844 2660 925 2692 suo
947 2644 1062 2701 loce,
1099 2644 1219 2692 iuxta
1252 2655 1425 2709 patrum
1454 2645 1618 2693 doctri—

168 2734 293 2774 nam,
331 2736 464 2766 unam
498 2721 784 2785 eamdemque
818 2737 907 2766 rem
942 2738 1040 2767 esse
1071 2721 1113 2767 in
1146 2721 1350 2784 coniugio
1377 2721 1618 2769 christiano

166 2803 431 2841 contractum
464 2806 507 2842 et
539 2807 873 2844 sacramentum.
