1918 3186
288 208 378 239 CAP.
406 207 471 239 111.
499 206 552 238 lm
575 205 785 238 mmsrno.
803 207 895 237 Aur.
920 207 982 238 111.
1005 205 1164 238 Anauni
1183 203 1454 237 TRBOLOGICA.
1543 188 1601 233 89

139 285 468 333 matrimonium
501 284 599 331 sine
632 282 874 330 sacerdotis
909 283 1154 332 interventu
1185 282 1369 330 minime
1401 297 1502 329 esse
1535 297 1607 328 sa-

140 362 378 409 cramentis
411 359 757 415 accensendum,
795 358 931 424 idque
964 370 1147 407 conatur
1178 359 1379 407 evincere
1411 367 1504 405 tum
1539 373 1609 404 ar-

139 431 360 500 gumentis
394 454 421 483 a
455 436 645 491 ratione,
691 444 783 481 tum
817 452 844 481 a
876 435 1167 491 testimoniis,
1204 444 1296 482 tum
1331 433 1524 498 denique
1556 449 1609 480 ex

141 519 512 560 sacramentorum
546 520 702 557 natura
733 509 1021 575 depromptis.

234 589 720 642 Sane'sacramentum‚
748 596 797 632 ut
819 586 915 633 eius
940 595 1096 633 natura
1119 585 1336 650 postulat,
1364 602 1452 635 non
1476 583 1609 632 modo

141 663 318 726 signum
346 662 503 709 efficax
537 661 705 724 gratiae
738 678 838 709 esse
871 661 1027 718 debet,
1065 661 1145 708 sed
1179 671 1403 726 praeterea
1431 660 1609 724 signum

138 755 313 786 sacrum
346 737 603 801 religionis3
631 736 717 784 tale
741 753 870 802 porro
903 753 992 784 non
1025 746 1092 784 est
1124 746 1302 784 mutuus
1334 736 1419 784 viri
1444 753 1496 783 ac
1518 753 1611 783 mu-

140 813 264 862 lieris
297 831 563 870 consensus,
598 812 678 861 sed
711 813 1039 861 matrimonium
1073 812 1255 878 profane
1287 822 1574 860 contractum.

238 890 425 955 Insuper
446 907 499 936 ex
526 889 758 936 florentino
792 889 981 937 concilio
1009 898 1282 937 sacramenta
1303 888 1453 936 omnia
1475 904 1614 936 novae

142 965 254 1030 legis
290 966 427 1012 tribas
454 965 760 1030 perficiuntur,
798 964 1027 1022 videlicet,
1063 965 1189 1012 rebus
1223 975 1443 1029 tamquam
1479 974 1613 1012 mate-

140 1043 236 1097 ria,
273 1042 415 1088 verbis
451 1051 668 1105 tamquam
698 1041 859 1105 somna,
888 1051 928 1087 et
944 1058 1129 1105 persona
1145 1041 1337 1088 ministri
1357 1041 1611 1106 conserentis

141 1127 470 1165 sacramentum.
499 1118 593 1164 Iam
614 1134 718 1164 vero
743 1117 789 1163 in
812 1117 1114 1174 matrimonio,
1137 1116 1194 1164 de
1209 1133 1297 1182 quo
1320 1117 1488 1180 agitur,
1516 1116 1615 1164 nul-

146 1194 217 1242 lus
241 1203 309 1242 est
331 1193 594 1242 sacramenti
619 1193 842 1241 minister:
865 1193 1033 1240 nullum
1056 1210 1160 1257 ergo
1182 1203 1250 1241 est
1272 1203 1609 1243 sacramentum.

144 1271 234 1318 Nec
275 1270 394 1317 enim
440 1269 651 1317 audiendi
686 1280 790 1317 sunt
822 1270 899 1334 qui
935 1280 1090 1334 putant
1121 1270 1265 1318 virum
1299 1286 1352 1317 ac
1383 1269 1614 1318 mulierem

144 1363 244 1394 esse
276 1362 410 1411 posse
443 1345 530 1393 sibi
565 1345 755 1393 invicem
788 1345 1032 1393 ministros.

239 1423 489 1478 Praeterea,
515 1421 585 1469 vel
609 1421 805 1486 ipsorum
835 1421 1034 1468 fidelium
1059 1422 1241 1470 insitum
1264 1422 1428 1470 animis
1451 1431 1521 1469 est
1543 1438 1615 1470 ne-

144 1513 369 1562 quaquam
404 1514 453 1544 se
485 1514 585 1544 esse
618 1496 880 1560 sacrilegos,
909 1497 947 1544 si
973 1498 1019 1543 in
1043 1508 1160 1545 statu
1187 1498 1354 1562 gratiae
1387 1515 1475 1546 non
1510 1508 1614 1546 sunt

147 1590 201 1620 eo
235 1583 454 1638 tempore,
482 1589 571 1638 quo
594 1573 660 1620 sic
683 1573 866 1637 profane
899 1574 1185 1631 contrahunt;
1213 1574 1333 1639 quod
1357 1591 1465 1622 sane
1498 1574 1617 1621 indi-

146 1650 263 1696 cium
297 1659 365 1697 est
396 1665 472 1696 eos
507 1665 587 1696 ceu
621 1659 943 1696 sacramentum
978 1660 1247 1698 contractum
1278 1650 1403 1698 illum
1431 1650 1615 1699 minime

147 1725 326 1773 habere.

239 1801 307 1848 Ad
341 1801 476 1859 haec,
515 1802 787 1866 Augustinus
821 1804 867 1850 in
909 1804 1039 1870 epist.
1075 1804 1132 1851 ad
1164 1804 1450 1852 Bonifacium
1485 1802 1619 1850 tradit

150 1887 346 1941 oportere
369 1895 439 1926 res
463 1878 587 1944 ipsas
612 1895 845 1943 corporeas
859 1918 870 1937 ,
896 1880 1059 1946 quibus
1083 1890 1358 1928 sacramenta
1387 1888 1611 1936 constant,

152 1952 386 2015 imaginem
408 1964 452 2002 et
474 1954 811 2002 similitudinem
835 1974 987 2019 gerere
1009 1957 1106 2004 eius
1131 1956 1510 2012 sanctificationis,
1538 1972 1617 2003 cu-

152 2027 222 2074 ius
258 2028 386 2091 signa
407 2039 450 2076 et
472 2047 632 2078 causae
654 2048 755 2079 esse
784 2031 1011 2090 dicuntur,
1039 2043 1086 2080 ut
1107 2031 1273 2079 ablutio
1297 2032 1344 2077 in
1366 2031 1587 2096 baptismo
1601 2069 1613 2089 ,

153 2103 330 2151 refectio
363 2105 624 2168 spiritualis,
652 2125 785 2172 quam
809 2108 1002 2156 referunt
1035 2109 1164 2173 panis
1188 2124 1239 2155 ac
1260 2108 1353 2155 vini
1385 2107 1613 2173 symbola;

153 2179 480 2227 matrimonium
526 2191 671 2228 autem
713 2183 968 2231 huiusmodi
1012 2184 1143 2231 civile
1181 2194 1224 2231 et
1263 2183 1494 2249 profanum
1536 2201 1618 2232 nec

152 2256 516 2304 sanctificationis
541 2257 779 2321 imaginem
802 2260 935 2322 gerit,
959 2277 1040 2307 nec
1063 2260 1120 2307 ad
1144 2261 1509 2308 sanctificandum
1534 2261 1618 2309 sub

150 2331 341 2396 quadam
386 2333 613 2381 exterioris
658 2335 902 2384 sanctitatis
942 2336 1090 2401 specie
1132 2336 1390 2394 exhibetur;
1430 2354 1517 2385 non
1551 2346 1620 2386 est

152 2408 300 2473 itaque
335 2410 513 2474 proprie
546 2421 886 2459 sacramentum.

245 2485 475 2533 Praeterea
508 2503 631 2534 conc.
664 2487 946 2535 florentinum
982 2488 1109 2536 docet
1152 2489 1301 2536 omnia
1346 2498 1618 2537 sacramenta

151 2560 297 2609 verbis
331 2572 531 2610 constare
563 2572 786 2628 tamquam
821 2564 981 2621 forma,
1009 2582 1098 2630 qua
1122 2565 1346 2630 perficitur
1368 2582 1619 2613 sacramen-

153 2645 260 2683 tum.
290 2637 552 2686 Incredibile
586 2650 654 2687 est
685 2650 831 2688 autem
865 2658 892 2687 a
924 2640 1063 2688 forma
1097 2657 1184 2688 non
1218 2657 1344 2688 sacra
1363 2679 1366 2682 .
1387 2658 1520 2707 posse
1552 2659 1620 2690 sa-

154 2723 427 2760 crementum,
450 2715 618 2780 perfici.
642 2715 773 2781 Atqui
811 2716 856 2763 in
887 2717 1186 2773 matrimomo,
1225 2717 1345 2782 quod
1377 2717 1498 2766 civili
1532 2718 1618 2765 ritu

154 2803 204 2833 ac
238 2789 418 2851 profano
451 2791 746 2848 contrahitur,
782 2792 903 2840 nulla
935 2792 1068 2841 verba
1090 2810 1215 2841 sacra
1238 2804 1363 2852 sunt;
1393 2793 1513 2842 nulla
1536 2794 1617 2858 igi-
