1918 3186
811 203 1041 238 Pnooeuum
1051 228 1058 234 .
1579 207 1665 240 xvn

193 286 386 331 omnino
416 285 687 346 sententiam
723 282 884 330 videar
918 294 1140 347 sequutus
1174 300 1228 332 ac
1252 294 1396 333 antea
1431 287 1668 349 professus

195 362 370 409 fueram
391 395 405 416 ,
440 361 637 423 quisque
672 359 884 423 profecto
919 362 1135 424 intelligit
1171 361 1289 410 hanc
1320 378 1396 409 me
1431 372 1666 426 tamquam

194 440 423 486 maiorum
451 436 714 484 studiorum
739 436 942 484 fructum
975 438 1208 500 praeferre
1236 447 1375 501 atque
1401 441 1661 504 complecti.

287 515 439 576 Atque
465 522 516 560 ut
541 514 602 560 de
635 513 860 561 methodo
888 515 987 577 ipsa
1021 530 1160 576 quam
1192 516 1241 561 in
1274 515 1360 563 hac
1394 518 1666 565 tractatione

190 590 489 638 adhibuimus
520 591 696 654 aliquid
731 592 871 638 etiam
899 591 1130 645 dicamus,
1158 607 1212 638 ea
1237 592 1530 640 commodior
1551 595 1664 641 mihi

190 668 286 714 visa
322 676 393 714 est
423 676 561 730 atque
594 668 907 731 opportunior
930 703 943 721 ,
982 683 1104 730 quae
1143 670 1289 730 posita
1331 671 1551 718 severiori
1583 672 1664 718 illa

186 744 364 799 forma,
402 760 495 807 qna
530 746 580 791 in
612 744 859 793 scholiset
889 747 938 791 in
967 745 1248 792 scholasticis
1271 746 1664 809 disputationibus

180 823 256 868 *uti
289 824 611 870 consuevimus
630 858 641 877 ,
679 824 869 869 remissa
901 824 1045 885 magis
1069 831 1116 869 et
1138 823 1293 884 quieta
1326 825 1567 871 veritatem
1590 825 1664 872 di-

134 889 141 895 ’
185 898 382 962 ligenter
406 901 622 962 inquirit,
661 899 798 946 docet
823 907 869 946 et
899 899 1077 946 suadet.
1111 900 1302 962 Copiam
1327 909 1480 947 autem
1505 916 1663 948 rerum

184 978 247 1023 ita
282 985 388 1024 cum
417 975 645 1024 brevitate
676 976 1067 1039 temperavimus,
1099 985 1151 1023 ut
1183 976 1298 1024 haec
1331 976 1661 1025 obscuritatem

183 1068 280 1100 non
310 1053 484 1102 faceret
512 1052 773 1117 legentibus
793 1088 805 1106 ,
837 1069 924 1101 nec
955 1054 1036 1101 illa
1071 1055 1343 1101 satietatem.

280 1133 368 1178 Res
400 1140 470 1178 est
507 1147 616 1178 sane
659 1131 942 1195 amplissima
982 1140 1030 1178 et
1069 1146 1187 1194 pene
1219 1131 1415 1177 dixerim
1447 1131 1658 1187 infinita:

182 1208 242 1254 de
265 1223 357 1269 qua
379 1211 591 1271 quamvis
621 1209 770 1256 multa
791 1208 991 1256 disseras
1005 1243 1017 1263 ,
1037 1209 1178 1271 longe
1193 1217 1346 1255 tamen
1365 1208 1502 1271 plura
1524 1218 1631 1256 sunt
1645 1245 1657 1264 ,

181 1300 300 1346 quae
332 1287 370 1333 si
403 1287 620 1349 persequi
665 1294 829 1334 cuncta
867 1287 981 1334 velis
1013 1286 1196 1333 infinita
1232 1285 1504 1331 tractatione
1540 1301 1660 1348 opus

182 1371 314 1409 esset.
334 1364 419 1410 Tot
443 1378 642 1410 numero
673 1364 876 1427 itemque
907 1379 1070 1427 graves
1098 1363 1213 1410 aliae
1246 1377 1303 1408 ex
1335 1362 1437 1408 aliis
1465 1360 1660 1410 obortae

180 1441 473 1500 quaestiones
506 1449 781 1491 occurrunt,
815 1449 867 1487 ut
898 1456 993 1487 non
1021 1439 1226 1501 theologi
1268 1437 1412 1484 modo
1445 1437 1526 1484 sed
1559 1446 1659 1485 tum

180 1515 326 1563 civilis
358 1526 458 1563 tum
488 1517 781 1564 ecclesiastici
814 1519 928 1565 iuris
957 1518 1119 1580 periti,
1147 1525 1247 1563 tum
1267 1516 1353 1578 ipsi
1376 1515 1457 1577 qui
1481 1514 1657 1576 politici

178 1601 404 1640 vocantur
441 1594 619 1656 aliquid
657 1610 842 1658 semper
874 1596 984 1643 novi
1026 1595 1086 1642 ad
1126 1593 1246 1641 hanc
1277 1593 1518 1641 materiam
1550 1609 1659 1656 pos-

177 1671 267 1716 sint
302 1670 484 1718 afferre.
510 1673 606 1719 Nos
634 1672 683 1719 id
708 1672 870 1720 saltem
902 1673 1054 1720 conati
1088 1687 1270 1725 sumus,
1298 1679 1351 1717 ut
1376 1686 1510 1717 causa
1538 1686 1658 1732 quae

176 1755 418 1810 tantopere
452 1749 622 1796 nostris
665 1748 793 1796 hisce
840 1747 1133 1812 temporibus
1173 1749 1394 1810 agitatur,
1444 1762 1656 1809 quaeque

175 1824 431 1872 multorum
468 1826 648 1873 animos
684 1822 949 1874 commovet
989 1826 1202 1872 alacriori
1237 1839 1329 1886 qua
1364 1823 1464 1870 fieri
1498 1832 1657 1885 posset

177 1899 380 1962 impulsu
409 1902 710 1964 procederet:
738 1911 877 1965 atque
893 1904 950 1949 iis
964 1903 1086 1949 viam
1108 1899 1461 1964 quodammodo
1478 1908 1657 1946 sterne-

175 1989 352 2030 remus,
371 1981 452 2039 qui
471 1994 561 2042 pro
580 1995 631 2026 re
649 1979 874 2027 catholica
894 1979 1066 2026 tuenda
1090 1978 1210 2026 hanc
1232 1976 1443 2024 eamdem
1469 1991 1654 2023 causam

175 2051 438 2113 suscipient.
455 2069 667 2117 quosque
682 2055 866 2102 meliori
884 2063 1008 2102 certe
1024 2055 1213 2117 ingenio
1232 2061 1277 2099 et
1297 2053 1460 2098 maiori
1480 2052 1654 2099 doctri-

173 2139 259 2172 nae
289 2127 522 2187 praesidio
543 2163 556 2182 ,
593 2130 766 2191 quibus
799 2133 889 2193 ipsi
925 2147 1020 2178 non
1058 2145 1306 2193 possumus
1327 2163 1340 2182 ,
1377 2128 1435 2175 ad
1471 2127 1651 2175 felicem

173 2202 347 2248 exitum
372 2202 652 2250 confidimus
667 2205 799 2252 illam
814 2222 914 2253 esse
931 2207 1257 2268 perducturOS.
1280 2206 1347 2252 Ita
1371 2204 1650 2268 plerumque

170 2293 218 2324 se
247 2294 320 2325 res
350 2278 542 2333 habuit,
570 2289 621 2327 ut
650 2281 780 2343 quod
807 2298 928 2329 unus
964 2291 1040 2329 aut
1070 2283 1189 2329 alter
1219 2283 1419 2344 scriptor
1443 2297 1538 2328 non
1564 2297 1651 2343 po-

170 2355 280 2408 tuit,
318 2356 367 2401 in
402 2358 639 2403 communi
670 2359 1011 2420 conspiratione
1028 2374 1083 2405 ex
1102 2358 1269 2406 collata
1295 2358 1553 2405 multorum
1576 2358 1650 2404 in-

169 2431 344 2478 dustria
361 2441 407 2479 et
423 2433 624 2495 quadam
648 2434 791 2481 veluti
816 2435 1091 2498 supellectili
1118 2443 1382 2497 comparata
1408 2435 1467 2481 de
1493 2433 1650 2495 multis

167 2507 539 2568 quaestionibus,
574 2516 694 2572 q'uae
728 2511 862 2557 initio
896 2511 1068 2558 arduae
1103 2520 1235 2558 erant
1265 2519 1402 2572 atque
1434 2509 1649 2556 difficiles

166 2583 295 2631 nulla
328 2585 422 2631 iam
459 2585 661 2648 amplius
692 2589 1010 2635 controversia
1038 2587 1279 2635 habeatur.
1303 2588 1464 2648 Itaque
1486 2586 1535 2632 id
1559 2602 1647 2648 ego

167 2673 258 2719 qua
293 2663 425 2722 potui
459 2661 697 2725 diligentia
723 2679 832 2710 sane
863 2664 1192 2726 praestandum
1222 2663 1337 2709 mihi
1363 2679 1461 2710 esse
1486 2664 1533 2709 in
1560 2664 1648 2710 hac

167 2737 438 2784 tractatione
471 2738 618 2790 duxi:
654 2748 700 2787 et
734 2739 894 2787 fecisse
929 2756 1004 2786 me
1040 2755 1098 2787 eo
1131 2738 1350 2787 libentius
1393 2739 1643 2802 profiteor,

167 2825 262 2870 quo
298 2819 344 2858 et
377 2813 521 2861 multa
557 2829 703 2877 eaque
740 2817 916 2878 optima
949 2816 1154 2863 viderem
1190 2816 1314 2879 apud
1350 2818 1565 2879 antiquos
1599 2825 1645 2863 et
