1912 3180
297 216 388 248 cn.
407 216 465 247 lv.
484 216 536 247 m:
554 216 712 248 ARGUM.
732 216 809 247 PRO
835 216 939 247 LEGE
963 217 1014 247 m:
1039 216 1164 248 MATR.
1190 214 1272 247 le.
1292 215 1385 247 Aur.
1409 215 1438 246 1.
1547 199 1636 244 357

163 303 377 340 tentatum
406 293 547 340 fuerat
573 310 598 338 a
618 293 810 357 Iosepho
839 294 895 338 n.
925 295 1043 354 (24).
1068 292 1208 358 quue
1234 292 1387 357 plures
1410 291 1541 339 aulici
1567 307 1640 338 ca-

163 371 369 417 nonistae
397 370 607 417 austriaci
635 370 812 433 imperii
845 369 1064 433 superiori
1100 380 1242 417 aetate
1276 369 1505 417 adstruere
1540 369 1637 416 ausi

162 456 268 493 sunt
304 447 422 508 (25);
456 456 525 493 ast
565 446 758 501 frustra,
797 454 1052 492 constanter
1084 446 1150 493 eis
1181 446 1408 494 obnitente
1431 445 1635 493 ecclesia.

164 522 318 585 Neque
335 538 547 586 umquam
568 521 678 568 haec
701 519 962 568 obtinebunt
986 520 1263 583 legislatores
1289 521 1539 586 subalpini,
1562 538 1643 568 nec

163 614 316 645 eorum
346 598 628 653 canonistae‚
656 608 705 644 ut
734 598 795 644 lo.
826 597 1067 661 Nepomuc.
1099 597 1243 661 Nuytz
1260 636 1270 653 ,
1299 608 1374 645 aut
1396 607 1644 645 assentato-

166 692 263 721 rum
296 672 454 729 turba,
487 691 587 720 cum
618 673 728 720 haec
762 672 911 720 omnia
945 671 1236 719 adversentur
1276 674 1541 736 dogmaticis
1571 691 1644 720 ca-

167 750 359 798 nonibus
395 749 675 805 tridentinis,
714 749 791 814 qui
828 749 997 796 immoti
1033 749 1274 813 persistent
1297 751 1412 811 (26).

265 827 354 873 Nec
394 826 628 891 quidpiam
662 826 789 873 obest
822 835 1074 890 praetextus
1098 863 1107 881 ‚
1146 842 1279 889 quem
1314 826 1514 872 nonnulli
1552 843 1646 874 ora·

169 914 286 951 tores
320 903 367 949 in
403 903 597 950 comitiis
633 902 884 967 subalpinis
912 902 958 948 in
990 901 1184 948 medium
1221 901 1486 958 attulerunt,
1526 902 1645 966 quod

168 997 329 1044 nempe
354 979 422 1026 lex
446 979 591 1027 civilis
617 996 704 1026 non
731 979 874 1043 possit
906 978 1014 1042 quin
1047 977 1182 1025 violet
1215 978 1378 1025 civium
1413 978 1646 1025 conscien-

168 1056 273 1102 tiam
299 1072 457 1119 cogere
479 1072 582 1111 eos,
612 1056 689 1120 qui
716 1056 762 1101 in
786 1055 917 1102 ritum
942 1054 1199 1117 religiosum
1224 1071 1304 1101 seu
1322 1064 1646 1101 sacramentum
1713 1044 1718 1048 ’

171 1149 258 1179 non
294 1131 507 1188 credunt,
547 1131 602 1178 ad
645 1131 755 1179 illud
791 1131 1151 1196 suscipiendum;
1192 1147 1293 1177 nam
1324 1130 1446 1178 nulla
1479 1132 1647 1178 ratione

168 1225 320 1256 eorum
355 1207 545 1256 laeditur
589 1209 886 1256 conscientiae
932 1207 1112 1254 libertas
1136 1245 1145 1262 ‚
1184 1207 1261 1272 qui
1298 1225 1386 1255 non
1421 1207 1609 1254 credunt
1631 1246 1640 1263 ‚

169 1302 269 1332 cum
295 1302 375 1349 per
398 1295 561 1341 actum,
591 1302 723 1350 quem
749 1295 904 1349 putant
926 1284 1199 1348 superfluum
1216 1322 1225 1339 ,
1259 1301 1347 1331 non
1380 1294 1515 1347 agant
1542 1300 1649 1331 con-

170 1373 238 1408 tra
257 1361 591 1408 conscientiam.
616 1363 739 1409 Tunc
763 1360 906 1408 solum
930 1359 1198 1416 laederetur,
1228 1360 1266 1406 si
1291 1360 1499 1406 illicitum
1522 1359 1646 1407 illum

172 1437 415 1493 haberent,
456 1437 577 1502 quod
614 1437 808 1501 profecto
848 1436 1069 1484 eiusmodi
1104 1436 1311 1484 homines
1346 1435 1478 1484 talem
1515 1437 1646 1484 ritum

170 1531 259 1562 non
277 1513 563 1570 arbitrantur,
579 1514 659 1561 sed
679 1512 734 1561 ad
762 1530 983 1559 summum
1011 1522 1059 1559 ut
1081 1512 1407 1560 indifferentem
1433 1524 1650 1578 respuunt

174 1607 225 1637 ac
254 1589 554 1653 dedignantur
570 1589 686 1651 (27).

249 1778 316 1819 (24)
337 1778 388 1812 Cf.
411 1776 578 1820 Apologia
598 1778 656 1810 del
676 1780 897 1812 matrimonio
918 1781 1106 1818 cristiano,
1134 1781 1226 1812 ossia
1250 1781 1419 1812 Memoria
1445 1780 1570 1812 critica
1593 1787 1647 1811 ca-

170 1831 297 1863 nonica
309 1838 328 1863 e
336 1830 485 1872 politica
506 1838 571 1872 per
594 1832 726 1862 servire
740 1830 778 1862 di
790 1832 942 1872 ria-posta
964 1831 1003 1863 al
1023 1833 1171 1864 trattalo
1197 1831 1377 1864 intitolato
1396 1830 1496 1872 Deyl'
1509 1830 1648 1871 impedi·

172 1884 282 1915 menti
301 1883 482 1916 dirimenti
497 1882 527 1916 tl
539 1885 716 1916 contratco
731 1883 770 1916 di
785 1885 1009 1916 matrimonio
1032 1883 1186 1925 ne'paesi
1205 1884 1296 1916 bassa·
1317 1885 1490 1916 austriaci
1503 1882 1650 1916 secondo

172 1936 223 1977 qli
244 1935 346 1968 edim
367 1935 405 1968 di
426 1945 454 1968 s.
470 1944 516 1968 m.
544 1935 785 1978 l'tmperatore
799 1944 816 1968 e
829 1945 867 1968 re
884 1937 1050 1978 Giuseppe
1067 1939 1121 1969 ΙΙ.
1133 1937 1185 1968 dei
1201 1941 1251 1970 28.
1267 1936 1421 1969 Settemb.
1442 1940 1531 1970 1784.
1548 1938 1653 1970 stras-

175 1988 279 2029 bourg
303 1990 393 2021 1790.
413 1988 515 2020 cuius
531 1989 640 2020 tamen
656 1997 836 2029 anonymus
857 1990 971 2021 auctor
991 1988 1150 2021 adnititur
1170 1989 1348 2030 benigniori
1369 1997 1464 2022 sensu
1490 1989 1571 2021 haec
1600 1991 1647 2021 lo·

173 2040 267 2082 sephi
295 2041 336 2073 ΙΙ.
353 2040 460 2073 edicta
484 2041 698 2082 interpretari.
716 2042 837 2074 Verum
862 2042 924 2074 hoc
944 2042 985 2074 de
1005 2043 1194 2083 argumento
1215 2042 1247 2074 in
1270 2043 1454 2084 insequenti
1481 2042 1566 2075 libro
1590 2042 1652 2075 dis-

176 2101 331 2126 Seremus.

272 2146 339 2187 (25)
358 2146 410 2180 Cf.
426 2147 618 2189 Roskovany
641 2149 690 2180 De
712 2149 936 2180 matrimonio
957 2150 994 2180 in
1016 2148 1135 2180 eccles.
1155 2147 1283 2180 cathol.
1309 2150 1472 2189 Augustae
1492 2147 1651 2180 Vindelic.

180 2203 269 2233 1837.
284 2202 364 2233 tom.
381 2201 407 2232 1.
423 2199 474 2242 §§.
494 2205 542 2234 12.
558 2205 606 2234 13.
621 2210 693 2242 pag.
712 2204 812 2234 14-16.

276 2253 342 2294 (26)
364 2253 517 2295 Apposite
532 2254 681 2295 princeps
694 2253 735 2286 de
748 2254 940 2287 Metternich
963 2254 1013 2294 iis,
1031 2254 1088 2295 qui
1110 2263 1184 2286 euni
1204 2255 1478 2296 interrogaverant
1491 2254 1578 2286 circa
1591 2261 1653 2287 ma·

175 2306 366 2339 trimonium
381 2307 494 2345 civile,
514 2308 597 2339 utin
612 2306 741 2338 Austria
755 2306 950 2346 sanciretur,
965 2306 1145 2347 respondit:
1163 2319 1179 2335 «
1191 2307 1372 2346 Messieurs,
1384 2307 1477 2339 saites
1489 2307 1603 2339 autaut
1614 2306 1656 2339 de

177 2359 258 2399 lois,
272 2368 338 2400 que
351 2367 432 2392 vous
447 2359 567 2400 plaira,
583 2358 666 2390 mais
681 2358 703 2390 il
718 2360 772 2399 n'y
787 2367 807 2391 a
821 2367 879 2400 pas
892 2358 1034 2391 d’autroe
1047 2359 1109 2391 lois
1124 2367 1180 2391 sur
1192 2359 1222 2391 le
1238 2359 1395 2400 mariage,
1412 2368 1476 2400 que
1496 2359 1592 2393 celles
1610 2358 1654 2392 du

174 2411 299 2444 concile
314 2411 355 2443 de
374 2412 508 2451 'rrente3
523 2410 697 2452 queisques
710 2412 815 2443 soient
834 2419 893 2443 vos
905 2412 1041 2451 statute,
1057 2411 1099 2443 ils
1113 2413 1224 2444 seront
1241 2412 1314 2443 uuis
1332 2411 1413 2444 dans
1422 2413 1495 2444 tout
1506 2420 1544 2444 ce
1558 2411 1656 2452 qu'ils

176 2464 294 2497 aurunt
306 2464 468 2496 contraire
483 2463 503 2495 a
519 2463 550 2495 la
562 2463 743 2504 legislation
763 2463 803 2496 de
817 2463 952 2505 l’eglise:
965 2464 998 2504 je
1012 2463 1143 2504 regarde
1155 2473 1282 2496 comme
1294 2473 1358 2497 une
1372 2464 1447 2497 solie
1458 2464 1499 2496 de
1512 2473 1625 2506 penset
1638 2465 1657 2495 a

177 2516 349 2550 beneficiet
374 2526 430 2550 sur
456 2518 541 2549 cette
562 2516 713 2556 matiere;
728 2525 770 2548 ou
785 2516 838 2549 n’a
854 2517 930 2558 qu’a
947 2517 1148 2550 reconnoitre
1162 2517 1208 2549 les
1223 2517 1423 2549 institutious
1444 2516 1484 2549 de
1502 2516 1654 2557 l’eglise.»

175 2570 229 2603 cf.
251 2571 396 2604 Univers
413 2575 460 2603 18.
477 2571 570 2603 Fevr.
590 2575 679 2603 1856.

274 2623 342 2664 (27)
363 2623 459 2661 Quod
469 2623 661 2655 celebriores
677 2623 896 2655 iurisconsulti
910 2624 1123 2663 agnoverunt,
1136 2623 1218 2655 inter
1232 2632 1314 2664 quos
1324 2624 1362 2655 D.
1371 2623 1513 2656 Vaseiile
1524 2623 1651 2655 scribit:

178 2688 195 2703 n
210 2677 299 2708 Dans
312 2684 372 2708 uos
384 2676 521 2709 societ&
535 2676 696 2708 civilisees
708 2700 717 2716 ,
737 2675 760 2707 il
779 2684 820 2708 ne
840 2676 910 2708 saut
924 2685 979 2716 pas
994 2684 1150 2716 supposer
1168 2676 1246 2717 qu’i!
1263 2685 1284 2717 y
1296 2676 1342 2708 ait
1355 2676 1413 2709 des
1425 2676 1571 2709 hommes
1582 2684 1657 2707 sans

176 2737 335 2769 croyance
360 2729 552 2770 religieuse;
581 2729 614 2761 et
639 2727 748 2769 quand
773 2737 816 2760 on
838 2729 936 2760 serait
957 2729 1079 2760 certain
1101 2729 1181 2769 qu’il
1202 2738 1241 2761 en
1263 2729 1386 2770 existe,
1408 2738 1451 2762 on
1469 2738 1510 2762 ne
1528 2729 1654 2761 devrait

181 2782 275 2823 point
289 2781 419 2822 d’egard
434 2781 453 2813 a
467 2781 537 2813 leur
553 2781 640 2814 solie.
658 2782 702 2812 Ce
715 2789 755 2812 ne
768 2781 864 2813 serait
882 2789 939 2822 pas
954 2781 1024 2813 leur
1041 2780 1120 2813 faire
1134 2789 1197 2812 une
1214 2781 1358 2814 violence
1374 2782 1523 2814 facheuse
1538 2790 1602 2822 que
1615 2780 1656 2812 de

178 2834 225 2866 les
241 2834 364 2875 obliger
378 2834 397 2865 a
411 2835 520 2875 porter
535 2843 598 2866 aux
615 2834 705 2874 pieds
721 2834 777 2866 ‹ies
794 2834 897 2867 auteis
914 2835 960 2867 ies
976 2836 1146 2873 serments,
1163 2835 1219 2875 qui
1233 2834 1303 2867 sont
1316 2835 1436 2867 devant
1445 2835 1514 2867 leur
1523 2835 1655 2867 mairem
