1918 3186
284 165 342 208 34
478 182 481 184 ·
559 178 638 208 Lm.
667 177 695 207 1.
727 175 837 207 sacr.
868 174 897 204 1.
917 174 967 204 nr:
992 174 1161 206 iuram.
1182 174 1460 206 smmumro.

275 254 408 301 habet
430 253 626 300 conferre
649 252 833 313 gratiam
861 249 1117 298 adiutricem
1142 251 1198 297 ad
1223 251 1305 298 hoc
1329 250 1447 314 quod
1472 251 1580 298 sciat
1602 270 1734 300 unus·

275 332 450 393 quisque
482 345 559 375 vas
599 344 722 373 suum
759 326 971 389 possidere
1004 328 1051 372 in
1083 327 1413 391 sanctificatione
1446 336 1486 373 ct
1521 327 1730 374 honore.»

369 406 552 452 Demum
575 402 621 448 in
647 401 787 448 concl.
819 403 862 448 3.
892 403 1086 449 confutat
1118 403 1361 450 contrariae
1393 403 1634 450 sententiae
1667 420 1738 451 ra-

275 480 414 527 tiones
439 478 696 541 desumptas
729 494 783 524 ex
806 493 859 523 eo
892 477 1011 541 quod
1033 477 1360 524 matrimonium
1384 477 1553 542 aliquid
1577 478 1738 526 habeat

275 554 360 601 sibi
395 552 622 617 proprium
655 568 743 598 non
777 568 1008 599 commune
1041 552 1196 598 ceteris
1237 553 1524 600 sacramentis
1541 591 1551 610 ‚
1590 564 1738 600 osten-

273 629 384 676 dens
419 627 563 691 quod,
602 627 640 674 si
683 626 900 674 eiusmodi
944 626 1134 673 rationes
1179 627 1410 691 quidpiam
1443 628 1639 676 valerent
1682 629 1736 675 ad

273 703 563 751 evincendum
612 702 938 750 matrimonium
983 718 1069 749 non
1114 718 1214 751 esse
1263 714 1587 751 sacramentum
1637 721 1738 751 vere

273 793 315 828 ct
364 781 540 845 proprie
562 818 572 836 ,
617 796 760 843 neque
798 779 992 825 conferre
1037 778 1223 841 gratiam
1262 796 1314 826 ex
1353 797 1485 844 opere
1524 791 1706 844 operato
1722 818 1732 837 ,

274 868 424 922 posset
457 857 554 920 ipse
587 856 789 903 evincere
822 854 991 901 nullum
1036 871 1219 918 prorsus
1254 872 1354 902 esse
1388 866 1735 911 sacramentum,

268 951 373 981 *cum
408 933 577 980 nullum
611 933 694 989 sit,
724 931 841 996 quod
877 931 1045 996 aliquid
1081 931 1166 978 sibi
1202 932 1427 996 proprium
1462 949 1549 981 non
1578 931 1741 979 habeat

275 1011 318 1056 in
355 1027 443 1075 quo
476 1027 576 1056 cum
610 1009 765 1056 ceteris
800 1025 886 1055 non
921 1008 1177 1064 conveniat,
1206 1019 1337 1072 prout
1370 1008 1468 1055 fuse
1498 1008 1675 1055 evolvit.

371 1086 437 1132 Ad
472 1085 771 1132 difficultatem
806 1094 951 1131 autem
987 1084 1218 1148 speciatim
1251 1085 1433 1148 petitam
1466 1101 1518 1131 ex
1547 1101 1598 1132 eo
1621 1085 1739 1149 quod

209 1182 213 1188 ·
275 1162 493 1208 interdum
527 1161 779 1224 coniugium
813 1160 1056 1208 celebretur
1088 1160 1258 1224 absque
1280 1160 1482 1208 ministro
1505 1160 1733 1218 ecclesiae,

277 1237 485 1284 nimirum
519 1238 616 1285 sine
651 1236 900 1293 sacerdote,
929 1253 1047 1300 resp.
1081 1235 1363 1283 «Dicendum
1397 1236 1606 1301 estquod
1630 1236 1739 1283 illud

276 1324 596 1361 sacramentum
612 1352 622 1369 ‚
649 1314 776 1360 cuius
801 1313 1114 1360 tota-efficacia
1136 1323 1204 1359 est
1225 1329 1278 1359 ex
1301 1312 1485 1360 materia
1507 1323 1550 1360 et
1571 1313 1712 1360 forma
1727 1351 1737 1367 ‚

273 1409 358 1437 non
391 1401 531 1438 autem
562 1408 617 1438 em
645 1400 851 1454 potestate
883 1391 1093 1444 ministri,
1133 1389 1241 1436 illud
1285 1399 1430 1453 potest
1460 1389 1647 1436 conferri
1682 1388 1739 1436 ab

275 1465 386 1522 alio⁷
421 1483 554 1530 quam
578 1483 604 1512 a
627 1465 843 1512 ministris
876 1464 1090 1512 ecclesiae
1122 1475 1165 1511 et
1198 1465 1243 1510 in
1273 1463 1534 1511 necessitate
1556 1474 1600 1511 et
1621 1474 1742 1511 extra

275 1542 606 1598 necessitatem,
646 1541 751 1589 licet
784 1558 870 1589 non
904 1541 1062 1588 debeat
1095 1540 1181 1587 nisi
1215 1557 1268 1586 ex
1302 1541 1588 1588 necessitate:
1627 1541 1743 1588 sicut

275 1628 344 1664 est
368 1617 423 1664 de
446 1617 604 1664 effectu
626 1617 944 1672 eucharistiae,
972 1617 1077 1680 quia
1111 1625 1200 1663 tota
1231 1615 1371 1662 virtus
1405 1615 1619 1663 causandi
1643 1633 1741 1678 gra·

275 1694 380 1740 tiam
414 1704 482 1740 est
514 1694 560 1738 in
593 1710 645 1740 eo
679 1693 797 1757 quod
834 1693 1098 1757 suscipitur.
1123 1731 1131 1738 .
1156 1691 1265 1738 ‚sibi
1288 1691 1404 1738 valet
1437 1693 1691 1756 susceptum
1715 1709 1742 1739 a

274 1768 387 1815 laico
419 1785 550 1832 quem
583 1768 721 1815 credit
753 1786 883 1815 suum
916 1779 1141 1815 curatum.
1165 1806 1173 1813 .
1197 1806 1204 1813 .
1224 1768 1284 1814 ita
1317 1777 1385 1815 est
1417 1767 1472 1814 de
1492 1767 1736 1832 baptismo,

275 1846 401 1892 cuius
436 1855 524 1892 tota
556 1845 694 1892 virtus
718 1855 785 1892 est
809 1846 853 1891 in
876 1845 1057 1892 materia
1081 1856 1124 1892 et
1145 1844 1306 1900 forma,
1334 1862 1422 1892 non
1446 1845 1490 1891 in
1514 1845 1736 1892 ministro:

277 1920 395 1966 unde
429 1921 560 1967 etiam
593 1930 714 1967 extra
747 1920 1052 1967 necessitatem
1088 1930 1256 1983 potest,
1286 1919 1363 1967 sed
1388 1936 1474 1967 non
1509 1919 1639 1967 debet
1660 1920 1742 1966 mi-

274 1997 451 2042 nistrari
487 1996 571 2042 nisi
605 2013 631 2042 a
665 1995 936 2060 presbytero.
968 1995 1289 2043 Matrimonium
1324 2006 1468 2042 autem
1495 2005 1562 2042 est
1586 1995 1741 2043 huius-

278 2070 422 2126 modi,
461 2072 565 2135 quia
598 2071 693 2118 eius
728 2070 867 2118 virtus
903 2088 990 2117 non
1025 2081 1092 2118 est
1125 2070 1169 2116 in
1204 2071 1404 2118 ministro
1437 2070 1672 2118 ecclesiae:
1700 2081 1742 2118 et

279 2145 377 2192 ideo
410 2163 498 2192 non
533 2157 709 2209 propter
741 2145 825 2193 hoc
858 2145 976 2210 quod
1002 2163 1088 2192 non
1115 2156 1182 2192 est
1204 2147 1529 2203 necessarium,
1560 2163 1659 2193 cum
1683 2145 1741 2192 sit

278 2222 576 2268 necessarium
610 2222 932 2279 communitati,
972 2223 1085 2270 sicut
1116 2222 1363 2286 baptismus
1397 2239 1611 2286 personae
1649 2222 1741 2270 sin-

276 2296 441 2358 gulari,
472 2296 549 2343 sed
573 2298 677 2360 quia
709 2299 847 2345 virtus
881 2299 977 2345 eius
1011 2316 1098 2346 non
1128 2309 1196 2346 est
1218 2299 1262 2345 in
1285 2298 1486 2346 ministro
1509 2297 1736 2354 ecclesiae,

279 2383 423 2436 potest
455 2373 646 2420 essentia
679 2374 774 2420 eius
809 2374 962 2421 haberi
998 2375 1092 2422 sine
1126 2375 1352 2422 ministro:
1380 2373 1483 2421 licet
1514 2374 1623 2421 forte
1653 2391 1740 2421 non

276 2447 405 2494 debet
437 2449 524 2494 nisi
559 2448 604 2494 in
639 2448 749 2495 facie
782 2449 996 2496 ecclesiae
1019 2460 1062 2496 et
1084 2466 1162 2513 per
1196 2450 1465 2496 sacerdotem
1499 2448 1735 2506 celebrari,

276 2524 313 2570 si
349 2524 490 2587 possit
521 2524 673 2571 haberi
702 2526 817 2587 (95).
839 2524 1018 2589 »Atque
1051 2524 1161 2572 haec
1194 2524 1395 2572 attulisse
1428 2542 1481 2572 ex
1514 2524 1739 2572 Paludano

277 2598 467 2645 sufficiat
501 2599 557 2646 ad
592 2599 913 2647 ostendendum
948 2617 1079 2664 quam
1115 2599 1273 2647 falsum
1308 2601 1366 2647 sit
1397 2601 1515 2665 quod
1549 2601 1588 2648 ei
1614 2600 1740 2648 affin-

280 2761 321 2793 sl
371 2709 436 2750 (95)
457 2712 553 2742 Petri
580 2720 600 2743 α
630 2711 766 2746 Palude
795 2714 833 2744 0.
858 2714 893 2744 Ρ.
920 2714 1072 2750 Quartus
1104 2714 1355 2746 sententiarum
1388 2712 1486 2746 liber.
1513 2714 1615 2746 Paris.
1646 2716 1735 2746 1514.

291 2771 309 2793 o
330 2787 336 2794 .
359 2765 426 2795 142.
448 2771 514 2802 seq.
