1918 3186
193 230 281 261 cir.
300 231 356 261 iv.
377 229 550 261 emm).
569 229 661 260 Aac.
677 228 728 259 ni:
745 228 835 259 um.
851 229 963 260 Sicu.
983 229 1075 260 Aur.
1091 228 1152 260 in.
1169 228 1262 259 Ano.
1278 227 1426 259 rufior„
1490 213 1573 259 131

131 317 398 353 contractum
415 344 424 362 ,
453 305 575 352 nulla
598 314 780 369 apparet
805 304 914 351 ratio
937 323 1073 369 quare
1090 322 1177 352 non
1195 304 1386 352 sufficiat
1406 305 1460 352 ad
1479 322 1583 352 con—

130 376 412 429 validandum
446 381 770 429 matrimonium
794 398 882 445 qua
906 393 1241 429 sacramentum.
1264 382 1443 439 Verum,
1465 382 1582 446 quod

130 469 264 522 caput
285 470 374 515 est,
402 469 490 505 tota
513 457 750 504 difficultas
778 457 935 522 pendet
951 474 978 503 a
997 458 1171 505 notione
1189 458 1322 505 huius
1342 457 1583 506 sanationis

130 533 173 578 in
208 533 378 588 radice;
407 550 507 579 nam
532 532 569 579 si
594 549 671 597 per
693 528 808 579 hanc
830 549 916 578 non
943 531 1154 579 tolluntur
1171 533 1257 580 nisi
1281 530 1485 590 effectus,
1506 534 1584 598 qui

129 626 156 655 a
195 608 394 655 nullitate
434 608 711 655 matrimonio
750 618 1033 672 promanant,
1073 625 1152 654 nec
1183 609 1346 672 sactum
1389 609 1587 656 redditur

128 685 351 748 infectum,
387 683 506 748 quod
541 683 781 730 absurdum
816 694 936 730 esset
967 682 1036 730 vel
1070 680 1285 746 cegitare,
1314 694 1433 748 patet
1456 702 1588 732 sana-

128 755 244 806 tione
276 759 322 804 in
358 755 504 806 radice
537 758 648 805 nihil
677 758 898 805 immutari
932 769 1131 823 respectu
1164 768 1411 807 contractus
1437 760 1587 807 matri-

128 834 331 882 monialis
356 836 402 880 in
426 851 490 881 se.
512 834 575 882 Eo
592 835 660 882 vel
685 831 826 897 magis
851 834 969 898 quod
993 834 1211 881 interdum
1236 845 1446 882 sanentur
1467 835 1587 883 eius-

128 907 244 956 modi
264 909 469 973 coniugia
498 909 703 957 alterutro
727 908 912 972 coniuge
935 908 1031 955 iam
1045 908 1134 956 vita
1156 908 1305 957 functo
1320 948 1329 966 ,
1359 921 1433 957 aut
1455 910 1587 958 etiam

131 997 231 1049 post
253 986 483 1051 utriusque
506 986 705 1048 coniugis
729 984 922 1041 obitum,
950 984 1006 1031 ad
1030 984 1387 1048 legitimationem
1417 985 1582 1050 prolis,

126 1061 499 1126 quemadmodum
535 1079 616 1108 suo
650 1060 770 1116 loco,
800 1059 963 1107 seu'in
997 1059 1109 1107 libro
1142 1060 1336 1108 secundo
1367 1061 1582 1109 dicemus.

143 1162 166 1175 υ
224 1138 300 1183 10.
339 1137 554 1200 Coniugia
588 1136 908 1183 haereticorum
931 1173 941 1193 ‚
979 1136 1036 1183 iis
1080 1136 1338 1200 praesertim
1371 1137 1416 1184 in
1452 1138 1589 1201 regio-

128 1212 277 1269 nibus,
298 1213 343 1258 in
361 1212 524 1277 quibus
542 1212 766 1259 decretum
791 1211 1075 1259 tridentinum
1093 1212 1149 1259 de
1167 1213 1455 1261 matrimoniis
1474 1213 1598 1261 clan-·

126 1288 313 1336 destinis
346 1288 621 1353 publicatum
649 1305 736 1335 non
761 1288 865 1344 fuit,
891 1288 965 1335 vix
987 1287 1169 1335 dubium
1193 1305 1293 1336 esse
1316 1298 1459 1353 potest
1480 1289 1596 1354 quinv

129 1381 234 1411 vera
258 1365 347 1411 sint
371 1374 667 1425 sacramenta,
697 1363 735 1410 si
759 1362 1065 1411 contrahentes
1096 1363 1409 1428 impedimento
1440 1364 1597 1429 aliquo-

127 1439 359 1487 dirimente
381 1458 468 1487 non
491 1440 784 1487 detineantur.
807 1440 916 1486 Nam
939 1439 1143 1503 quamvis
1158 1438 1415 1503 ‘dogmatice
1443 1440 1489 1486 id
1514 1440 1592 1488 de-

129 1514 300 1561 finitum
333 1532 421 1562 non
444 1515 537 1571 sit,
577 1515 710 1561 immo
743 1531 952 1578 expresse
980 1513 1200 1560 interdum
1224 1531 1334 1562 rom.
1358 1515 1589 1579 pontifices

130 1591 318 1655 professi
338 1591 433 1638 vsint
453 1608 502 1638 se
519 1591 565 1637 id
591 1590 708 1638 nolle
732 1590 967 1638 decernere
990 1592 1106 1653 (45),
1127 1608 1181 1638 ex
1203 1592 1424 1638 communi
1445 1602 1590 1639 tamen

127 1667 389 1731 receptaque
423 1666 642 1714 sententia
671 1666 975 1730 theologorum
1009 1667 1055 1713 id
1089 1666 1362 1731 exploratum
1385 1667 1586 1715 habetur,

126 1743 235 1789 Nam
270 1743 479 1790 haeretici
514 1761 567 1790 ex
601 1742 820 1790 catholica
852 1742 1052 1790 doctrina
1083 1742 1229 1790 valide
1255 1753 1528 1790 sacramenta
1550 1754 1593 1791 et

127 1818 355 1866 conferunt
387 1830 429 1866 et
462 1819 682 1884 recipiunt
710 1858 719 1876 ,
767 1820 970 1884 quamvis
1017 1818 1182 1866 illicite.
1220 1820 1315 1866 Non
1348 1830 1415 1867 est
1448 1830 1590 1867 autem

128 1894 239 1958 ipsis
263 1896 516 1943 necessaria
538 1895 725 1943 intentio
748 1913 975 1959 expressa,
998 1895 1091 1943 sive
1113 1894 1320 1960 explicita
1343 1912 1593 1943 sacramen-

127 1982 219 2018 tum
259 1971 548 2029 conficiendi,
599 1981 732 2036 atque
774 1972 959 2020 intentio
1004 1971 1199 2020 formalis
1245 1971 1432 2019 faciendi
1473 1972 1592 2037 quod

129 2047 232 2094 facit
264 2046 476 2103 ecclesia,
505 2047 583 2094 sed
608 2047 721 2095 satis
751 2058 844 2105 est,
882 2048 947 2095 uti
979 2048 1066 2096 iam
1099 2047 1403 2095 adnotavimus
1421 2085 1432 2105 ‚
1458 2058 1507 2094 ut
1528 2047 1594 2096 fa-

128 2138 226 2170 cere
257 2122 416 2179 velint,
445 2122 564 2187 quod
589 2123 797 2172 Christus:
817 2123 1008 2182 instituit
1035 2125 1150 2186 (46),
1173 2123 1257 2170 etsi
1285 2140 1464 2171 erronee
1496 2123 1602 2188 opi-

224 2251 290 2296 (45)
308 2253 358 2284 En
373 2251 473 2284 verba
488 2252 537 2284 Pii
550 2253 622 2284 vil.
641 2251 674 2284 iu
693 2251 785 2284 Brevi
799 2251 875 2285 dato
892 2251 934 2284 ad
948 2251 1136 2294 archiepisc.
1152 2252 1378 2294 moguntinum
1391 2251 1446 2286 die
1459 2254 1592 2294 8.ζοάο-

130 2303 279 2336 br.1803.
294 2317 309 2332 a
321 2305 546 2336 Praetermissa
556 2306 742 2345 quaestione
755 2304 828 2346 ilia,
844 2304 884 2336 de
898 2313 963 2345 qua
976 2305 1066 2337 nihil
1080 2304 1179 2337 modo
1190 2307 1344 2338 statuere
1359 2305 1540 2345 volumus,
1554 2315 1602 2339 an‘

130 2356 364 2389 haereticorum
385 2357 534 2398 coniugia
549 2365 657 2389 coram
673 2357 820 2389 ministro
841 2356 1019 2389 acatholico
1034 2358 1198 2390 contracta
1209 2382 1218 2398 ‚
1241 2360 1438 2391 sacramenta
1451 2359 1517 2391 sint
1534 2367 1594 2392 nec
1626 2385 1632 2392 .

129 2409 295 2450 nenApud
302 2409 494 2450 Roskovany
501 2411 725 2442 Monumenca
733 2409 905 2442 catholica
915 2411 994 2441 tom.
1002 2410 1043 2441 Π.
1052 2418 1123 2450 pag.
1132 2414 1182 2442 93.
1192 2410 1342 2451 Quinque
1352 2411 1494 2443 ecclesiis
1503 2412 1590 2444 1847.

226 2461 290 2502 (46)
312 2461 415 2493 Lubet
439 2462 521 2494 hanc
542 2461 575 2493 in
597 2471 663 2494 rem
687 2461 786 2494 verba
811 2461 990 2505 doecribere
1009 2461 1058 2493 Pii
1069 2463 1124 2494 vl.
1137 2462 1170 2494 in
1183 2462 1300 2494 litteris
1314 2463 1498 2504 apostolicis
1510 2463 1595 2496 datis

131 2510 184 2544 die
202 2513 352 2545 11.1uiii.
374 2517 464 2546 1789.
482 2514 523 2546 ad
539 2513 713 2546 Antonium
742 2514 928 2555 archiepisc.
956 2522 1158 2555 pragensem:
1182 2515 1328 2547 «Locum
1354 2523 1443 2555 esse,
1469 2515 1594 2556 inquit,

131 2566 403 2607 praesumptioni,
428 2568 466 2600 ut
489 2567 568 2599 dum
593 2565 836 2599 matrimonium
861 2567 1052 2600 contrahere
1071 2566 1264 2607 voluerunt,
1280 2567 1497 2609 (acatholici)
1512 2568 1597 2601 iilud

133 2618 237 2649 iuxta
264 2619 466 2651 institutum
494 2619 644 2659 Christi,
678 2620 775 2660 atque
811 2619 891 2652 adeo
925 2618 1097 2651 insolubile
1120 2619 1202 2651 inire
1229 2619 1411 2661 voluerint,
1439 2621 1597 2654 nimirum

131 2669 269 2708 generali
288 2678 327 2702 ea
346 2671 521 2704 intentione
544 2671 754 2704 contrahendi
772 2672 864 2703 iuxta
882 2671 1116 2703 institutionem
1136 2671 1273 2713 Christi,
1290 2674 1472 2713 privatum
1490 2673 1597 2708 illum

132 2727 282 2752 errorem
305 2721 555 2762 quodammodo
576 2723 810 2755 absorbente.»
820 2722 912 2763 Apud
928 2723 1097 2755 caesarem
1109 2722 1305 2756 Brancadori
1320 2725 1376 2757 Pu
1389 2726 1486 2758 Sexti
1495 2729 1594 2768 pont.

133 2779 229 2804 max.
245 2772 488 2814 allocutiones,
510 2775 672 2808 homiliae
692 2776 856 2817 epistolae
866 2777 931 2808 etc.
943 2777 1022 2809 tom.
1040 2777 1065 2809 1.
1080 2775 1136 2809 toi.
1148 2777 1378 2811 Amstelodami
1393 2778 1475 2820 (seu
1488 2780 1596 2821 potius

135 2825 278 2865 Romae)
296 2829 383 2859 1792.
400 2835 471 2867 pag.
490 2828 560 2859 246.

1471 2885 1499 2911 ³12
