1918 3186
265 227 354 260 cAr.
371 229 411 259 v.
430 231 481 261 ιιι)
506 231 660 263 mmsr.
685 230 888 263 commu.
919 233 1012 264 Λιιτ.
1036 232 1098 264 ιιι.
1122 231 1276 265 ancum.
1308 232 1456 264 maor..
1530 218 1615 263 161

152 307 229 370 qui
254 308 509 364 assisteret,
538 319 715 373 accepta
748 310 842 355 sive
876 309 931 355 ab
965 309 1062 366 illo,
1101 311 1196 358 sive
1229 310 1285 357 ab
1318 310 1542 357 ordinario
1565 311 1621 358 ad

151 382 197 427 id
234 382 439 430 facultate
462 385 579 445 (47).

247 459 371 514 Quae
396 476 495 506 cum
526 460 588 507 ita
611 477 659 508 se
683 459 897 515 habeant,
930 478 1116 524 pronum
1140 472 1209 508 est
1235 461 1440 525 colligere
1461 478 1515 508 ex
1538 461 1623 508 hac

150 534 310 597 agendi
334 535 645 600 sentiendique
669 536 836 583 ratione
863 536 1199 583 tridentinorum
1224 547 1419 601 patrum,
1450 554 1526 585 eos
1544 553 1623 602 pro

150 619 266 657 certo
293 609 508 657 habuisse
533 612 578 656 1.
596 611 877 658 matrimonia
900 611 1178 659 clandestina
1196 630 1299 659 vera
1317 613 1458 660 fuisse
1474 629 1622 660 sacra·

148 695 319 740 menta,
342 695 385 731 et
401 685 562 732 exinde
580 696 713 733 totam
732 697 870 733 ortam
896 687 1224 743 difficultatem,
1249 705 1354 734 num
1372 699 1524 752 posset
1542 705 1623 735 nec

149 777 205 807 ne
239 760 428 808 ecclesia
461 761 538 808 illa
572 762 768 818 irritare3
810 765 853 808 2.
882 764 977 810 Non
1005 763 1220 826 distingui
1254 764 1301 809 in
1325 774 1547 821 concreto,
1574 775 1624 811 ut

147 836 295 893 aiunt,
332 847 654 885 sacramentum
686 856 711 885 a
741 849 966 886 contractu
997 839 1043 885 in
1071 838 1292 902 coniugiis
1327 839 1551 896 fidelium,
1582 850 1624 887 et

147 912 247 959 ideo
263 950 273 968 ,
301 913 365 959 uti
385 913 585 960 nonnulli
610 914 884 971 inferebant,
914 932 1001 962 non
1026 931 1158 979 posse
1182 914 1415 961 ecclesiam
1450 916 1623 962 irritare

146 999 439 1045 contractum,
467 990 576 1053 quin
602 991 792 1037 irritaret
817 1001 1019 1038 naturam
1038 991 1325 1046 sacramenti;
1352 992 1396 1037 3.
1414 1007 1623 1055 praesen-

147 1065 254 1112 tiam
279 1065 524 1113 sacerdotis
548 1082 636 1112 non
666 1067 830 1130 requiri
863 1067 919 1114 de
946 1067 1210 1122 necessitate
1234 1067 1520 1122 sacramenti,
1542 1067 1621 1114 sed

146 1158 200 1188 ex
225 1141 440 1188 ecclesiae
475 1142 778 1190 tantummodo
807 1143 1122 1207 dispositione,
1151 1142 1350 1206 alioquin
1379 1160 1621 1207 numquam

146 1216 440 1281 disceptatum
459 1216 618 1263 fuisset
634 1226 780 1263 utrum
800 1217 990 1273 scribae,
1015 1228 1090 1264 aut
1106 1217 1349 1264 sacerdotis
1366 1228 1484 1265 esset
1501 1235 1624 1282 prae-

144 1292 287 1341 sentia
320 1292 635 1357 praeferenda;
674 1294 715 1338 4.
742 1293 857 1339 hanc
887 1293 1183 1357 praesentiam
1213 1293 1378 1357 requiri
1398 1304 1447 1340 ut
1465 1293 1616 1349 testis,

142 1379 193 1416 ut
214 1369 359 1424 aiunt,
389 1369 653 1432 (ludificati,
693 1385 782 1432 quo
816 1368 994 1415 fraudes
1029 1378 1420 1432 praecaverentur,
1459 1369 1519 1415 ita
1552 1379 1617 1425 ut,

143 1460 195 1491 eo
222 1444 355 1491 etiam
380 1443 641 1498 reluctante,
664 1443 918 1505 coniugium
936 1442 1138 1490 validum
1164 1443 1246 1499 sit,
1275 1443 1506 1490 sicaetera
1521 1460 1623 1491 con-

143 1529 322 1567 currant
346 1536 374 1566 a
400 1519 639 1567 tridentino
666 1519 966 1583 praescripta;
1004 1521 1048 1564 5.
1073 1519 1294 1584 adeoque,
1323 1519 1442 1583 quod
1466 1536 1622 1567 conse-

143 1613 285 1660 quens
312 1605 399 1652 est,
425 1613 569 1660 neque
599 1596 867 1643 sacerdotem
893 1613 993 1643 esse
1017 1596 1211 1659 coniugii
1235 1595 1484 1643 ministrum
1500 1632 1510 1652 ‚
1540 1612 1622 1643 nec

142 1671 293 1729 verba,
309 1689 425 1737 quae
442 1672 499 1719 ab
516 1688 568 1719 eo
587 1671 885 1736 proferuntur:
909 1673 950 1719 E
950 1690 1002 1736 qo
1019 1690 1093 1720 vos
1112 1674 1337 1735 coniunqo,
1352 1689 1454 1719 6556
1477 1688 1621 1719 sacra-

141 1747 276 1794 menti
312 1747 511 1795 formam.
1533 1804 1535 1806 q

238 1823 385 1871 Talem
404 1841 534 1889 porro
548 1824 885 1872 tridentinorum
905 1836 1076 1891 patrum
1095 1835 1285 1871 mentem
1304 1825 1467 1880 fuisse,
1490 1840 1618 1888 prae-

143 1910 208 1946 ter
230 1915 306 1955 ea,
334 1917 450 1964 quae
485 1899 618 1947 allata
652 1912 779 1956 sunt,
807 1901 993 1948 mirifice
1017 1900 1302 1947 confirmatur
1325 1917 1378 1946 ex
1402 1899 1517 1963 ipsis
1541 1915 1620 1963 op-

144 1975 490 2039 pugnationibus
535 1975 657 2022 Pauli
704 1976 873 2040 Sarpii,
912 1977 990 2041 qui
1025 1976 1080 2022 de
1114 1992 1235 2022 more
1268 1991 1321 2045 err
1355 1973 1501 2021 alieno
1544 1989 1619 2020 ore

143 2050 367 2098 decretum
402 2051 688 2098 tridentinum
724 2051 918 2114 maligno
943 2052 1073 2099 dente
1097 2051 1253 2115 carpit.
1283 2050 1483 2106 Etenim,
1514 2050 1618 2096 scri—

142 2127 207 2174 bit
240 2127 358 2191 ipse,
397 2126 644 2191 complures
670 2145 756 2175 non
782 2128 1027 2190 intelligere
1061 2129 1242 2191 quinam
1278 2126 1537 2173 definiretur
1566 2142 1619 2172 ea

147 2203 455 2265 (clandestina
489 2204 727 2266 coniugia)
767 2205 906 2251 fuisse
940 2222 1043 2251 vera
1079 2213 1374 2257 sacramenta,
1405 2213 1618 2249 ettamen

142 2279 375 2327 ecclesiam
400 2279 553 2326 eadem
584 2298 758 2344 semper
780 2280 1038 2327 detestatam
1065 2280 1227 2335 fuisse,
1262 2296 1362 2325 cum
1397 2278 1491 2325 fieri
1530 2295 1618 2325 non

145 2357 287 2421 possit
320 2367 366 2403 ut
400 2357 587 2404 ecclesia
622 2367 897 2404 sacramenta
930 2357 1188 2412 detestetur;
1228 2356 1382 2403 nolens
1417 2355 1618 2402 animad-

143 2443 311 2482 vertere
339 2433 571 2481 ecclesiam
601 2450 688 2481 non
716 2443 990 2480 sacramenta
1015 2433 1060 2478 in
1086 2450 1158 2488 se,
1187 2432 1266 2479 sed
1292 2431 1451 2478 malam
1477 2431 1619 2482 susci-

237 2604 303 2643 (47)
322 2604 393 2636 Lib.
413 2605 529 2636 xxm.
546 2613 616 2644 cap.
634 2606 688 2636 VI.
704 2613 737 2636 n.
756 2605 883 2636 17.Hoc
899 2603 1005 2644 ipsum
1022 2602 1259 2642 argumentum,
1279 2600 1366 2641 quod
1382 2599 1562 2633 desumitur
1577 2609 1618 2633 ex

144 2656 271 2687 concilii
288 2657 454 2689 tridentini
470 2657 551 2689 actis
563 2657 605 2688 ad
618 2657 851 2689 ostendendum
865 2680 874 2696 ,
890 2658 997 2697 patres
1018 2655 1092 2687 illos
1116 2655 1209 2694 longe
1225 2652 1365 2685 abfuisse
1381 2654 1565 2686 asententia
1578 2653 1619 2685 de

146 2707 312 2740 sacerdote
327 2710 517 2742 sacramenti
537 2710 734 2742 matrimonii
750 2709 908 2749 minimo,
925 2708 994 2740 fuse
1015 2716 1053 2740 ac
1071 2707 1165 2739 docte
1181 2706 1303 2739 evolvit
1320 2706 1513 2739 Benedictus
1529 2708 1614 2738 xtv.

147 2761 180 2791 in
190 2759 245 2791 cit.
258 2761 350 2792 Brevi
361 2761 400 2792 ad
412 2762 586 2794 Antonium
600 2761 786 2801 archiepisc.
799 2762 958 2800 Gonnum,
975 2759 1064 2801 quod
1079 2759 1236 2801 reperitur
1250 2759 1282 2791 in
1293 2758 1469 2800 appendice
1482 2758 1522 2790 ad
1537 2759 1618 2803 eius-

147 2812 220 2844 dem
236 2812 396 2852 pontilicis
413 2813 588 2845 Bullarium
605 2813 655 2844 ed.
675 2814 787 2844 venet.
806 2815 894 2844 1784.

1520 2885 1558 2918 ll
