1912 3180
244 206 335 238 cn.
360 206 417 237 ιν.
441 205 495 237 ns
512 206 668 239 Αιιιιιιιι.
687 207 765 239 ruo
782 206 886 238 nme
904 206 956 237 ιιιι
975 206 1100 238 nra.
1119 206 1202 238 ειν.
1220 206 1311 238 An.
1331 207 1393 238 111.
1489 193 1578 238 399

109 301 248 340 num,
287 284 551 332 oleumetc.
587 296 734 332 tamen
774 302 876 332 cum
910 303 962 332 ea
997 295 1184 349 usurpat
1217 284 1274 331 ad
1308 297 1582 333 sacramenta

109 360 406 417 conficienda,
434 378 488 408 ea
507 361 695 408 adhibet
716 372 766 408 ut
791 378 873 408 sua
899 360 1070 425 absque
1092 360 1391 426 dependentia
1413 379 1439 408 a
1461 362 1581 410 civili

108 437 339 484 societate.
355 437 510 484 Civilis
527 437 813 501 magistratus
833 438 1022 502 protegit
1039 454 1092 485 ac
1111 448 1257 485 tuetur
1279 437 1459 503 quidem
1485 439 1581 486 iura

113 529 212 568 sua,
242 529 322 559 seu
347 513 460 569 iura,
490 531 605 578 quae
621 513 773 571 habet,
796 530 885 561 non
909 523 1054 560 autem
1078 531 1153 569 ea,
1176 531 1293 578 quae
1315 531 1403 562 non
1426 514 1576 562 habet.

110 587 290 635 Nullum
315 599 461 636 autem
495 590 643 654 reipsa
676 591 748 637 ius
782 589 915 637 habet
948 589 1069 654 quod
1098 590 1186 637 sibi
1219 590 1415 639 vindicet
1448 608 1584 696 super

109 665 442 712 matrimonium
477 666 785 714 christianum.

210 742 278 787 lv.
314 741 490 797 Quarta
523 743 710 790 assertio
743 742 863 790 omni
895 743 1062 807 pariter
1094 753 1162 790 est
1195 742 1482 791 fundamento
1503 744 1582 792 de·-

113 817 288 873 stituta;
327 835 431 865 nam
466 819 648 883 quando
683 819 932 866 christiana
962 818 1126 882 religio
1151 819 1371 866 introduci
1407 821 1577 884 coepit,

111 893 281 940 invenit
300 894 483 958 quidem
518 895 640 958 leges
674 895 852 951 civiles,
882 895 961 942 sed
986 895 1106 958 leges
1130 894 1322 951 invenit,
1351 898 1479 960 quae'
1490 896 1579 944 vim

110 970 417 1017 tantummodo
434 970 672 1018 habuerint
685 971 730 1018 in
744 971 930 1019 effectus
949 971 1103 1019 civiles
1120 971 1404 1027 matrimonii,
1420 989 1581 1036 nempe

111 1045 158 1091 in
197 1044 352 1092 ordine
386 1046 443 1093 ad
478 1047 758 1103 societatem,
796 1057 846 1094 ut
880 1046 1013 1111 paulo
1047 1056 1150 1094 ante
1181 1046 1488 1094 adnotavimus
1530 1064 1584 1095 ac

111 1131 267 1185 postea
301 1121 434 1169 etiam
468 1122 572 1169 data
605 1141 738 1188 opera
772 1123 1083 1178 ostendemus,
1122 1140 1211 1170 non
1245 1133 1392 1170 autem
1410 1161 1420 1179 ‚
1465 1126 1582 1188 quae

111 1195 338 1244 afficerent
381 1196 582 1245 intimam
625 1198 892 1246 matrimonii
936 1209 1137 1245 naturam
1160 1236 1170 1254 ‚
1209 1216 1289 1245 seu
1322 1198 1575 1256 vinculum,

108 1273 232 1337 quod
272 1290 361 1321 non
397 1284 465 1321 est
505 1292 586 1322 nec
628 1293 728 1322 esse
762 1274 1158 1340 potestobiectum
1203 1274 1315 1338 legis
1359 1274 1583 1322 humanae

111 1366 193 1397 seu
226 1350 388 1397 civilis.
414 1350 463 1396 Si
492 1369 582 1416 qua
616 1351 897 1399 matrimonia
929 1351 1123 1398 invalide
1156 1351 1396 1407 inirentur,
1423 1350 1469 1397 id
1494 1369 1581 1398 non

112 1425 403 1474 enascebatur
436 1445 489 1474 ex
521 1427 565 1473 vi
599 1426 711 1490 legis
747 1427 989 1491 positivae,
1029 1426 1107 1474 sed
1141 1444 1195 1474 ex
1227 1426 1272 1473 vi
1307 1425 1418 1489 legis
1451 1436 1580 1473 natu-

111 1501 247 1557 ralis,
284 1502 594 1566 quaeplures
636 1502 970 1550 coniunctiones
1004 1501 1239 1566 improbat.
1279 1501 1324 1547 Si
1358 1519 1447 1566 qua
1478 1518 1582 1549 vero

110 1577 331 1625 inirentur
351 1578 584 1642 coniugia,
614 1595 730 1642 quae
754 1578 851 1625 iure
874 1588 1058 1625 naturae
1090 1577 1239 1625 valida
1271 1588 1450 1634 essent,
1478 1594 1582 1642 pro-

111 1653 226 1702 fecto
252 1654 310 1702 ob
341 1655 592 1719 principum
625 1654 747 1718 leges
782 1654 978 1702 invalida
1002 1655 1049 1701 in
1072 1655 1164 1719 soro
1192 1655 1469 1701 conscientiae
1492 1671 1580 1702 non

113 1730 426 1778 reddebantur.
451 1730 614 1778 Contra
634 1747 739 1777 vero
764 1730 803 1777 si
827 1747 945 1795 quae
973 1730 1342 1794 permittebantur
1358 1747 1384 1777 a
1407 1729 1581 1793 legibus

112 1806 319 1870 coniugia
347 1844 357 1863 ,
401 1823 516 1871 quae
550 1806 644 1854 iure
683 1816 867 1853 naturae
911 1806 1296 1870 improbarentur,
1334 1805 1484 1853 valida
1523 1805 1580 1853 ob

112 1882 331 1930 eiusmodi
365 1882 486 1945 leges
521 1900 609 1930 non
643 1881 964 1929 efficiebantur.
987 1882 1145 1929 Verum
1169 1882 1271 1930 dato
1298 1881 1431 1928 etiam
1460 1881 1579 1946 quod

115 1975 185 2008 res
208 1958 356 2006 adhuc
379 1959 547 2007 incerta
570 1959 652 2015 sit,
681 1958 898 2005 immerito
928 1968 1075 2006 orator
1097 1975 1194 2005 eam
1219 1964 1442 2022 tamquam
1465 1957 1582 2022 prin-

113 2035 280 2099 cipium
315 2036 630 2083 inconcussum
665 2052 716 2082 ac
750 2033 1035 2081 ineluctabile
1068 2034 1273 2082 assumit.

209 2112 294 2159 Sed
331 2122 375 2159 et
408 2111 518 2158 illud
562 2111 762 2167 accedit,
801 2110 963 2159 falsum
998 2110 1179 2158 omnino
1212 2127 1314 2158 esse
1346 2110 1580 2157 ecclesiam

113 2187 287 2251 legibus
305 2188 531 2244 civilibus,
548 2205 661 2252 quas
680 2187 850 2235 invenit
867 2187 984 2234 circa
1003 2186 1348 2242 matrimonium,
1365 2203 1413 2233 se
1432 2185 1581 2233 subie-

112 2264 246 2312 cisse.
277 2266 388 2311 Nam
417 2264 610 2312 ecclesia
637 2263 707 2310 vel
731 2281 758 2311 a
781 2264 876 2311 suis
912 2262 1166 2327 primordiis
1203 2262 1427 2328 propriam
1460 2273 1582 2310 auto-

114 2340 307 2388 nomiam
336 2340 542 2405 patefecit
563 2378 572 2397 ‚
601 2357 653 2386 ac
676 2340 740 2386 uti
765 2339 945 2387 omnino
973 2339 1340 2404 independentem
1366 2356 1415 2387 se
1444 2339 1583 2403 gessit

113 2415 232 2464 circa
264 2415 533 2463 matrimonii
576 2414 799 2479 politicam
835 2414 1189 2478 legislationem;
1237 2426 1370 2478 atque
1407 2425 1456 2461 ut
1501 2431 1582 2461 suo

116 2491 214 2539 loco
243 2491 551 2546 ostendemus,
591 2500 683 2537 tum
719 2507 855 2538 novas
879 2507 931 2537 ac
955 2489 1041 2536 sibi
1067 2490 1270 2555 proprias
1299 2489 1498 2537 condidit
1520 2489 1582 2537 le-

112 2585 191 2631 ges
219 2606 229 2624 ‚
275 2578 368 2616 tum
410 2567 529 2631 leges
573 2566 824 2632 imperiales
866 2566 1196 2630 attemperavit,
1240 2577 1316 2613 aut
1355 2566 1584 2630 abrogavit

114 2644 276 2700 etiam;
316 2656 408 2692 tum
443 2645 481 2692 si
517 2662 631 2710 quae
665 2654 790 2690 erant
823 2642 1052 2698 innoxiae,
1091 2660 1146 2689 ne
1180 2642 1335 2690 fideles
1377 2643 1582 2691 civilibus

115 2719 461 2768 destituerentur
500 2719 759 2773 effectibus,
798 2735 850 2765 ac
885 2716 1130 2764 molestiam
1177 2719 1467 2775 sustinerent,
1505 2735 1583 2766 eas

114 2795 392 2860 adoptando,
433 2815 537 2844 suas
583 2795 755 2850 effecit,
795 2812 966 2858 suaque
1011 2793 1238 2841 sanctione
1281 2793 1498 2858 probavit.
1537 2795 1581 2840 Si
