1912 3180
257 186 346 217 eff,
371 187 428 217 ιν.
452 187 503 217 nr:
528 185 684 218 annun.
711 186 786 217 ruo
805 186 908 218 LEGE
928 186 980 217 m:
1000 186 1126 218 ima.
1153 187 1235 218 civ.
1260 188 1353 219 Αιιτ.
1379 187 1423 218 ιι.
1509 173 1598 217 377

124 264 258 311 hasce
292 264 445 312 civiles
481 265 659 329 nuptias
694 263 972 312 contrahant.
1019 264 1198 311 Etenim
1218 303 1227 320 ,
1266 275 1315 312 ut
1347 265 1602 312 omittamus

125 341 351 403 praesidia
385 340 614 396 indirecta,
637 338 803 404 quibus
833 349 1019 386 utuntur
1052 339 1310 387 enervando
1345 339 1602 403 religionem

123 416 415 473 catholicam,
454 416 618 463 bellum
654 416 756 478 iuge
793 415 1028 463 indicendo
1063 416 1304 472 ecclesiae,
1346 434 1604 481 promoven-

123 492 270 556 doque
297 492 707 556 protestantismum
725 530 734 547 ,
764 509 844 539 seu
869 492 1149 554 negationem
1176 493 1375 541 cuiusvis
1398 493 1604 542 christia-

125 568 258 615 nismi
301 569 511 632 positivi,
557 569 601 616 id
642 568 840 616 obtinere
877 568 1043 615 directe
1083 569 1219 616 etiam
1261 581 1469 633 satagunt
1505 570 1605 617 alli-

122 645 281 692 ciendo
335 645 391 692 ad
440 646 597 693 horum
648 645 955 708 coniugiorum
1013 644 1211 691 civilium
1263 646 1603 694 celebrationem

125 721 434 769 imminutione
469 722 886 786 impedimentorum
921 721 1225 768 dirimentium
1265 724 1383 783 (54),
1424 723 1605 787 abroga—

125 798 331 864 tioneque
372 799 729 863 impedientium.
766 798 861 845 Hac
892 797 1062 845 ratione
1096 797 1391 862 multiplicare
1426 799 1606 847 student

125 892 233 922 suas
267 875 422 922 civiles
458 875 665 939 nuptias,
694 892 810 940 quas
835 885 983 921 tamen
1009 891 1175 938 paucos
1199 874 1438 922 admodum
1471 876 1606 923 initu-

126 969 198 999 ros
233 969 334 999 esse
367 952 608 998 affirmant.

221 1027 424 1074 Ceterum
460 1027 608 1074 facilis
647 1038 718 1074 est
753 1027 1002 1075 descensus
1035 1027 1210 1083 averni;
1250 1028 1359 1075 satis
1393 1038 1463 1075 est
1495 1028 1606 1075 inci-

126 1120 230 1167 pere
252 1141 261 1159 ,
301 1113 343 1150 et
376 1103 520 1168 posita
556 1103 599 1148 in
635 1103 800 1150 malum
848 1102 1124 1167 proclivitate
1146 1140 1155 1158 ,
1193 1102 1403 1167 disrupto·
1444 1121 1605 1167 aggere

124 1196 270 1244 aquae
314 1179 574 1227 dilabuntur
603 1218 612 1234 ,
664 1197 716 1226 ac
762 1178 962 1243 undique-
1004 1196 1105 1225 sese
1149 1176 1390 1226 effundunt
1435 1181 1606 1244 praeci-

127 1255 257 1319 pites.

223 1333 368 1380 Tertia
393 1350 498 1398 pars
535 1333 908 1389 ratiocinationis,
951 1349 1085 1397 quam
1124 1331 1398 1388 refellimus,
1439 1332 1606 1380 codicis

126 1409 330 1473 spiritum
349 1410 644 1466 commendat,
663 1409 739 1474 qui
759 1409 987 1456 insinuare
1005 1426 1057 1455 ac
1075 1425 1337 1472 promovere
1355 1407 1518 1455 dicitur
1536 1425 1607 1471 ge-

127 1487 320 1534 neralem
355 1487 576 1551 regulam,
616 1498 665 1533 ut
699 1486 906 1549 coniugia
940 1486 1026 1532 ritu
1063 1486 1271 1549 religioso
1306 1485 1599 1533 celebrentur.

126 1563 282 1610 Verum
316 1564 422 1611 dum
457 1564 514 1610 de
547 1563 700 1611 codice
744 1580 890 1610 sermo
932 1574 1025 1620 est,
1079 1580 1222 1610 sermo
1259 1573 1328 1610 est
1361 1563 1418 1610 de
1452 1563 1607 1610 codice

128 1656 215 1686 iam
250 1640 355 1687 dato
388 1657 439 1686 ac
474 1640 530 1686 de
564 1640 716 1687 codice
750 1639 899 1686 adhuc
932 1639 1081 1687 dando
1118 1639 1396 1704 subalpinis,
1437 1657 1516 1686 seu
1549 1640 1605 1686 de

127 1715 279 1763 codice
314 1716 429 1762 facto
457 1733 509 1762 ac
533 1716 589 1762 de
613 1715 766 1762 codice
789 1716 836 1761 in
858 1715 968 1779 fieri.
998 1715 1042 1760 Si
1068 1715 1171 1763 dato
1195 1715 1338 1762 codici
1367 1715 1606 1763 adiiciatur

128 1792 195 1840 lex
229 1793 286 1839 de
319 1792 526 1855 coniugio
561 1808 681 1838 mere
715 1790 862 1847 civili,
892 1791 1055 1838 salsum
1092 1802 1161 1838 est
1195 1791 1405 1855 spiritum
1440 1791 1608 1839 codicis

130 1869 356 1915 insinuare
390 1886 441 1915 ac
476 1885 734 1932 promovere
769 1867 966 1930 regulam
1002 1867 1254 1930 generalem
1289 1867 1345 1914 de
1380 1868 1466 1914 ritu
1503 1867 1605 1915 reli-

128 1946 253 2008 gioso
288 1946 332 1991 in
368 1944 590 2007 coniugiis
625 1944 859 1991 servando.
896 1945 1018 1991 Tunc
1051 1944 1169 1991 enim
1205 1944 1388 2009 spiritus
1422 1945 1603 2009 perfecti

128 2023 295 2070 codicis
331 2039 379 2069 se
414 2021 563 2087 prodit
596 2039 649 2068 ex
683 2021 1016 2068 oblectamentis
1041 2038 1092 2068 ac
1117 2020 1292 2077 illiciis,
1322 2039 1438 2086 quae
1469 2021 1607 2069 codex

128 2100 226 2163 ipse
254 2099 427 2146 civibus
462 2097 642 2163 praebet
669 2109 719 2144 ut
745 2115 846 2145 sese
876 2098 1066 2145 invicem
1097 2097 1370 2161 coniungant
1401 2098 1607 2161 coniugio

230 2235 295 2275 (54)
317 2235 471 2276 Superius
493 2235 635 2267 vidimus
654 2234 885 2277 impedimenta
913 2234 1099 2267 dirimentia
1120 2234 1276 2266 canonica
1304 2234 1455 2274 pleraque
1475 2233 1508 2264 in
1531 2233 1610 2275 legis

124 2286 344 2327 paradigmate
360 2286 458 2319 fuisse
473 2287 617 2326 sublata,
632 2287 664 2317 et
680 2286 719 2318 ad
737 2295 840 2327 pauca
853 2286 986 2318 omnino
1003 2285 1141 2318 redacta.
1153 2287 1288 2326 Insuper
1303 2285 1470 2326 proposita
1480 2285 1532 2317 lex
1547 2285 1609 2327 ple·

124 2338 290 2371 nissimam
304 2339 489 2372 facultatem
505 2338 653 2370 concedit
672 2338 737 2378 regi
753 2337 959 2378 dispensandi
971 2338 1004 2369 in
1015 2339 1120 2378 primo
1133 2338 1300 2370 affinitatis
1311 2337 1414 2379 gradu
1426 2338 1495 2370 sive
1508 2347 1547 2370 ex
1563 2338 1607 2370 le-

122 2390 237 2430 gitima
249 2391 318 2422 sive
333 2400 371 2422 ex
388 2390 557 2431 illegitima
571 2389 688 2430 copula
699 2414 708 2430 ,
721 2398 781 2422 nec
795 2397 859 2422 nou
876 2389 909 2421 in
923 2390 1162 2431 impedimentis
1175 2389 1484 2431 consanguineitatis
1494 2391 1527 2423 et
1539 2390 1608 2423 affi-

126 2443 237 2475 nitatis
248 2443 331 2475 inter
347 2445 495 2484 patrnos,
508 2443 643 2482 amitas,
659 2444 790 2484 nepotes
801 2451 839 2475 ac
848 2444 976 2483 neptes,
990 2444 1025 2474 ut
1034 2442 1063 2474 ei
1075 2441 1249 2483 exprobrat
1264 2444 1393 2475 senator
1406 2443 1612 2483 impugnator

130 2495 218 2536 legis.
235 2495 310 2527 Vid.
326 2497 450 2528 senato
466 2494 523 2526 del
543 2497 664 2535 Reqno.
676 2496 817 2526 Tornata
833 2494 884 2526 del
905 2499 952 2526 18.
970 2494 1115 2526 Dicemb.
1131 2498 1220 2526 1852.
1232 2503 1304 2535 pag.
1318 2498 1390 2527 200.
1402 2495 1465 2526 col.
1483 2500 1513 2528 2.
1525 2494 1607 2532 Quis

126 2556 223 2589 porro
241 2548 364 2580 nesciat
383 2547 543 2580 eiusmodi
558 2546 814 2587 dispensationes
827 2547 888 2579 soli
904 2546 1078 2587 ecclesiae,
1092 2555 1149 2578 seu
1167 2555 1248 2579 rom.
1264 2546 1410 2588 pontifici
1422 2555 1492 2580 esse
1506 2556 1604 2581 reser-

126 2603 237 2632 vatas?
256 2600 335 2638 Quis
356 2601 482 2641 ignorat
502 2599 659 2632 eiusmodi
683 2600 927 2632 coniunctiones
940 2609 959 2631 a
975 2601 1043 2632 Deo
1061 2599 1094 2632 in
1111 2600 1250 2632 Levitic.
1271 2601 1387 2631 xvm.
1409 2599 1508 2634 fuisse
1532 2610 1604 2644 pru-

124 2653 262 2685 hibitas?
283 2654 431 2685 Attamen
453 2653 485 2684 in
506 2652 585 2693 legis
605 2651 794 2692 subalpinae
815 2652 1036 2693 paradigmate
1059 2659 1195 2692 persona
1213 2651 1296 2692 regis
1314 2654 1463 2695 exempta
1483 2653 1526 2686 ab
1546 2653 1604 2687 im-

127 2705 319 2747 pedimentis
347 2705 381 2737 in
402 2705 516 2738 eadem
540 2705 708 2739 recensitis
727 2704 922 2737 declaratur.
939 2706 1044 2745 Atque
1059 2704 1130 2737 heic
1144 2704 1275 2737 demum
1288 2705 1394 2739 obiter
1406 2706 1528 2741 adnoto
1541 2716 1605 2740 non

124 2759 189 2790 alia
205 2758 237 2790 in
253 2767 292 2790 ea
312 2758 379 2800 lege
400 2759 631 2801 impedimenta
660 2757 846 2790 dirimentis
873 2757 1009 2799 proponi
1032 2760 1157 2799 practer
1172 2758 1227 2790 illa
1245 2758 1335 2800 ipsa,
1352 2768 1435 2800 quae
1448 2760 1606 2793 statuerat

128 2812 301 2843 Lutherus.
