1918 3186
269 219 357 264 212
534 233 613 263 mn.
643 231 672 261 1.
701 229 815 262 secr.
845 226 1016 261 mem.
1046 229 1098 260 nn
1122 229 1296 261 mrum.
1319 229 1461 261 eiviu.

362 308 604 355 Tridentini
639 317 787 354 autem
821 306 956 353 verba
990 306 1100 354 haec
1136 316 1261 353 sunt:
1294 307 1473 354 «Grave
1507 320 1732 371 peccatum

264 396 332 431 est
356 384 559 430 homines
585 382 753 430 solutos
778 382 1050 430 concubinas
1076 381 1266 438 habere,
1295 383 1608 446 gravissimum
1631 402 1734 432 vero

263 471 306 507 et
339 460 383 505 in
419 458 554 505 huius
589 459 736 521 magni
776 458 1038 506 sacramenti
1090 459 1424 521 (matrimonii)
1464 459 1732 523 singularem

262 545 560 599 contemptum
597 534 868 591 admissum,
895 546 1102 583 uxoratos
1136 552 1316 600 quoque
1351 535 1396 581 in
1431 535 1515 583 hoc
1549 536 1735 583 damna—

261 611 394 658 tionis
421 621 539 657 statu
573 611 741 667 vivere,
771 628 822 658 ac
845 611 1008 658 audere
1042 628 1118 657 eas
1153 611 1422 676 quandoque
1455 612 1576 659 domi
1600 612 1733 659 etiam

259 705 359 734 cum
383 687 596 735 uxoribus
621 687 739 734 alere
756 697 799 734 et
815 687 1017 734 retinere.
1049 686 1196 741 Quare
1219 697 1268 733 ut
1290 697 1414 735 tanto
1438 688 1554 735 malo
1578 698 1734 735 sancta

258 764 459 828 synodus
493 763 752 827 opportunis
789 762 996 809 remediis
1031 762 1283 826 provideat,
1313 763 1466 810 statuit
1491 763 1736 809 huiusmodi

260 840 583 887 concubinarios
617 850 706 886 tam
741 837 909 886 solutos
955 855 1090 902 quam
1135 848 1342 886 uxoratos
1361 876 1371 894 ,
1413 839 1733 902 cuiuscumque

258 925 426 971 status,
465 915 693 978 dignitatis
729 925 771 961 et
803 913 1069 961 conditionis
1103 913 1320 970 existant,
1351 914 1391 961 si
1414 925 1652 979 postquam
1676 914 1733 961 ab

258 990 506 1047 ordinario,
544 991 676 1037 etiam
711 1007 764 1036 ex
798 989 968 1046 officio,
997 1000 1063 1036 ter
1086 989 1300 1037 admoniti
1324 1007 1377 1037 ea
1399 990 1455 1037 de
1481 1007 1527 1037 re
1551 990 1728 1046 fuerint,

259 1067 532 1114 concubinas
566 1084 654 1114 non
688 1065 923 1122 eiecerint,
963 1083 1102 1130 seque
1135 1065 1192 1113 ab
1228 1084 1380 1114 earum
1415 1065 1734 1114 consuetudine

256 1159 344 1189 non
380 1142 666 1198 seiunxerint,
707 1142 1141 1188 excommunicatione
1174 1142 1395 1189 feriendos
1429 1159 1554 1198 esse,
1583 1159 1610 1189 a
1642 1159 1732 1207 qua

256 1226 344 1265 non
363 1217 665 1274 absolvantur,
689 1217 831 1265 donec
849 1218 997 1282 reipsa
1015 1218 1306 1266 admonitioni
1324 1219 1466 1283 sactae
1485 1218 1726 1282 paruerint.

256 1293 384 1349 Quod
407 1293 446 1341 si
470 1293 515 1340 in
539 1293 837 1341 concubinatu
861 1311 941 1358 per
963 1311 1129 1341 annum
1163 1294 1364 1341 censuris
1399 1294 1612 1356 neglectis
1637 1311 1733 1358 per-

255 1370 521 1425 manserint,
557 1379 708 1417 contra
735 1387 812 1417 eos
848 1387 927 1434 per
960 1370 1210 1417 ordinarios
1239 1387 1390 1417 severe
1414 1387 1494 1434 pro
1519 1369 1734 1434 qualitate

255 1445 455 1493 criminis
490 1445 780 1509 procedatur;
820 1445 1028 1493 mulieres
1064 1445 1159 1493 sive
1191 1445 1474 1508 coniugatae,
1521 1445 1618 1492 sive
1659 1462 1733 1492 so-

255 1521 405 1578 lutae,
444 1539 559 1586 quae
591 1538 692 1569 cum
727 1521 959 1578 adulteris,
989 1538 1069 1568 seu
1093 1521 1421 1568 concubinariis
1457 1521 1634 1585 publice
1667 1522 1734 1569 vi·-

253 1607 381 1653 vunt,
412 1597 451 1645 si
476 1608 543 1645 ter
566 1597 818 1646 admonitae
852 1615 940 1644 non
976 1597 1223 1661 paruerint,
1264 1597 1319 1644 ab
1353 1597 1579 1645 ordinario
1613 1597 1732 1645 loco-

254 1691 377 1730 rum,
417 1672 538 1721 nullo
575 1673 707 1720 etiam
743 1672 1013 1737 requirente,
1041 1691 1093 1720 ex
1117 1673 1266 1720 officio
1300 1673 1464 1737 pariter
1490 1690 1569 1737 pro
1599 1673 1731 1722 modo

253 1748 412 1813 culpae
445 1749 711 1813 puniantur,
750 1759 792 1796 et
825 1759 951 1796 extra
983 1748 1199 1813 oppidum
1223 1758 1249 1806 ,’
1271 1749 1341 1797 vel
1375 1749 1618 1797 dioecesim
1642 1787 1652 1807 ,
1690 1750 1730 1797 si

252 1824 298 1871 id
332 1825 501 1872 eisdem
529 1825 767 1872 ordinariis
800 1824 1048 1881 videbitur,
1088 1824 1310 1882 invocato,
1349 1825 1387 1872 si
1422 1842 1535 1889 opus
1570 1825 1726 1882 fuerit,

251 1899 436 1948 brachio
471 1900 689 1956 seculari,
727 1900 989 1957 eiiciantur,
1020 1900 1122 1948 aliis
1148 1901 1304 1965 poenis
1328 1910 1480 1948 contra
1505 1900 1730 1948 adulteros

252 1988 295 2024 et
308 1976 648 2026 concubinarios
668 1976 848 2024 inflictis
867 1977 913 2023 in
931 1994 1012 2025 suo
1026 1976 1183 2024 robore
1202 1976 1561 2041 permanentibus
1576 1978 1670 2039 (12)
1683 2014 1691 2022 .
1703 1997 1725 2021 »

347 2052 412 2098 Ex
446 2053 632 2101 istorum
675 2051 963 2100 conciliorum
1006 2052 1196 2099 decretis
1232 2062 1352 2116 patet
1385 2052 1588 2116 publicos
1622 2069 1727 2106 conf

251 2127 507 2175 cubinarios
532 2145 620 2176 non
645 2127 790 2176 solum
814 2127 946 2192 plecti
972 2144 1104 2192 posse
1128 2138 1180 2174 ac
1203 2127 1365 2175 debere
1389 2127 1446 2175 ab
1475 2127 1723 2183 ordinario,

251 2222 331 2251 seu
364 2204 578 2268 episcopo
621 2204 708 2253 loci
750 2203 1219 2252 excommunicationis
1255 2222 1396 2268 poena
1430 2214 1531 2268 post
1564 2203 1726 2250 trinam

251 2280 622 2336 admonitionem,
663 2280 743 2329 sed
777 2279 1029 2344 puniendos
1064 2290 1294 2344 praeterea>
1325 2297 1427 2327 esse
1461 2295 1613 2326 severe
1647 2296 1727 2342 pro

250 2356 464 2421 qualitate
498 2356 697 2404 criminis
733 2357 789 2403 ad
823 2357 1036 2404 ordinarii
1075 2356 1328 2413 arbitrium3
1363 2374 1450 2403 non
1486 2355 1616 2402 modo
1650 2373 1726 2402 ex-

251 2432 479 2496 pellendas
515 2432 572 2479 ab
605 2432 792 2497 oppido,
822 2443 898 2479 aut
930 2432 1123 2480 dioecesi
1158 2432 1454 2488 concubinas,
1483 2430 1522 2478 si
1547 2430 1607 2476 ita
1630 2431 1725 2494 epi-

251 2525 386 2572 scopo
407 2508 553 2557 visum
576 2508 733 2564 fuerit,
753 2526 906 2557 verum
929 2507 1061 2556 etiam
1085 2507 1186 2555 aliis
1211 2507 1372 2555 subiici
1396 2506 1553 2571 poenis
1572 2544 1581 2563 ,
1610 2523 1725 2570 quae

251 2602 276 2629 a
296 2584 390 2631 iure
410 2602 489 2648 per
504 2601 698 2632 canones
716 2584 982 2631 constitutae
1001 2594 1118 2630 sunt.
1138 2583 1229 2630 Has
1254 2582 1368 2629 inter
1391 2599 1558 2647 poenas
1578 2593 1722 2629 autem

250 2669 293 2706 et
315 2659 390 2706 illa
414 2670 667 2708 recensetur
688 2659 745 2708 de
769 2659 949 2724 publica
972 2658 1172 2715 infamia,
1212 2676 1348 2723 quam
1377 2657 1594 2706 eiusmodi
1620 2675 1723 2706 con-

251 2734 468 2782 cubinarii
494 2737 746 2793 incurrunt;
777 2736 837 2784 ita
860 2746 909 2783 ut
931 2735 1018 2801 ipsi
1048 2735 1133 2782 hac
1166 2734 1348 2782 infamia
1383 2733 1556 2782 multati
1581 2751 1608 2781 a
1631 2734 1724 2782 foro

348 2838 412 2879 (12)
435 2840 519 2872 Sess-
537 2843 651 2874 xxiv.
669 2843 720 2874 Dc
732 2841 875 2881 reform.
889 2837 1043 2875 matrim.
1058 2849 1127 2882 cap.
1146 2845 1175 2874 8.
