1912 3180
319 180 408 223 390
584 192 661 222 uu.
692 191 720 220 1.
752 188 864 220 secr.
893 189 1065 219 ALTERA.
1099 189 1150 219 ΒΕ
1176 189 1348 221 unnim.
1379 189 1519 221 crvru.

316 281 387 316 tur
409 271 452 331 (6
462 270 526 328 8).
544 268 647 321 Lex,
670 265 725 311 de
750 282 839 329 qua
863 265 1053 327 agimus,
1072 265 1249 329 utrique
1274 265 1551 313 subversioni
1576 276 1785 322 extranea

318 344 473 391 extitit.

412 419 620 483 Alioquin
657 419 754 482 pari
791 419 885 464 iure
918 418 1080 466 inferre
1114 434 1320 483 possem:
1361 418 1406 463 in
1441 417 1611 480 Belgio,
1651 435 1703 468 ac
1737 419 1783 467 in

318 496 552 543 Germania
586 505 690 542 nata
722 495 940 541 subversio
974 505 1042 541 est
1075 494 1132 541 ob
1167 494 1304 556 legem
1331 493 1387 539 de
1410 493 1692 541 matrimonio
1726 494 1787 541 ci-

315 572 391 621 vili
417 572 511 619 illic
533 572 783 635 vigentem,
812 581 963 619 contra
986 588 1091 618 vero
1115 570 1161 616 in
1187 570 1373 634 imperio
1398 571 1598 618 russiaco
1633 570 1785 618 nullus

317 648 400 694 fuit
423 647 497 694 hic
521 658 668 695 motus
694 664 746 694 eo
771 647 895 711 ipso⁷
933 645 1052 710 quod
1086 662 1174 692 non
1208 645 1375 707 vigeret
1409 645 1520 692 haec
1553 644 1640 691 lex.
1664 645 1783 700 Quid

316 734 548 788 reponeret
582 722 899 783 adversarius?

414 798 643 845 Caeterum
679 797 923 852 affirmare,
963 796 1082 860 quod
1116 795 1185 842 lex
1219 796 1275 842 de
1309 796 1514 858 coniugio
1547 796 1667 843 civili
1701 795 1792 842 uti·—

319 876 494 923 lissima
519 875 577 922 sit
599 874 797 921 moribus
815 911 824 929 ,
854 872 1037 936 perinde
1070 882 1138 919 est
1171 890 1223 920 ac
1258 872 1374 920 serio
1408 872 1631 919 affirmare
1655 872 1793 937 pesti-

317 951 498 998 lentiam
523 950 768 998 conducere
792 948 848 995 ad
877 948 992 995 aeris
1016 947 1346 1004 salubritatem,
1373 948 1571 1012 inopiam
1595 948 1652 995 ad
1677 965 1789 1012 opu-

318 1027 500 1074 lentiam
517 1065 527 1082 ,
556 1026 694 1089 frigus
719 1024 774 1071 ad
798 1035 985 1071 aestum.
1015 1024 1123 1071 Vere
1148 1024 1236 1080 his,
1261 1024 1336 1088 qui
1362 1024 1423 1071 ita
1447 1023 1781 1079 ratiocinantur,

319 1101 535 1167 applicari
571 1099 681 1146 illud
716 1089 861 1164 potest
893 1098 1117 1164 Apostoli:
1152 1098 1278 1155 «Qui
1303 1099 1499 1146 dicentes
1527 1116 1576 1147 se
1599 1116 1700 1147 esse
1724 1115 1791 1146 sa-

318 1178 487 1242 pientes
515 1176 638 1223 stulti
664 1175 766 1223 facti
793 1185 895 1222 sunt
918 1177 1068 1237 (69).»

869 1342 1143 1380 ARTICULUS
1172 1343 1238 1378 ΙΙΙ,

364 1439 640 1511 Ειξρεῐὶᾱυῐιϊυι·
669 1465 898 1510 argumenta
924 1473 992 1511 pro
1019 1462 1103 1511 lege
1129 1461 1200 1500 sub
1227 1466 1380 1510 aspectu
1408 1463 1522 1499 etiam
1552 1460 1727 1510 religioso

914 1531 953 1564 et
981 1526 1183 1565 catholico.

991 1640 1030 1697 g.
1072 1637 1104 1681 1.

757 1747 969 1788 'theologicae
988 1747 1146 1788 quaedam
1168 1747 1344 1780 doctrinae.

417 1866 513 1912 Non
548 1864 784 1911 defuerunt
818 1864 862 1909 in
897 1863 1087 1910 comitiis
1132 1863 1382 1927 subalpinis
1427 1862 1647 1926 theologi,
1686 1863 1790 1911 licet

325 1941 444 1988 laici.
468 1941 539 1988 Sic
563 1940 698 2003 igitur
731 1950 984 1987 senatorum
1018 1957 1135 1986 unus
1170 1948 1477 2002 argumentum
1512 1939 1790 2004 deprompsit

323 2035 375 2063 ex
394 2018 494 2081 ipso
512 2015 760 2079 theologiae
784 2032 918 2079 penu.
941 2015 1202 2079 Exemplum
1228 2014 1380 2079 populi
1406 2015 1570 2062 iudaici
1589 2026 1632 2062 et
1648 2015 1790 2062 ethni-

320 2109 471 2140 corum
494 2130 504 2148 ,
532 2091 609 2156 qui
634 2091 962 2138 matrimonium
998 2101 1212 2155 perpetuo
1246 2090 1309 2137 uti
1345 2100 1492 2137 actum
1528 2090 1703 2138 civilem
1728 2091 1791 2137 si-

318 2168 409 2215 mul
442 2179 486 2216 et
524 2184 700 2215 sacrum
735 2176 1021 2232 spectarunt,
1059 2166 1116 2213 ad
1152 2183 1243 2213 rem
1277 2182 1364 2212 non
1400 2166 1614 2230 pertinet,
1655 2181 1792 2231 quum

318 2262 457 2309 penes
500 2244 708 2309 antiquos
743 2243 931 2308 populos
965 2252 1154 2307 utraque
1189 2252 1385 2306 potestas
1420 2241 1567 2289 civilis
1601 2242 1790 2298 aereli-

317 2321 442 2383 giosa
466 2329 618 2368 essent
640 2319 929 2375 coniunctae3
960 2329 1112 2366 contra
1134 2336 1237 2366 vero
1261 2335 1340 2365 eae
1364 2317 1589 2365 seiunctae
1613 2328 1718 2364 sunt
1741 2317 1786 2362 in

319 2396 414 2458 lege
438 2394 716 2459 evangelica,
745 2412 884 2459 quum
909 2403 1178 2458 protestatus
1203 2393 1262 2441 sit
1287 2393 1575 2457 Redemptor,
1603 2409 1786 2455 regnum

320 2489 449 2518 suum
483 2488 570 2518 non
605 2488 704 2518 esse
730 2470 788 2516 de
811 2470 896 2518 hoc
921 2469 1086 2516 mundo
1109 2471 1225 2532 (70).
1249 2469 1343 2517 Hoc
1377 2478 1680 2532 argumentum
1708 2468 1789 2514 ite-

413 2643 478 2683 (68)
500 2643 550 2675 Cf.
568 2643 692 2684 insigne
706 2651 805 2684 opus:
828 2644 873 2675 Le
895 2642 1070 2683 monopole
1094 2643 1342 2674 universitaire
1366 2640 1586 2673 destructam·
1611 2639 1653 2671 de
1679 2639 1714 2671 la
1743 2632 1794 2671 re.-

324 2692 430 2734 liqion,
449 2696 482 2726 et
506 2694 565 2726 des
589 2694 665 2727 lois.
686 2696 779 2736 Lyon
797 2698 886 2727 1842.

414 2746 480 2785 (69)
502 2748 595 2779 Rom.
613 2748 647 2787 1,
662 2752 713 2780 22.

415 2799 480 2837 (70)
500 2800 624 2830 senato
645 2799 702 2831 del
722 2808 838 2839 regno.
856 2801 996 2832 Tornata
1012 2799 1063 2831 del
1084 2804 1128 2831 ¹5.
1141 2798 1284 2831 Dicemb.
1302 2806 1372 2838 pag.
1392 2802 1461 2830 180,
