1918 3186
215 203 304 235 cir.
325 204 382 235 iv.
402 203 578 235 nxPENn.
596 203 691 235 Aac.
708 203 760 234 na
778 203 870 246 itm.
889 205 1004 237 sAcn.
1023 205 1115 237 aar.
1129 205 1174 237 ιι.
1189 205 1285 237 Ana.
1304 205 1423 237 rim).
1498 190 1582 236 111

119 292 212 328 tum
230 291 296 329 est
319 282 527 345 adagium
561 281 779 329 Dominici
804 282 923 338 Soto,
947 283 1067 348 quod
1086 283 1268 331 scilicet.
1286 283 1584 348 «Iurisperiti,

118 360 281 422 quoties
314 360 361 405 in
394 360 463 405 ius
496 358 692 405 divinum
725 359 883 423 falcem
913 362 1120 416 mittunt,
1161 370 1437 408 cruentantur
1467 363 1584 423 (16>;

116 452 266 482 eorum
302 434 540 482 auctoritas
576 434 620 481 in
656 434 787 482 rebus
821 435 1082 499 theologicis
1117 455 1254 502 parva
1287 436 1584 486 omnino'est.

115 512 197 559 His
221 512 356 575 igitur
377 511 601 568 dimissis,
629 529 682 558 ex
706 511 861 559 ordine
888 512 1140 561 evolvamus
1167 514 1436 570 testimonia,
1474 531 1589 578 quae

115 588 344 636 attulimus
361 606 414 635 ex
430 588 701 645 auctoribus,
719 588 796 654 qui
820 589 1057 637 adstruunt
1079 591 1350 638 sacerdotem
1367 607 1468 638 esse
1485 607 1590 638 con-

114 665 224 729 iugii
258 665 491 712 christiani
526 664 796 712 ministrum.
820 665 930 712 Cum
962 683 1067 714 vero
1100 666 1312 714 nonnulla
1335 683 1389 714 ex
1411 665 1485 713 his
1512 665 1588 713 illa

113 741 204 789 sint
236 742 358 807 ipsa,
387 741 573 807 quaein
599 741 718 789 Cano
753 742 841 789 iam
875 741 1191 806 expendimus,
1229 741 1329 791 ideo
1363 760 1479 807 quae
1512 759 1588 790 su-

111 828 298 882 persunt
329 817 523 865 examini
557 828 727 865 tantum
763 814 1068 866 subiiciemus.

207 894 504 942 Tertullianus
538 886 689 959 itaque
714 895 760 941 in
784 893 863 942 lib.
892 896 949 941 ll.
973 895 1039 942 Ad
1061 912 1239 942 uxorem
1261 912 1301 943 c.
1326 891 1371 941 8.
1393 894 1589 959 loquitur

110 971 168 1018 de
191 971 483 1035 obsiqnatione
506 971 844 1028 benedictionis,
868 982 1086 1036 quatenus
1103 972 1166 1019 ita
1185 972 1354 1020 ferebat
1373 971 1588 1019 ecclesiae

111 1048 349 1113 disciplina
383 1066 439 1096 ne
470 1048 640 1096 occulte
674 1048 1002 1096 celebrarentur
1034 1050 1236 1114 nuptiae,
1263 1059 1419 1114 etqua
1453 1044 1587 1096 fiebat

111 1135 162 1173 ut
183 1125 515 1173 matrimonium
540 1126 586 1171 in
610 1125 722 1173 facie
756 1125 970 1173 ecclesiae
1003 1125 1271 1173 celebratum
1305 1143 1435 1173 suum
1469 1125 1588 1188 sigil-

110 1201 199 1263 lum
225 1239 235 1258 ,
272 1212 321 1248 ut
355 1202 416 1249 ita
450 1201 635 1266 loquar,
681 1201 914 1249 obtineret.
943 1201 1091 1249 Talem
1123 1219 1228 1250 vero
1261 1219 1362 1249 esse
1397 1212 1585 1249 mentem

108 1278 367 1327 Tertulliani
413 1288 563 1343 aperte
607 1289 781 1326 constat
813 1296 866 1326 ex
898 1296 951 1326 eo
985 1279 1103 1343 quod
1139 1279 1237 1343 ipse
1269 1296 1375 1326 vera
1408 1296 1461 1326 ac
1494 1273 1587 1325 rata

108 1353 273 1401 habeat
305 1354 609 1410 matrimonia,
648 1371 764 1419 quae
797 1354 987 1410 occulte,
1018 1371 1069 1401 ac
1102 1354 1288 1418 proinde
1322 1354 1420 1401 sine
1451 1353 1587 1401 bene-

110 1429 305 1477 dictione
329 1429 591 1477 sacerdotali
616 1430 974 1486 celebrabantur,
998 1447 1112 1495 quae
1134 1440 1281 1477 tamen
1305 1429 1462 1477 illicita
1483 1446 1587 1494 pro-

109 1506 292 1553 nunciat
325 1506 551 1554 scribens:
585 1526 607 1551 «
630 1506 735 1554 Ideo
767 1523 906 1571 penes
936 1523 1017 1553 nos
1041 1506 1239 1554 occultae
1272 1523 1450 1571 quoque
1481 1523 1587 1554 con—

106 1582 387 1638 iunctiones,
425 1582 472 1629 id
506 1592 608 1639 est,
651 1593 736 1628 non
764 1584 893 1646 prius
926 1583 1044 1647 apud
1077 1584 1298 1630 ecclesiam
1333 1584 1579 1648 professae,

105 1658 228 1705 iuxta
261 1658 510 1706 moechiam
535 1670 579 1706 et
602 1659 935 1707 fornicationem
960 1659 1147 1707 iudicari
1172 1655 1493 1724 periclitantur.
1522 1661 1585 1706 Ne

108 1735 212 1782 inde
244 1746 476 1784 consertae
508 1736 691 1784 obtentu
724 1737 992 1784 matrimonii
1027 1736 1193 1784 crimen
1228 1736 1410 1783 eludant
1430 1737 1581 1798 (17).»

105 1811 276 1876 Nempe
290 1850 300 1869 ,
327 1822 378 1859 ut
400 1812 580 1877 exponit
602 1811 844 1876 Rigaltius·
873 1812 1035 1860 oblatis
1059 1811 1274 1859 ecclesiae
1297 1829 1377 1876 per
1398 1811 1585 1876 presby-

106 1896 222 1933 teros
258 1887 467 1935 fidelibus
491 1887 811 1952 coniugandis,
837 1898 887 1935 ut
909 1887 1218 1936 communibus
1241 1888 1355 1935 votis
1379 1886 1585 1949 coniugio

106 1961 443 2011 benediceretur
463 1966 597 2027 ·(18).
629 1965 675 2010 Si
710 1964 813 2011 talis
847 1964 983 2028 igitur
1014 1974 1082 2011 est
1115 1963 1378 2020 benedictio,
1405 1963 1462 2010 de
1494 1980 1584 2028 qua

105 2037 304 2102 loquitur
335 2039 657 2097 Tertullianus,
697 2051 817 2106 patet
851 2041 1022 2089 nullum
1047 2057 1127 2105 per
1153 2040 1297 2104 ipsam
1327 2040 1479 2104 perfici
1510 2057 1583 2087 sa-

103 2168 162 2210 qui
176 2168 300 2210 optime
314 2169 463 2202 canonici
482 2170 563 2202 iuris
578 2171 757 2212 peritorum
782 2172 958 2205 sententias
983 2171 1138 2211 callebat,
1165 2170 1305 2204 scribere
1330 2179 1395 2203 non
1419 2170 1583 2204 dubitavit

102 2222 159 2254 lib.
172 2223 261 2254 vul.
274 2224 325 2254 De
339 2222 467 2264 synodo
483 2231 554 2264 cap.
571 2224 659 2255 xlll.
674 2232 707 2255 n.
723 2226 754 2256 4.
770 2226 886 2256 «Hanc
899 2224 1020 2265 quippe
1035 2223 1227 2256 sententiam
1241 2223 1301 2264 (de
1315 2222 1581 2256 contrahentibus

102 2275 260 2308 ministris
273 2276 465 2308 sacramenti
481 2276 702 2317 matrimonii)
726 2278 970 2318 propugnarunt
993 2277 1058 2309 sere
1078 2285 1191 2309 omnes
1211 2276 1337 2317 antiqui
1356 2276 1520 2318 theologi,
1536 2278 1583 2309 iu-

103 2330 221 2370 risque
233 2330 392 2362 canonici
407 2330 645 2370 interpretes.»

194 2381 259 2422 (16)
280 2383 376 2414 Dom.
391 2383 470 2414 soto
484 2382 517 2414 in
532 2385 563 2414 4.
579 2383 666 2414 Sent.
681 2381 756 2414 dist.
776 2387 822 2414 13.
839 2391 895 2423 qu.
912 2387 938 2414 1.
951 2383 1012 2414 art.
1028 2388 1056 2415 s.
1073 2381 1123 2415 ed.
1140 2382 1313 2416 Metimnae
1325 2391 1344 2414 a
1357 2382 1471 2423 campi
1490 2387 1579 2415 1581.

104 2441 175 2474 pag.
192 2438 264 2467 552.

198 2486 263 2526 (17)
286 2488 335 2519 De
353 2486 527 2528 pudicitia
543 2496 613 2528 cap.
631 2489 687 2520 lv.
704 2489 799 2520 Hunc
818 2488 937 2520 librum
954 2488 1085 2529 scripsit
1104 2488 1324 2520 Tertullianus
1340 2488 1406 2520 iam
1421 2489 1580 2521 montani·

102 2540 170 2580 ειυς
184 2539 262 2571 hinc
275 2548 334 2581 per
348 2540 428 2572 illud
442 2540 560 2582 quoad
574 2549 636 2573 nos
650 2540 812 2582 siguificat
823 2542 950 2573 caetum
964 2543 1070 2574 sectae
1081 2550 1170 2574 suae.

196 2592 262 2632 (18)
282 2591 342 2624 Ed.
355 2593 474 2634 Rigalt.
491 2593 584 2626 Paris
609 2596 699 2626 1664.
715 2603 788 2635 pag.
806 2597 877 2627 557.
892 2596 968 2626 nota
983 2594 1034 2635 (d)
1046 2593 1167 2626 Eadem
1181 2593 1281 2626 ferme
1295 2593 1408 2626 scribit
1421 2593 1578 2627 inlib.11.

97 2642 151 2675 Aa
161 2652 309 2677 uxorem
319 2653 349 2678 c.
362 2650 392 2678 8.
403 2648 472 2679 not.
487 2645 533 2687 (Ιι)
546 2655 619 2688 pag.
632 2649 683 2679 71.
698 2647 753 2679 ubi
766 2646 858 2679 addit
869 2648 1006 2687 :utque
1020 2646 1100 2680 haec
1114 2647 1207 2678 vetus
1221 2646 1375 2679 eeclesiae
1384 2646 1488 2679 forma
1498 2647 1582 2680 etan·

102 2695 229 2728 destiua
248 2698 400 2739 coniugia
420 2699 603 2740 nesciebat,
617 2708 701 2741 quae
719 2708 802 2740 vaga
814 2701 846 2732 et
860 2699 1009 2731 effraenis
1023 2700 1115 2731 extra
1131 2700 1278 2740 proprias
1292 2699 1443 2732 eeclesias
1457 2699 1579 2733 discur-

102 2749 193 2782 rendi
207 2749 434 2784 etdivertendi
459 2752 588 2785 lieentia
609 2753 708 2793 paulo
722 2754 796 2793 post
817 2752 972 2784 invexit.»
982 2752 1033 2785 Gt.
1049 2753 1145 2785 etiam
1161 2752 1338 2786 pamelium
1359 2753 1392 2786 in
1417 2753 1529 2787 adnot.
1539 2754 1579 2786 ad

98 2803 159 2835 hos
173 2804 291 2835 textus.
