1912 3180
339 177 434 221 ‘256
606 191 685 221 m«.
715 190 745 220 1.
774 188 888 220 sacr.
912 190 1081 221 ALTERA.
1112 191 1164 222 nn
1188 191 1360 224 mnium.
1391 193 1532 225 civim.

910 300 1125 338 cAPIJ'r
1154 302 1230 337 11.

523 413 575 443 DE
609 412 856 444 MATRmONn
891 413 1038 446 lelms
1072 415 1240 447 ORJGINE
1274 416 1323 447 ΕΤ
1359 417 1608 451 PROGRESSU.

908 522 1182 559 ARTICULUS
1201 524 1230 560 1.

485 624 616 674 Neque
642 627 681 662 in
710 624 989 673 ecclesiastica,
1019 635 1140 673 neque
1167 626 1207 662 in
1234 626 1386 666 ethnica
1413 630 1641 679 antiquitate

628 690 861 727 matrimonii
889 688 1014 726 civilis
1042 690 1148 737 origo
1175 690 1338 728 inveniri
1365 696 1501 740 potest.

431 788 637 852 Magnum
679 806 857 852 semper
895 788 1036 836 cuivis
1078 806 1240 836 causae
1280 789 1490 837 damnum
1524 791 1667 838 attulit
1701 794 1800 857 ipsa

334 865 396 911 rei
426 864 597 912 novitas
622 864 667 910 in
692 864 764 919 iis,
794 880 908 927 quae
935 865 991 911 ad
1020 864 1279 928 religionem
1306 877 1521 930 spectant.
1545 868 1725 916 Novitas
1750 869 1796 915 in

333 940 560 1004 religionis
595 940 769 1003 negotio
803 950 970 986 certum
1000 951 1068 987 est
1094 940 1307 988 indicium
1342 942 1570 1000 falsitatis,
1603 961 1800 1007 praeser-

332 1016 409 1062 tim
435 1017 473 1063 si
499 1016 682 1064 novitati
716 1015 933 1063 ecclesiae
967 1016 1219 1080 reprobatio
1252 1019 1502 1066 accesserit.
1539 1019 1663 1067 Talia
1694 1037 1799 1068 vero

330 1110 431 1140 esse
464 1092 685 1140 connubia
725 1091 875 1139 civilia
914 1110 1050 1156 penes
1091 1092 1404 1141 christifideles
1441 1112 1511 1142 res
1552 1106 1621 1142 est
1653 1095 1799 1160 explo-

330 1179 570 1216 ratissima.

423 1246 488 1291 Ex
527 1263 615 1310 quo
653 1246 772 1294 enim
812 1247 1056 1295 christiana
1095 1249 1251 1312 religio
1291 1249 1577 1296 disseminari
1617 1250 1789 1314 coepit,

329 1320 526 1368 fidelium
561 1322 767 1385 coniugia
800 1332 1024 1388 tamquam
1059 1342 1186 1372 sacra
1219 1325 1372 1372 habita
1401 1336 1504 1372 sunt
1530 1325 1577 1372 in
1606 1325 1795 1373 ecclesia

328 1397 558 1453 universa,
599 1408 732 1463 atque
765 1398 822 1445 ab
856 1417 909 1447 ea
941 1401 1134 1463 regenda
1157 1411 1200 1448 et
1222 1401 1510 1448 moderanda.
1538 1401 1789 1466 Siquidem,

327 1490 482 1536 quum,
509 1472 695 1520 docente
711 1473 943 1538 Apostolo,
967 1475 1199 1522 christiani
1218 1476 1426 1523 connubii
1452 1476 1555 1523 finis
1573 1476 1726 1532 fuerit,
1748 1486 1798 1523 ut

328 1549 469 1596 forma
501 1560 645 1607 esset,
683 1551 778 1598 sive
812 1551 859 1597 in
894 1569 992 1599 sese
1026 1552 1207 1599 referret
1239 1552 1592 1599 coniunctionem
1627 1552 1793 1600 Christi

328 1643 427 1672 cum
462 1625 672 1683 ecclesia,
704 1632 748 1674 et
781 1627 958 1690 signum
992 1628 1145 1674 efficax
1172 1627 1361 1690 gratiae,
1395 1628 1629 1675 conferens
1663 1628 1795 1674 nimi-

326 1719 422 1748 rum
448 1702 634 1765 gratiam
664 1702 720 1749 ad
748 1702 1027 1750 dilectionem
1057 1702 1435 1767 supernaturalem
1463 1702 1696 1750 fovendam
1726 1703 1795 1749 in-

326 1787 393 1823 ter
426 1778 660 1841 coniugeS,
692 1778 777 1826 hoc
807 1779 905 1843 ipso
933 1779 1196 1826 sacramenti
1231 1778 1342 1825 ratio
1370 1778 1683 1843 inseparabilis
1719 1796 1793 1825 ex-

325 1853 414 1900 titit
445 1871 472 1900 a
506 1853 750 1902 christiano
783 1854 959 1902 foedere
994 1854 1200 1918 nuptiali.

420 1930 515 1977 Hac
548 1930 604 1977 de
637 1947 775 1977 causa
808 1941 856 1977 ut
890 1930 1047 1977 intima
1075 1930 1185 1977 haec
1224 1930 1556 1978 sacramentalis
1599 1930 1793 1993 coniugii

324 2005 555 2053 christiani
591 2006 784 2071 qualitas
826 2006 910 2054 sub
951 2024 1111 2054 sensus
1151 2006 1477 2071 quodammodo
1512 2007 1711 2063 caderet,
1750 2018 1793 2055 et

323 2082 520 2130 omnium
544 2093 790 2147 patesceret
811 2083 1006 2140 obtutui,
1029 2083 1234 2140 ecclesia,
1257 2093 1306 2129 ut
1324 2100 1457 2147 saepe
1478 2083 1683 2148 superius
1702 2083 1794 2130 ani-

323 2159 663 2216 madvertimus,
693 2159 911 2224 quosdam
936 2160 1047 2207 ritus
1075 2159 1284 2216 adscivit,
1313 2159 1476 2223 quibus
1501 2160 1680 2223 dignius
1704 2177 1794 2206 ma-

322 2236 494 2302 iorique
517 2229 617 2284 cum
642 2237 888 2284 reverentia
912 2254 963 2284 ac
985 2237 1268 2284 veneratione
1295 2236 1501 2299 coniugia
1524 2236 1794 2283 celebraren-

322 2324 407 2371 tur.
447 2314 566 2361 Inter
598 2324 743 2361 cetera
776 2314 1026 2370 constituit,
1053 2323 1103 2361 ut
1136 2331 1329 2378 sponsus
1363 2324 1406 2360 et
1440 2330 1605 2377 sponsa
1638 2313 1791 2360 inituri

320 2390 573 2453 coniugium
607 2407 755 2437 coram
788 2390 1017 2454 episcopo,
1039 2400 1116 2436 aut
1139 2390 1368 2437 sacerdote
1394 2406 1443 2436 se
1473 2388 1701 2445 sisterent,
1734 2389 1791 2435 ad

322 2484 422 2514 sese
448 2467 811 2515 communiendos
835 2466 1142 2514 benedictione
1167 2465 1372 2530 nuptiali.
1407 2465 1527 2512 Haec
1551 2474 1696 2511 autem
1720 2464 1793 2513 be-

322 2543 514 2591 nedictio
549 2561 638 2591 non
672 2544 728 2590 ad
760 2543 884 2591 solos
919 2542 1230 2590 contrahentes
1266 2540 1584 2596 coarctabatur,
1624 2541 1702 2587 sed
1736 2541 1791 2588 ad

322 2619 503 2676 anulos,
534 2620 654 2676 vela,
688 2637 875 2667 coronas
903 2618 1231 2684 porrigebatur,
1263 2634 1351 2681 quo
1377 2616 1605 2679 augustior
1632 2616 1793 2664 solem-

321 2694 507 2759 niorque
540 2706 783 2760 apparatus
813 2696 959 2752 fieret,
989 2704 1123 2759 atque
1148 2704 1197 2740 ut
1225 2710 1277 2740 ex
1304 2691 1562 2756 multiplici,
1591 2709 1705 2756 quae
1731 2692 1793 2739 ef·-

321 2769 600 2827 sundebatur,
631 2790 763 2836 prece
784 2772 965 2820 uberior
989 2789 1125 2835 super
1155 2787 1344 2835 sponsos
1371 2769 1512 2832 gratia
1546 2768 1788 2817 obveniret.
