1912 3180
387 208 477 253 284
646 220 725 251 mn.
754 219 783 251 1.
813 218 925 252 sscr.
956 220 1126 252 ALTERA.
1158 221 1209 252 nn
1234 220 1406 252 numu.
1430 220 1569 253 elvini.

384 299 547 361 tatique
569 313 621 342 ac
642 296 901 344 inflammati
936 315 963 344 a
996 297 1303 345 communismi
1339 297 1527 345 ducibus
1562 297 1743 356 suerint,
1769 303 1836 349 vi-

383 389 476 419 cem
508 371 573 418 eis
607 370 812 428 reddent,
855 382 897 419 et
935 373 981 419 in
1015 373 1213 436 ipsorum
1248 372 1393 437 capita
1427 373 1837 438 professionemque

381 446 516 494 relabi
540 447 701 494 sacient
717 485 727 504 ,
755 465 871 512 quae
892 448 1027 495 iidem
1051 449 1097 494 in
1121 449 1200 495 Dei
1225 466 1375 495 servos
1398 447 1537 495 moliti
1572 458 1675 496 sunt
1715 450 1831 510 (36).

476 523 560 570 Sed
583 533 632 570 ut
653 523 699 569 in
721 524 838 571 viam
872 524 1190 588 regrediamur:
1229 523 1599 588 quemadmodum
1634 524 1836 588 politices

381 599 749 664 proprietatisque
792 600 1036 665 principia,
1075 600 1137 646 ita
1169 600 1301 646 etiam
1345 610 1522 647 sanctae
1565 600 1834 648 matrimonii

380 675 499 737 leges
524 693 549 721 a
572 676 888 723 communismo
915 692 1158 722 concussae
1191 686 1309 722 sunt.
1338 677 1447 721 Nam
1481 676 1683 740 quamvis
1717 693 1835 724 com-

380 751 598 798 munistae
642 768 693 798 ac
738 752 987 799 socialistae
1020 751 1228 798 'nondum
1272 751 1493 815 potuerint
1535 751 1710 815 impura
1754 769 1835 798 sua

380 826 583 889 dogmata
615 826 791 891 populis
826 826 1086 890 propinare,
1126 825 1186 872 ita
1218 835 1267 872 ut
1300 825 1547 872 aboleretur
1579 825 1834 888 coniugium

380 903 547 966 ipsum,
570 903 700 967 eique
728 901 1002 948 sufficeretur
1027 901 1166 948 libera
1182 919 1234 948 ac
1252 911 1534 965 temporanea
1565 901 1830 956 coniunctio,

379 995 459 1025 seu
480 996 593 1042 vaga
615 996 774 1026 venus:
799 995 944 1042 neque
966 995 1017 1026 eo
1041 978 1342 1042 pervenerint,
1376 988 1424 1024 ut
1447 978 1683 1025 effraenem
1709 977 1835 1042 poly-

379 1054 568 1118 gamiam
587 1072 637 1101 ac
661 1053 966 1117 polyandriam
984 1053 1332 1110 introduxerint3
1359 1071 1492 1117 grave
1515 1062 1658 1100 tamen
1674 1052 1838 1100 vulnus

377 1130 543 1193 nuptiis
561 1129 814 1176 christianis
833 1130 1102 1176 inflixerunt.
1121 1129 1292 1176 Etenim
1311 1129 1486 1176 illorum
1505 1129 1629 1175 ideae
1647 1128 1835 1193 irrepse-

378 1215 478 1251 runt
505 1206 550 1251 in
581 1216 748 1252 mentes
785 1205 1274 1270 pseudo-politicorum,
1298 1205 1646 1269 effeceruntque‚
1675 1216 1724 1251 ut
1746 1204 1836 1251 sal-

377 1292 462 1327 tem
496 1282 829 1345 protestantium
858 1281 1058 1328 doctrina
1083 1282 1138 1328 de
1168 1281 1446 1328 matrimonio
1470 1298 1551 1328 ceu
1574 1297 1692 1327 mere
1714 1280 1835 1328 civili.

376 1367 600 1405 contractu
642 1374 787 1421 neque
832 1357 1027 1404 absurda
1073 1374 1216 1422 neque
1262 1357 1509 1420 irreligiosa
1547 1357 1679 1404 etiam
1720 1356 1835 1403 inter

373 1433 612 1481 catholicos
635 1433 870 1481 videretur.
896 1433 1192 1481 Obtinuerunt
1219 1443 1464 1497 praeterea,
1491 1443 1541 1480 ut
1563 1433 1834 1497 excogitare·

471 1616 536 1657 (36)
554 1618 635 1650 Sane
649 1618 819 1659 postquam
832 1617 945 1650 Thiers
960 1617 991 1649 in
1005 1617 1120 1658 op.cui
1134 1616 1186 1649 tit.
1197 1617 1288 1649 nist.
1303 1615 1345 1648 de
1359 1615 1396 1648 la
1409 1616 1516 1648 revol.
1532 1616 1611 1648 tom.
1627 1617 1652 1647 1.
1670 1623 1741 1657 pag.
1760 1617 1828 1648 187.

375 1672 423 1701 11.
436 1668 515 1701 edit.
532 1670 565 1702 et
578 1668 656 1701 alibi
670 1669 789 1710 passim
801 1669 837 1701 in
852 1669 963 1702 eadem
980 1668 1115 1702 historia
1128 1668 1307 1710 apologiam
1322 1668 1426 1700 texuit
1437 1667 1639 1709 spoliationis
1652 1675 1690 1699 ae
1701 1667 1833 1708 deprae-

373 1720 513 1752 dationis
539 1720 696 1753 bonorum
719 1721 1007 1754 ecclesiasticorum
1027 1729 1111 1761 quae
1129 1721 1213 1753 facta
1228 1722 1276 1752 est
1296 1728 1349 1752 an.
1371 1723 1447 1752 1789
1466 1721 1497 1752 et
1520 1728 1611 1760 seqq.
1634 1728 1672 1752 ac
1699 1719 1832 1761 ipsemet

372 1771 495 1804 laetitia
510 1772 650 1817 gestiens
662 1777 815 1805 an.1830.
831 1773 1011 1805 interfuerit
1023 1772 1194 1813 episcopii,
1211 1773 1247 1804 ut
1261 1772 1393 1812 vocant,
1409 1779 1464 1804 seu
1481 1771 1591 1813 palatii
1603 1771 1833 1813 archiepiscopi

373 1824 559 1865 parisiensis
582 1825 754 1858 vastationi
768 1849 778 1865 ,
807 1826 844 1857 ut
866 1826 1002 1858 testatur
1026 1825 1174 1866 Aloysius
1191 1824 1291 1857 Blanc
1313 1824 1346 1856 in
1370 1833 1427 1856 sua
1449 1825 1601 1857 Histoire
1623 1824 1666 1856 de
1687 1824 1751 1856 dix
1772 1833 1836 1857 ans

372 1878 452 1909 tom.
466 1878 508 1909 11.
525 1886 595 1919 pag.
613 1882 672 1910 29⁰
687 1879 719 1910 et
733 1883 804 1910 292.
818 1878 960 1910 scribens
978 1877 1018 1910 de
1030 1879 1070 1909 D.
1085 1880 1206 1918 Arago,
1221 1877 1277 1918 qui
1292 1877 1450 1909 eiusmodi
1466 1877 1667 1909 demolitioni
1681 1876 1835 1910 obsistere

370 1929 514 1962 volebat:
524 1943 544 1958 v«1
553 1932 602 1962 On
616 1930 662 1962 lui
675 1930 737 1962 cite
748 1930 1040 1971 particulierement
1052 1931 1096 1962 M.
1105 1930 1230 1970 Thiers,
1239 1929 1491 1962 sous-secretaire
1506 1929 1605 1962 d’etat
1618 1938 1657 1961 au
1671 1929 1834 1962 ministere

370 1982 427 2014 des
442 1982 591 2014 tinances.
606 1983 635 2014 Il
646 1982 802 2024 l’apercut
817 1991 856 2015 en
871 1982 966 2022 esset,
981 1991 1015 2015 se
1026 1984 1216 2023 promenant
1235 1982 1316 2014 dans
1337 1983 1383 2015 les
1405 1983 1527 2023 ruines,
1547 1991 1630 2015 avec
1648 1991 1697 2015 un
1718 1984 1834 2023 vesaye

367 2033 524 2074 satisfuit
536 2036 569 2066 et
589 2034 620 2066 le
634 2036 768 2067 sourire
788 2043 851 2067 sur
868 2034 916 2067 les
933 2034 1075 2073 levresw
1092 2036 1202 2075 postea
1216 2034 1268 2066 hic
1284 2035 1418 2075 ipsemet
1433 2035 1546 2067 Thiers
1560 2043 1692 2067 cernens
1715 2034 1831 2067 doctri·

371 2096 446 2120 nam
458 2089 695 2120 communismi
709 2095 749 2119 ac
764 2087 950 2121 socialismi
963 2088 1058 2128 longo
1071 2087 1199 2127 lateque
1209 2087 1349 2119 diffundi
1363 2096 1400 2118 ac
1414 2087 1583 2128 propagari
1592 2111 1601 2127 ‚
1614 2086 1741 2128 scripsit
1750 2096 1831 2128 opus

371 2148 466 2173 suum
481 2142 530 2172 De
545 2139 580 2172 la
591 2139 783 2181 propriete,
808 2142 846 2172 ut
868 2149 902 2172 se
925 2140 973 2172 illi
995 2141 1171 2181 opponeret
1193 2139 1369 2172 doctrinae.
1379 2142 1436 2172 Ast
1447 2140 1494 2172 sic
1509 2149 1581 2172 enm
1598 2140 1732 2180 eiusque
1755 2148 1834 2180 sym-

369 2193 480 2225 mistae
502 2192 617 2224 merito
634 2192 806 2232 compellat
820 2191 994 2224 Proudhon
1009 2192 1148 2224 «Jaloux
1164 2191 1348 2224 defenseurs
1363 2191 1403 2224 de
1421 2191 1453 2223 la
1472 2191 1648 2233 propriete,
1671 2192 1831 2233 pourquoi

372 2245 456 2277 donc
470 2246 698 2277 trouvez-vous
712 2244 774 2276 bon
785 2253 848 2285 que
863 2254 920 2277 vos
932 2245 1023 2286 peres
1038 2245 1147 2277 l’aient
1159 2245 1278 2286 violee,
1291 2245 1314 2277 il
1327 2254 1348 2286 y
1360 2253 1379 2276 a
1388 2246 1560 2285 cinquante
1572 2254 1630 2277 ans
1639 2248 1653 2276 Ρ
1665 2244 1831 2277 N‘etaient-

370 2298 412 2330 ils
426 2306 482 2339 pas
493 2297 735 2339 proprietatnm,
752 2305 792 2329 au
807 2297 882 2329 titre
894 2298 925 2329 le
935 2297 1007 2338 plus
1019 2297 1174 2338 legitime,
1184 2306 1236 2329 ces
1250 2296 1376 2337 nobles,
1390 2295 1485 2337 qu'ils
1500 2297 1555 2327 ont
1567 2296 1760 2337 depouilles,
1777 2304 1829 2328 ces

369 2348 493 2393 pren-es
512 2350 592 2382 dont
607 2350 648 2382 ils
659 2351 716 2382 ont
731 2350 844 2391 aequis
863 2350 910 2382 les
928 2350 1019 2383 biens
1033 2351 1051 2382 ὲ
1066 2350 1110 2383 vil
1123 2350 1215 2392 prix?
1227 2350 1466 2391 N'equivoquez
1478 2357 1550 2390 pas3
1565 2348 1737 2389 respondez
1748 2358 1758 2376 ·.
1771 2350 1832 2381 ces

367 2403 559 2445 proprietes,
573 2402 762 2442 dites—vous,
775 2403 894 2435 etaient
905 2403 935 2434 le
949 2402 1028 2434 fruit
1040 2403 1081 2434 de
1093 2403 1123 2434 la
1133 2404 1290 2444 conquete
1302 2403 1333 2435 et
1345 2402 1385 2435 de
1398 2402 1430 2434 la
1441 2401 1613 2442 captation.
1621 2401 1701 2433 Mais
1713 2401 1759 2433 les
1772 2401 1825 2433 he-

370 2455 477 2488 ritiers
494 2455 551 2488 des
566 2455 720 2496 premiers
737 2455 968 2495 conquerants,
985 2454 1192 2487 n'etaient-ils
1203 2464 1261 2496 pas
1273 2456 1423 2487 couverts
1436 2462 1494 2495 par
1509 2453 1540 2485 la
1555 2452 1660 2485 bonne
1674 2452 1719 2485 soi
1734 2453 1830 2484 d‘une

371 2508 488 2549 longue
498 2507 694 2549 possession,
708 2516 765 2549 par
781 2508 810 2540 la
825 2507 1036 2548 prescription
1050 2509 1083 2539 et
1097 2508 1200 2539 toutes
1214 2508 1261 2539 les
1272 2507 1354 2539 lois?
1367 2507 1448 2539 Mais
1459 2514 1511 2538 ces
1525 2505 1831 2546 moines‚n’etaient·

368 2560 409 2592 ils
421 2569 479 2602 pas
490 2560 616 2599 censes,
629 2561 881 2593 conformement
889 2559 908 2592 ὲ
922 2560 992 2592 leur
1005 2559 1202 2599 institution,
1220 2568 1293 2592 user
1310 2559 1351 2591 de
1367 2559 1452 2591 leurs
1469 2567 1605 2590 revenus
1615 2566 1696 2599 pour
1708 2558 1739 2590 le
1751 2567 1826 2591 sou·

368 2612 528 2654 legement
541 2622 584 2646 ou
598 2613 776 2646 l’entretien
789 2613 845 2645 des
857 2614 1012 2654 pauvres?
1022 2629 1034 2636 ·
1045 2612 1088 2644 lls
1100 2611 1338 2653 s’acquittaient
1350 2611 1415 2643 mal
1431 2611 1472 2643 de
1485 2619 1522 2644 ce
1536 2611 1664 2643 devoirz
1679 2610 1828 2644 d‘aoeord

367 2664 445 2705 (qui
460 2666 537 2698 haec
552 2665 664 2699 scribit
677 2668 726 2698 est
739 2666 884 2706 atheus);
903 2664 984 2698 mais
996 2664 1023 2697 si
1035 2663 1143 2704 cesut
1156 2672 1205 2697 un
1218 2662 1326 2703 motis
1329 2672 1422 2705 pour
1436 2663 1483 2695 les
1497 2662 1707 2704 deposseder,
1717 2671 1831 2695 conve-

371 2724 430 2753 nez
450 2718 662 2760 qu’invoquer
676 2727 739 2751 une
750 2718 882 2760 pareille
895 2718 1000 2750 raison
1009 2741 1018 2758 ,
1030 2716 1175 2759 pourrait
1188 2725 1269 2749 nous
1286 2725 1395 2749 menei·
1407 2716 1472 2749 loin
1484 2715 1720 2756 aujourd’hui.»
1733 2714 1827 2756 Apud

369 2769 531 2802 auctorem
558 2780 612 2811 op.
636 2773 680 2804 Le
703 2772 947 2804 communi-xmo
976 2771 1010 2802 et
1034 2777 1087 2807 spes
1104 2777 1234 2802 causes.
1255 2768 1399 2801 seconde
1423 2769 1535 2810 partie.
1559 2769 1705 2809 Avignon
1735 2770 1826 2800 1849.

368 2829 439 2863 pag.
452 2826 520 2855 255.
