1912 3180
289 185 379 230 4110
560 198 640 228 un.
672 196 700 226 1.
731 194 845 226 secr.
874 194 1046 226 ALTERA.
1076 195 1128 226 ni:
1152 196 1325 229 numu.
1355 197 1496 230 civm.

385 276 472 322 Nec
498 273 630 320 refert
652 283 878 337 tamquam
901 271 1045 336 legem
1079 274 1204 337 regni
1237 274 1484 323 admissam
1507 277 1649 326 fuisse
1671 280 1759 328 sor-

290 368 404 399 mam
428 368 455 397 a
479 349 718 397 tridentino
752 349 1075 414 praescriptam
1112 350 1159 396 in
1193 350 1473 400 celebrandis
1507 354 1761 418 coniugiis;

288 426 512 492 siquidem
539 425 623 474 hoc
652 442 740 472 non
769 425 956 490 impedit
979 426 1220 491 quominus
1241 427 1382 475 forma
1399 428 1475 476 illa
1493 430 1583 477 vim
1603 430 1764 479 habeat

286 520 414 551 suam
433 502 490 549 ab
508 501 768 550 auctoritate
786 502 980 550 concilii.
1004 502 1091 549 Lex
1114 502 1269 567 utique
1292 503 1434 551 civilis
1462 505 1691 570 adoptavit
1709 524 1765 554 ac

286 597 416 627 suam
434 578 556 626 illam
575 579 761 626 formam
780 579 907 635 fecit,
936 578 1188 626 adiiciendo
1213 580 1485 627 sanctionem
1510 592 1733 630 externam
1748 621 1758 638 ‚

285 655 371 719 legi
396 655 454 703 ab
481 655 672 703 ecclesia
705 665 895 703 statutae
930 656 1047 717 (93>;
1074 654 1120 700 in
1144 672 1234 718 quo
1260 655 1430 703 nullum
1459 667 1527 704 est
1556 657 1763 715 inconve-

286 731 432 788 niens,
455 732 544 780 imo
561 731 804 796 optandum
824 741 971 787 esset,
994 739 1042 776 ut
1059 729 1227 795 ubique
1244 730 1440 779 locorum
1465 732 1683 796 gubernia
1701 734 1762 782 ita

287 824 337 855 se
361 816 589 870 gererent;
619 817 722 854 tunc
747 807 864 853 enim
889 805 1125 853 coniuncto
1154 806 1331 854 foedere
1354 817 1542 873 utraque
1566 818 1761 873 potestas

284 882 589 931 ecclesiastica
621 893 665 930 et
696 881 841 929 civilis
875 898 964 928 uno
999 880 1147 928 animo
1182 882 1465 930 coniurarent
1487 884 1533 930 in
1557 884 1758 932 subdito-

287 976 385 1014 rum
416 958 582 1006 bonum
616 957 855 1005 efficaciter
881 956 1188 1004 obtinendum.
1223 958 1422 1006 Potestas
1458 960 1578 1006 enim
1614 959 1760 1008 civilis

288 1053 396 1083 suas
427 1035 630 1083 faciendo
664 1033 880 1080 ecclesiae
902 1032 1022 1097 leges
1043 1072 1053 1091 ,
1082 1033 1259 1081 illarum
1282 1034 1637 1084 observationem
1662 1053 1762 1101 pro·

287 1112 466 1160 veheret
489 1115 533 1158 et
554 1120 730 1174 urgeret
758 1110 1017 1174 praesertim
1052 1128 1188 1175 penes
1220 1128 1295 1158 eos
1311 1149 1321 1169 ,
1349 1113 1427 1176 qui
1454 1113 1542 1160 fide
1564 1113 1753 1170 debiles,

288 1197 368 1235 aut
401 1186 619 1234 increduli
656 1203 743 1233 non
778 1196 1138 1250 permoverentur
1171 1186 1279 1234 solis
1313 1187 1621 1252 spiritualibus
1656 1205 1761 1235 cen-

282 1263 432 1320 suris3
466 1273 664 1328 potestas
693 1279 798 1310 vero
831 1261 1135 1310 ecclesiastica
1169 1262 1398 1310 induceret
1421 1264 1578 1311 fideles
1603 1264 1659 1311 ad
1683 1264 1759 1312 ob-

284 1339 618 1405 temperandum
646 1338 765 1386 civili
803 1338 1007 1403 potestati
1031 1356 1118 1386 non
1143 1338 1287 1387 solum
1312 1350 1491 1405 propter
1514 1340 1648 1397 iram,
1678 1341 1758 1388 sed

283 1488 335 1532 ius
350 1486 471 1519 decreti
487 1487 585 1519 verba
598 1487 675 1519 sunt
693 1486 910 1527 insequentia:
929 1500 944 1514 α
953 1486 1142 1519 cardinales
1152 1511 1161 1526 ,
1180 1488 1431 1529 archiepiscopi,
1447 1489 1611 1530 episcopi,
1626 1489 1760 1530 praelati

281 1541 315 1573 et
328 1540 384 1572 alii
398 1539 605 1572 ecclesiastici
628 1539 690 1571 viri
709 1540 983 1580 repraesentantes
998 1539 1120 1571 clerum
1137 1539 1323 1571 universum
1340 1542 1493 1573 Franciae
1505 1541 1686 1582 congregati
1702 1550 1756 1573 an-

283 1595 404 1626 nuente
422 1601 511 1634 rege,
530 1593 663 1626 Garisiis
675 1593 709 1625 in
724 1595 885 1625 conventu
905 1593 1207 1632 augustinianorum
1218 1617 1227 1632 ,
1243 1595 1318 1634 post
1333 1595 1494 1625 maturam
1510 1594 1597 1626 circa
1614 1594 1757 1635 publica-

283 1646 404 1679 tionem
419 1645 548 1678 concilii
563 1645 730 1678 tridentini
746 1645 1029 1684 deliberationem,
1052 1645 1248 1677 unanimiter
1266 1648 1469 1686 agnoverunt
1482 1647 1515 1678 et
1528 1646 1754 1686 declararunt,

280 1699 458 1741 agnoscunt
482 1700 514 1730 et
536 1697 718 1737 declarant,
734 1707 768 1730 se
781 1697 915 1738 obligari
931 1706 989 1738 pro
1003 1706 1062 1729 suo
1076 1697 1184 1729 officio
1198 1700 1230 1730 et
1245 1698 1440 1730 conscientia
1456 1697 1496 1730 ad
1514 1698 1734 1739 recipiendum
1746 1723 1755 1738 ,

281 1752 374 1784 sicut
389 1753 504 1793 reipsa
512 1752 716 1792 receperunt
729 1752 763 1783 ec
774 1752 958 1792 recipi-unt,
971 1750 1150 1791 praefatum
1162 1751 1347 1791 concilium,
1356 1753 1389 1783 et
1402 1751 1561 1792 spondent
1570 1759 1604 1783 se
1613 1751 1693 1783 illud
1709 1751 1763 1783 ob-

281 1807 485 1845 servaturos,
502 1806 661 1845 quantum
679 1805 816 1845 possunt
828 1812 885 1844 per
900 1803 1099 1835 functionem
1113 1812 1205 1837 suam
1221 1806 1254 1836 et
1268 1804 1492 1836 auctoritatem
1510 1804 1711 1845 spiritualem
1726 1806 1758 1837 et

279 1858 506 1899 pastoralem.»
521 1859 607 1890 Haec
621 1866 717 1898 porro
740 1856 928 1889 deliberatio
946 1857 1145 1897 singulorum
1163 1856 1454 1898 subscriptionibus
1468 1866 1506 1889 ac
1520 1856 1701 1889 iuramento
1716 1856 1758 1889 ad

279 1912 392 1944 sancta
405 1910 572 1951 evangelia
585 1910 778 1942 confirmata
799 1909 870 1941 fuit.
892 1909 953 1941 Hic
976 1911 1084 1941 autem
1104 1910 1215 1942 coetus
1233 1909 1479 1950 augustissimus
1499 1909 1627 1949 extitit,
1644 1910 1756 1950 utpote

276 1963 475 1997 constitutus
490 1963 594 1995 tribus
610 1962 831 1995 cardinalibus
842 1986 852 2002 ‚
871 1962 1106 2003 quinquaginta
1122 1962 1299 2003 episcopis,
1319 1971 1357 1994 ac
1375 1962 1505 2003 triginta
1520 1961 1653 1994 secundi
1671 1961 1755 1993 ordi·

280 2016 342 2049 nis.
352 2017 528 2058 ,Quotquot
546 2016 681 2057 posthac
695 2014 854 2047 celebrata
870 2017 946 2047 sunt
958 2015 1092 2047 concilia
1108 2015 1142 2047 in
1157 2015 1275 2047 Galliis
1291 2015 1503 2056 provincialia
1527 2015 1669 2056 professa
1684 2016 1760 2046 sunt

278 2077 312 2101 se
324 2069 454 2102 concilii
463 2068 631 2102 tridentini
644 2068 781 2101 decretis
792 2067 1056 2109 disciplinaribus
1071 2067 1242 2107 obstricta;
1256 2067 1448 2100 nominatim
1463 2077 1553 2108 vero,
1563 2075 1647 2108 quae
1659 2075 1762 2108 nuper

283 2121 326 2154 ab
339 2131 425 2155 anno
444 2127 522 2155 1850
536 2121 578 2154 ad
592 2130 644 2154 an.
665 2125 754 2154 1856.
771 2121 901 2154 fuerunt
914 2120 1087 2153 celebrata.
1102 2119 1187 2158 Quid
1204 2120 1245 2152 ad
1261 2121 1339 2152 baec
1352 2124 1461 2153 orator
1473 2120 1683 2162 subalpinus?

370 2175 438 2209 His
453 2174 604 2206 addimus
616 2174 676 2206 cel.
692 2176 739 2206 De
752 2175 877 2214 Marcu,
891 2173 946 2214 qui
963 2173 995 2205 in
1010 2182 1069 2205 suo
1085 2182 1137 2214 op.
1150 2174 1200 2205 De
1215 2172 1415 2211 concordia,
1434 2172 1466 2204 in
1481 2173 1759 2214 prolegomtesta-

277 2229 334 2259 tur
351 2240 367 2256 n
382 2227 521 2260 concilii
538 2226 707 2260 tridentini
721 2226 847 2267 regulas
859 2225 934 2259 fidei
949 2234 1078 2266 omues,
1095 2227 1128 2258 et
1142 2225 1333 2267 disciplinae
1346 2225 1549 2266 praecipuas,
1559 2225 1761 2257 constitutio-

282 2280 380 2314 nibus
394 2281 484 2322 regni
498 2280 689 2313 admissas.»

375 2333 441 2374 (93)
458 2332 613 2375 Apposite
633 2332 676 2364 cl.
693 2331 887 2365 Leullierius
915 2331 986 2364 loco
1012 2340 1087 2363 mox
1113 2330 1245 2363 citando
1257 2330 1305 2362 sic
1321 2329 1476 2362 adversus
1488 2328 1686 2368 Launoium,
1700 2328 1757 2369 qui

279 2385 417 2426 praeivit
437 2384 560 2418 oratori
583 2386 716 2425 nostro,
731 2384 798 2417 imo
812 2393 852 2416 ex
866 2392 933 2425 quo
948 2385 1058 2416 orator
1080 2384 1162 2416 hanc
1187 2383 1290 2425 ipsam
1314 2381 1537 2415 difficultatem
1561 2380 1755 2422 depromsit,

278 2438 392 2471 scribit
412 2447 511 2479 agens
523 2438 565 2471 de
578 2440 738 2471 conventu
755 2437 893 2470 blesensi
908 2450 923 2465 «ι
934 2436 1089 2469 Iniuriam
1103 2444 1237 2478 quoque
1250 2435 1372 2468 faceret
1386 2434 1514 2476 regibus
1533 2433 1652 2466 nostris
1669 2432 1755 2473 quis-

280 2499 344 2532 que
368 2492 540 2530 assereret,
564 2490 653 2533 quod
687 2498 777 2531 reges
802 2489 1088 2529 Christianissimi‚
1110 2498 1149 2521 ne
1169 2488 1358 2521 viderentur
1373 2489 1406 2520 in
1424 2487 1519 2520 rebus
1531 2485 1757 2519 ecelesiasticis

278 2543 476 2584 sanciendis,
496 2543 621 2585 legibus
644 2542 799 2576 ecclesiae
820 2542 955 2575 obnoxii
970 2550 1055 2583 esse,
1071 2550 1212 2574 canones
1229 2541 1444 2574 conciliorum
1458 2539 1526 2572 suis
1543 2538 1659 2571 edictis
1673 2538 1754 2571 inse-

282 2596 420 2628 ruerint:
443 2605 583 2630 canones
597 2596 683 2628 enim
698 2595 772 2628 illos
785 2595 991 2629 inseruerunt
1004 2596 1072 2627 suis
1087 2595 1120 2627 in
1135 2593 1442 2633 constitutionibus,
1457 2601 1522 2625 non
1537 2591 1625 2634 quod
1647 2591 1754 2632 legum

281 2648 573 2683 ecclesiasticarum
592 2649 655 2683 sibi
667 2651 860 2692 potestatem
873 2648 1070 2681 attribuant:
1085 2647 1142 2680 sed
1157 2647 1361 2680 inseruerunt
1368 2670 1380 2687 ,
1397 2647 1436 2678 ut
1448 2645 1560 2686 poenis
1571 2644 1753 2686 temporali-

278 2700 341 2734 bus
354 2702 462 2743 legum
477 2703 768 2736 ecclesiasticarum
788 2702 965 2735 violatores
987 2702 1189 2741 coercerent3
1212 2699 1417 2733 inseruerunt
1426 2722 1436 2738 ,
1451 2697 1529 2739 quia
1541 2697 1694 2730 ecclesiae
1707 2695 1756 2729 di·

277 2753 448 2796 sciplinam
457 2779 469 2797 ,
484 2756 570 2797 leges
584 2757 618 2789 et
629 2756 727 2789 fidem
745 2764 805 2789 sua
819 2764 952 2797 quoque
970 2754 1163 2788 auctoritate
1185 2754 1350 2795 protegere
1369 2752 1403 2783 et
1418 2750 1619 2783 communire
1631 2750 1752 2788 solent;

280 2808 500 2848 inseruerunt,
517 2809 595 2849 quia
611 2809 645 2841 id
660 2810 906 2851 postulaverant
919 2808 1062 2850 episcopi
1080 2806 1263 2848 gallicani.»
