1918 3186
259 193 350 238 214
526 207 605 237 un.
637 205 666 236 1.
696 203 809 237 secr.
839 203 1010 237 Atrum.
1033 204 1084 236 ns
1109 203 1282 236 mrum.
1311 204 1454 238 cmm.

257 285 449 334 contenti
476 284 560 333 sub
586 282 698 346 legis
726 282 907 331 obtentu
925 320 935 340 ,
963 300 1080 348 quae
1104 283 1226 348 ipsos
1251 282 1307 331 ad
1332 282 1633 331 renovandum
1657 302 1730 333 co-

259 364 351 408 ram
385 358 573 407 ecclesia
606 374 873 405 consensum
907 376 994 406 non
1029 358 1299 421 adstringit,
1338 358 1383 405 id
1418 358 1560 407 facere
1593 360 1733 423 negli-

258 445 393 498 gunt,
430 444 580 498 utpote
615 433 782 498 publici
816 434 1133 482 concubinatus
1169 451 1290 490 reos,
1328 434 1535 482 omnibus
1570 435 1627 483 ab
1661 453 1732 483 ec-

257 511 393 559 clesia
425 511 471 556 in
505 527 581 557 eos
616 510 865 559 constitutis
900 510 1131 558 subiacere
1163 511 1335 577 poenis.

353 589 506 652 Neque
531 586 597 634 sic
619 587 932 635 contrahentes
959 587 1015 634 ab
1040 587 1112 634 his
1138 587 1293 652 poenis
1319 588 1598 636 incurrendis
1622 587 1733 635 libe—

260 674 325 711 rat
341 664 408 711 lex
427 663 590 720 civilis,
613 680 729 728 quae
746 664 925 711 omnino
944 673 1110 728 pugnat
1135 681 1236 711 cum
1262 664 1478 712 ecclesiae
1511 664 1726 712 doctrina.

257 739 486 804 Siquidem
520 738 590 787 lex
625 739 712 786 ista
744 738 865 785 haud
902 737 1136 786 immutare
1167 739 1285 787 valet
1312 740 1375 788 rei
1404 750 1627 797 naturam,
1655 757 1733 787 ne-

256 833 345 880 que
368 814 566 871 efficere,
595 824 645 861 ut
667 812 802 870 illud,
832 812 952 878 quod
986 813 1031 859 in
1067 830 1116 860 se
1150 831 1238 861 non
1272 815 1437 872 existit,
1477 814 1734 879 nulliusque

258 891 434 956 penitus
479 901 548 938 est
590 890 753 938 valoris
777 927 787 945 ,
831 906 979 937 coram
1012 891 1104 937 Deo
1145 901 1188 938 et
1227 898 1375 938 coram
1420 890 1626 941 ecclesia:
1653 890 1735 938 ali-

258 967 438 1032 quando
471 966 630 1014 existat
655 983 706 1013 ac
734 964 980 1028 legitimum
1004 965 1077 1012 sit.
1102 966 1265 1014 Poterit
1288 966 1471 1031 politica
1494 966 1734 1019 auctoritas

258 1044 479 1092 eiusmodi
525 1043 733 1108 profanas
775 1042 1136 1099 coniunctiones,
1175 1043 1214 1090 si
1249 1043 1290 1090 ei
1326 1043 1530 1100 libuerit,
1576 1060 1734 1091 vocare

259 1120 464 1183 coniugia
483 1119 650 1175 civilia,
677 1118 829 1166 civiles
847 1119 1043 1183 nuptias,
1060 1119 1322 1185 civilemque
1340 1130 1628 1176 contractum,
1647 1136 1734 1167 non

259 1196 418 1262 poterit
442 1206 587 1242 tamen
611 1211 824 1259 umquam
848 1194 1024 1242 efficere
1047 1205 1095 1243 ut
1111 1213 1215 1243 vera
1238 1195 1327 1243 sint
1350 1195 1586 1252 connubia,
1603 1211 1734 1246 verae

259 1272 350 1320 sint
376 1271 585 1336 nuptiae,
624 1270 807 1336 verique
839 1281 1112 1328 contractus,
1150 1271 1385 1319 dirimente
1420 1271 1735 1336 impedimento

259 1348 485 1403 obstante,
523 1346 762 1411 quominus
797 1346 907 1394 tales
943 1357 1209 1395 censeantur
1233 1365 1284 1395 ac
1309 1348 1414 1395 sint.
1443 1346 1644 1394 Ecclesia
1667 1346 1736 1395 iut-

259 1424 373 1487 giter
406 1423 467 1470 ita
500 1422 864 1470 contrahentibus
899 1423 1181 1471 inclamabit:
1210 1424 1292 1479 Ea,
1321 1440 1437 1488 quae
1469 1440 1549 1471 vos
1583 1422 1736 1471 coniu-

260 1500 333 1563 gia
356 1498 504 1547 civilia
527 1498 811 1564 nuncupatis,
833 1516 937 1546 vera
961 1510 1066 1547 sunt
1088 1499 1377 1547 contubernia
1391 1537 1401 1556 ,
1424 1499 1734 1566 fornicationes

261 1575 426 1639 legales
442 1613 452 1631 ,
480 1574 801 1623 concubinatus
837 1575 1110 1640 turpissimi,
1142 1575 1340 1639 coniugii
1366 1576 1516 1640 specie
1539 1593 1591 1624 ac
1614 1576 1735 1642 larva

261 1652 379 1700 tecti.
1634 1658 1637 1661 '

357 1727 575 1791 Congerat
600 1727 785 1792 insuper
808 1726 986 1792 politica
1009 1727 1247 1776 auctoritas
1281 1727 1441 1791 legalia
1474 1727 1728 1792 privilegia,

261 1804 517 1870 legalesque
549 1804 722 1852 favores
756 1803 875 1851 circa
908 1803 1226 1851 haereditatem
1250 1841 1260 1860 ,
1299 1803 1632 1859 successiones,
1661 1803 1736 1850 do-

262 1880 461 1928 nationes
497 1879 674 1944 aliaque
707 1879 926 1928 eiusmodi
962 1880 1019 1927 ad
1052 1880 1194 1943 legem
1218 1897 1245 1927 a
1269 1896 1318 1926 se
1344 1879 1626 1927 constitutam
1655 1896 1734 1926 seu

261 1956 479 2004 sancitam
507 1956 736 2004 tutandam
759 1956 1190 2023 vindicandamque;
1216 1973 1369 2004 verum
1393 1955 1478 2004 hoc
1501 1955 1620 2003 omni
1646 1973 1734 2003 non

260 2033 465 2083 obstante
497 2033 701 2082 exteriori
731 2043 972 2099 apparatu,
1012 2035 1255 2099 numquam
1289 2032 1451 2081 efficiet
1484 2032 1600 2080 filios
1633 2044 1735 2080 vere

262 2109 508 2174 legitimos,
531 2126 631 2157 cum
649 2127 676 2157 a
693 2126 782 2158 non
799 2109 995 2174 legitime
1019 2109 1270 2158 coniunctis
1294 2108 1565 2175 prodierint,
1587 2119 1736 2156 erunt-

263 2203 351 2250 que
373 2186 420 2233 in
443 2185 597 2234 eadem
632 2202 816 2251 prorsus
850 2186 1104 2235 conditione
1121 2224 1131 2243 ,
1165 2186 1211 2233 in
1236 2203 1326 2252 qua
1349 2185 1632 2234 inveniuntur
1655 2184 1734 2230 filii

263 2262 488 2310 naturales
522 2262 616 2311 sive
653 2262 794 2328 spurii
828 2280 880 2311 ac
912 2263 1038 2311 nothi
1072 2280 1125 2311 ex
1158 2262 1454 2311 concubinatu
1488 2259 1731 2326 progeniti,

265 2355 344 2385 nec
378 2348 583 2404 poterunt
613 2355 715 2386 vere
750 2337 935 2402 legitimi
970 2338 1084 2395 fieri,
1123 2338 1207 2387 nisi
1235 2355 1313 2404 per
1336 2336 1589 2400 coniugium
1630 2335 1735 2384 sub-

265 2431 457 2480 sequens
491 2414 537 2462 in
572 2414 685 2463 facie
716 2414 933 2463 ecclesiae
968 2414 1145 2462 initum.

360 2491 567 2547 Rursum,
595 2490 786 2556 physica
821 2489 1033 2539 violentia
1067 2490 1227 2556 poterit
1259 2490 1390 2538 civile
1423 2490 1617 2552 regimen
1652 2488 1735 2534 im-

266 2566 434 2630 pedire,
473 2567 710 2632 quominus
740 2583 905 2632 poenae
938 2566 995 2614 ab
1028 2566 1217 2613 ecclesia
1249 2565 1450 2613 decretae
1484 2575 1584 2612 actu
1617 2564 1735 2611 inssi-

267 2652 449 2704 gantur,
488 2654 558 2691 ast
590 2660 833 2708 numquam
857 2642 903 2690 id
926 2652 1213 2708 assequetur,
1241 2652 1291 2690 ut
1311 2658 1388 2690 eas
1411 2641 1529 2690 civili
1565 2651 1733 2688 tantum

268 2717 436 2765 ratione
470 2719 691 2768 coniuncti
727 2737 812 2768 non
847 2719 1076 2767 incurrant
1098 2737 1125 2767 a
1148 2719 1265 2776 iure,
1293 2736 1346 2766 ac
1369 2735 1457 2766 non
1491 2717 1733 2766 subiician-

268 2802 339 2839 tur
371 2794 527 2857 poenis
556 2795 662 2852 illis,
699 2813 815 2860 quae
847 2813 967 2845 mere
1001 2795 1255 2860 spirituales
1291 2806 1396 2843 sunt
1429 2812 1480 2843 ac
1514 2795 1725 2842 internae.
