1918 3186
383 216 472 247 (ιη.
495 215 553 246 vi.
577 215 629 247 nn
659 213 793 247 mser.
824 214 970 246 conrii.
1001 215 1050 246 ar
1082 214 1200 246 saca.
1228 203 1320 246 aar.
1344 202 1389 245 1'1.
1528 197 1613 243 201

160 293 243 340 lica
282 294 480 341 doctrina
513 304 556 340 et
595 292 893 355 theologorum
937 293 1132 340 omnium
1178 292 1393 340 sententia
1432 292 1621 357 spectari

157 370 318 418 debeat
341 370 404 416 uti
435 369 618 416 materia
636 370 865 433 promima,
894 386 1009 433 quae
1032 370 1295 434 adipiscitur
1317 369 1528 416 rationem
1551 385 1624 415 sa·-

158 445 369 492 cramenti
405 445 450 491 in
486 455 586 492 actu
625 445 723 509 ipso
754 461 844 509 quo
876 444 1122 492 celebratur
1154 445 1422 509 coniugium.
1455 444 1623 492 Idcirco

160 523 220 568 ita
237 539 286 569 se
301 521 436 568 habet
459 531 706 568 contractus
723 521 780 568 ad
799 532 1122 569 sacramentum
1141 560 1150 578 ,
1179 521 1551 586 quemadmodum
1574 537 1624 569 se

157 597 292 644 habet
324 597 486 643 ablutio
510 596 556 642 in
580 596 963 644 administratione
995 596 1221 661 baptismi.
1246 597 1355 644 Cum
1388 614 1492 645 vero
1520 597 1624 645 talis

158 671 325 719 ablutio
360 689 387 718 a
421 682 695 719 sacramento
728 672 943 735 distingui
976 683 1190 737 nequeat,
1231 673 1337 737 quia
1371 673 1416 718 in
1450 689 1503 720 ea
1534 689 1624 720 una

156 764 257 794 cum
288 747 427 795 forma
461 747 668 812 apposita
694 747 958 795 sacramenti
981 747 1175 795 essentia
1203 747 1427 804 consistit,
1454 748 1516 795 ita
1538 764 1625 795 non

156 833 302 887 potest
331 823 544 887 distingui
590 834 839 871 contractus
873 821 1116 886 coniugalis
1151 839 1178 869 a
1211 832 1488 870 sacramento
1526 823 1626 888 ip'so

157 899 447 955 matrimonii,
475 899 582 964 quia
600 899 645 945 in
664 916 733 956 eo,
755 899 832 946 ubi
854 898 1097 946 celebretur
1118 897 1202 946 sub
1224 898 1387 946 debitis
1411 899 1627 947 conditio-

159 974 314 1030 nibus,
354 975 549 1022 essentia
583 975 844 1022 sacramenti
874 974 1143 1022 matrimonii
1176 974 1413 1022 constituta
1441 985 1523 1022 est.

254 1052 318 1097 Ne
351 1061 496 1098 autem
519 1050 750 1098 videamur
772 1051 817 1098 id
841 1052 1031 1114 gratuito
1054 1051 1275 1098 affirmare
1292 1089 1302 1108 ‚
1329 1051 1489 1099 iuverit
1509 1050 1626 1099 hanc

158 1126 403 1174 doctrinam
427 1126 695 1174 ineluctabili
718 1127 947 1174 adstruere
970 1131 1226 1175 auctoritate
1251 1144 1288 1174 s.
1311 1127 1519 1184 Thomae‚
1547 1128 1625 1192 qui

158 1221 408 1268 proponens
453 1204 697 1251 doctrinam
740 1221 821 1251 sua
867 1214 1008 1251 aetate
1045 1203 1265 1267 vigentem
1306 1203 1424 1251 circa
1464 1220 1626 1268 aquam

158 1280 366 1344 baptismi
385 1280 496 1327 haec
513 1280 568 1327 ad
588 1297 680 1326 rem
699 1290 895 1327 nostram
913 1279 1089 1327 scribit:
1109 1279 1332 1335 «Quidam
1350 1279 1628 1327 existimave-

159 1366 275 1412 runt,
297 1355 417 1420 quod
436 1356 534 1420 ipsa
552 1373 668 1420 aqua
686 1355 744 1402 sit
761 1354 1261 1402 sacramentum....Sed
1285 1354 1370 1401 hoc
1393 1371 1481 1402 non
1503 1354 1627 1402 vide-

160 1443 230 1478 tur
247 1449 347 1478 esse
363 1449 530 1479 verum.
543 1431 652 1478 Cum
670 1431 788 1478 enim
807 1441 1081 1478 sacramenta
1094 1448 1233 1478 novae
1249 1430 1360 1494 legis
1377 1430 1628 1478 sanctifica-

159 1507 322 1555 tionem
346 1507 584 1571 quamdam
608 1517 843 1570 operentur
857 1544 867 1562 ,
890 1506 952 1552 ibi
970 1506 1196 1571 perficitur
1213 1517 1532 1554 sacramentum
1550 1506 1627 1553 ubi

159 1583 382 1647 perficitur
407 1582 715 1629 sanctificatio.
735 1583 785 1627 In
810 1599 927 1647 aqua
951 1593 1095 1630 autem
1115 1599 1203 1630 non
1222 1582 1447 1647 perficitur
1463 1582 1627 1629 sancti-

159 1660 413 1708 ficatio...et
440 1660 542 1707 ideo
570 1670 892 1707 sacramentum
918 1676 1005 1706 non
1029 1659 1255 1724 perficitur
1281 1660 1326 1705 in
1355 1664 1456 1725 ipsa
1483 1677 1621 1725 aqua,

157 1736 230 1783 sed
263 1738 309 1783 in
342 1737 628 1802 applicatione
673 1754 809 1800 aquae
843 1736 901 1782 ad
936 1737 1168 1791 hominem,
1208 1753 1315 1800 quae
1348 1746 1410 1782 est
1442 1736 1619 1782 ablutio.

158 1813 214 1858 Et
245 1812 346 1860 ideo
379 1813 590 1876 magister
623 1812 751 1869 dicit,
790 1812 908 1876 quod
942 1813 1191 1876 Baptismus
1215 1822 1277 1858 est
1298 1812 1461 1859 ablutio
1485 1829 1626 1876 cmpo-

158 1890 221 1934 rt's
259 1890 445 1935 eoeterior
476 1890 595 1953 facta
632 1889 711 1934 sub
744 1889 884 1952 forma
911 1890 1182 1953 praescripta
1209 1889 1432 1935 verborum
1473 1890 1623 1951 (24).»

161 1965 216 2011 Et
234 1964 538 2013 Catechismus
563 1982 672 2013 rom.
700 1985 722 2009 «
740 1965 789 2011 Id
816 1982 941 2022 vero,
974 1966 1139 2030 inquit,
1172 1982 1223 2013 eo
1249 1958 1506 2028 diligentius
1531 1982 1627 2013 mo-

161 2059 266 2087 nere
299 2041 574 2105 opportebit,
602 2058 658 2088 ne
680 2041 791 2088 sorte
815 2041 967 2090 fideles
991 2043 1036 2089 in
1060 2059 1160 2089 eum
1185 2058 1376 2089 errorem
1411 2041 1626 2088 inducan-

161 2129 253 2174 tur,
291 2128 339 2164 ut
371 2117 647 2173 existiment,
687 2118 805 2182 quod
839 2118 972 2182 vulgo
1000 2119 1088 2165 dici
1118 2117 1296 2165 solitum
1329 2128 1423 2174 est,
1462 2135 1623 2183 aquam

160 2194 327 2258 ipsam,
365 2210 480 2258 quae
514 2193 571 2239 ad
605 2193 929 2240 conficiendum
962 2194 1232 2258 baptismum
1271 2194 1315 2239 in
1355 2209 1481 2241 sacro
1509 2193 1628 2241 fonte

160 2280 438 2326 asservatur,
483 2279 805 2317 sacramentum
839 2286 965 2326 esse;
1003 2280 1108 2316 tunc
1146 2270 1264 2325 enim
1303 2279 1627 2317 sacramentum

162 2346 371 2411 baptismi
400 2346 638 2393 dicendum
663 2356 746 2403 est,
775 2363 875 2393 cum
899 2363 1015 2411 aqua
1037 2346 1094 2393 ad
1118 2346 1384 2393 abluendum
1407 2345 1599 2411 aliquem
1614 2384 1624 2403 ‚

162 2420 327 2469 additis
359 2421 530 2478 verbis,
559 2439 675 2487 quae
697 2439 725 2469 a
746 2421 933 2470 Domino
966 2422 1165 2470 instituta
1199 2432 1324 2479 sunt,
1362 2421 1510 2487 reipsa
1542 2421 1629 2469 uti-

164 2515 262 2546 mur
284 2500 381 2561 (25)
394 2519 436 2545 .»

260 2575 398 2638 Igitur
425 2593 543 2641 aqua
567 2575 700 2624 relate
722 2577 777 2624 ad
801 2577 1068 2642 baptismum
1103 2592 1190 2624 non
1224 2585 1293 2623 est
1325 2574 1413 2622 nisi
1446 2575 1629 2623 materia

166 2659 347 2704 remota,
386 2668 500 2715 quae
533 2662 637 2699 tunc
670 2652 814 2701 solum
850 2653 898 2699 fit
924 2653 1130 2717 proxima
1162 2668 1262 2699 cum
1296 2650 1480 2715 tingitur
1501 2689 1511 2709 ,
1548 2661 1628 2700 seu

260 2773 326 2814 (24)
345 2776 383 2806 ln
403 2778 433 2807 3.
449 2778 601 2809 sentent.
622 2786 679 2818 qu.
699 2782 751 2810 66.
771 2778 832 2809 art.
851 2782 881 2826 ¹:

260 2826 325 2866 (25)
346 2826 433 2860 Part.
449 2829 491 2860 11.
511 2830 561 2861 De
575 2837 666 2861 sacr.
682 2828 768 2871 bapt.
787 2837 820 2861 n.
836 2834 867 2861 6.
