1912 3180
293 179 383 224 354
545 191 623 224 Lm.
654 192 682 222 1.
711 189 823 222 sacr.
854 189 1025 221 Acrem.
1056 189 1108 220 ni:
1143 189 1316 222 numu.
1345 188 1487 222 civim.

290 280 548 335 potestesse
566 266 819 315 necessaria
837 266 894 313 ad
910 265 1141 314 vitandum
1165 265 1329 313 malum
1354 266 1550 315 deterius
1568 286 1578 324 ;
1602 279 1755 319 neutra

291 361 500 409 umquam
525 352 670 407 potest
701 359 802 390 esse
838 342 1081 400 illimitata;
1115 342 1316 407 alioquin
1343 342 1557 391 deberent
1585 345 1758 394 admitti

291 417 680 467 indiscriminatim
714 418 860 466 cultus
893 436 1048 467 omnes
1078 419 1211 466 etiam
1251 419 1573 468 abominabiles
1607 430 1650 468 et
1684 421 1765 468 im-

290 495 479 543 morales
495 533 505 552 ,
528 512 609 543 nec
627 512 717 543 non
734 495 885 543 omnia
906 496 1099 561 permitti
1125 495 1322 542 facinora
1338 533 1348 551 ,
1383 505 1517 561 atque
1547 513 1763 546 excessus

289 589 459 628 omnes,
488 571 544 618 ad
569 589 683 637 quos
706 572 974 620 effraenatae
997 571 1268 635 cupiditates
1303 571 1505 619 homines
1539 572 1762 621 interdum

293 648 486 712 rapiunt.
511 645 639 704 Quod
673 664 804 696 nemo
837 648 1034 713 profecto
1057 646 1199 704 volet,
1229 664 1311 695 nec
1332 647 1473 695 ullum
1498 648 1761 712 gubernium

291 724 511 772 eiusmodi
545 725 823 773 tolerantiam
858 724 1103 789 profitetur.

385 801 477 848 Sub
505 811 663 850 neutro
696 812 843 849 autem
871 800 956 847 hoc
984 799 1111 847 titulo
1146 809 1291 864 potest
1312 799 1381 847 lex
1407 800 1571 848 sanciri
1595 800 1653 849 de
1674 817 1767 849 ma·

293 877 500 926 trimonio
544 878 692 935 civili3
744 895 831 925 non
870 876 1051 941 quidem
1087 875 1172 923 sub
1205 876 1333 924 titulo
1366 876 1628 927 tolerantiae
1665 877 1770 925 reli-

290 950 450 1016 giosae>
477 953 656 1018 quando
691 951 926 1017 imperium
949 962 1018 999 est
1039 951 1309 999 catholicum
1327 990 1338 1009 ,
1372 952 1480 1017 quia
1513 951 1670 1016 religio
1692 970 1768 1001 ca-

292 1029 457 1077 tholica
489 1030 659 1094 respuit
681 1046 732 1076 ac
755 1028 938 1076 damnat
969 1027 1057 1075 tale
1085 1028 1366 1092 coniugium;
1395 1028 1616 1092 legislatio
1637 1045 1761 1086 vero,

293 1122 409 1170 quae
443 1106 699 1153 harmonice
726 1104 962 1152 cohaereat
990 1119 1090 1152 cum
1120 1104 1334 1168 religione
1356 1104 1592 1162 catholica,
1615 1105 1766 1170 ipsum

295 1197 506 1244 respuere
540 1180 705 1244 pariter
735 1180 868 1228 debet
889 1181 1007 1242 (19).
1038 1180 1088 1226 ld
1119 1196 1224 1227 vero
1257 1190 1378 1228 tanto
1413 1179 1559 1244 magis
1598 1190 1767 1245 quanto

294 1257 514 1304 eiusmodi
539 1256 625 1313 lex,
654 1274 745 1321 qua
778 1256 1100 1321 permitteretur
1133 1256 1318 1304 omissio
1347 1256 1469 1304 illius
1486 1295 1496 1313 ,
1530 1274 1664 1321 quem
1688 1273 1768 1304 vo·-

292 1341 395 1379 cant
410 1370 420 1388 ,
442 1332 554 1379 ritus
573 1331 788 1395 religiosi,
810 1331 993 1379 haberet
1016 1331 1199 1380 effectus
1223 1332 1462 1396 positivos,
1485 1342 1615 1397 prout
1636 1332 1767 1381 toties

293 1407 710 1469 animadvertimus,
733 1407 897 1472 quibus
922 1407 971 1454 fit
994 1418 1043 1454 ut
1065 1407 1312 1455 catholicus
1338 1407 1609 1472 impediatur
1630 1407 1769 1456 adim-

292 1483 415 1547 plere
438 1483 540 1531 illas
565 1483 878 1547 obligationes,
907 1501 1021 1548 quas
1055 1484 1152 1531 eius
1186 1484 1460 1531 conscientia
1493 1484 1549 1531 ab
1577 1484 1679 1549 ipso
1711 1484 1772 1531 es-

290 1560 483 1623 ssagitat,
512 1561 714 1625 adeoque
736 1560 983 1608 laederetur
1006 1577 1059 1607 ex
1082 1560 1212 1608 dictis
1236 1560 1418 1608 libertas
1445 1561 1763 1609 conscientiae,

293 1637 445 1701 Neque
485 1636 570 1684 sub
609 1636 738 1684 titulo
779 1635 1039 1684 tolerantiae
1080 1636 1250 1691 civilis,
1289 1636 1396 1700 quia
1428 1636 1514 1684 hac
1546 1636 1646 1700 lege
1677 1653 1769 1685 non

297 1714 441 1762 solum
477 1714 805 1778 permitteretur
836 1713 1000 1761 malum
1037 1713 1134 1761 sine
1169 1714 1398 1778 punitione
1421 1751 1432 1770 ,
1470 1714 1549 1761 sed
1583 1713 1769 1761 inferre-

298 1800 393 1846 tur;
433 1789 657 1855 siquidem
690 1800 921 1839 vocaretur
948 1789 1279 1837 matrimonium
1304 1789 1424 1854 quod
1448 1789 1536 1837 tale
1558 1806 1647 1838 non
1671 1800 1765 1847 est,

297 1866 657 1914 cohonestaretur
680 1867 766 1914 hoc
788 1867 966 1914 nomine
989 1866 1108 1931 quod
1132 1877 1200 1914 est
1222 1884 1301 1931 per
1323 1884 1373 1914 se
1395 1866 1561 1914 malum
1574 1904 1585 1923 ,
1608 1883 1769 1931 nempe

295 1942 618 1990 concubinatus
653 1953 728 1989 aut
761 1943 990 1990 fornicatio
1007 1981 1018 2000 ,
1045 1952 1088 1990 et
1111 1943 1176 1990 sic
1209 1943 1280 1990 lex
1313 1942 1517 1990 illuderet
1543 1943 1691 1999 cives,
1719 1941 1767 1988 in

296 2034 489 2065 errorem
523 2018 795 2083 pertraheret
827 2019 1133 2084 turpissimum
1149 2057 1160 2076 ,
1188 2029 1393 2084 putantes
1426 2036 1475 2067 se
1509 2018 1770 2067 contrahere

295 2093 574 2157 coniugium,
607 2094 712 2141 dum
742 2112 830 2143 non
847 2105 934 2142 xest
967 2095 1055 2143 nisi
1090 2095 1342 2143 coniunctio
1365 2113 1484 2143 mere
1508 2095 1761 2144 fornicaria.

295 2170 362 2216 Ad
395 2187 619 2218 summum
653 2182 805 2236 posset
836 2171 907 2219 lex
941 2171 1085 2220 civilis
1119 2171 1365 2229 declarare,
1393 2172 1512 2237 quod
1542 2182 1771 2237 tamquam

391 2331 458 2372 (19)
480 2331 576 2369 Quod
587 2332 733 2373 apprime
747 2333 899 2373 cognovit
913 2340 952 2365 ac
966 2333 1129 2374 professus
1144 2333 1194 2365 est
1205 2335 1246 2366 D.
1256 2331 1397 2365 portalis
1409 2331 1517 2365 senior
1530 2331 1670 2364 offerens
1686 2332 1771 2363 Gon·

296 2383 482 2416 cordatum
499 2385 725 2426 1801.corpori
743 2385 937 2426 legislativo,
953 2387 986 2418 et
1000 2385 1047 2418 sic
1060 2385 1167 2427 ipsum
1183 2386 1377 2423 effatusest:
1394 2398 1409 2413 κ
1419 2384 1583 2426 Quelques
1597 2391 1772 2425 personnffi

297 2445 331 2467 se
341 2437 530 2477 plaindront
543 2438 583 2470 de
597 2446 634 2470 ce
648 2447 712 2478 que
725 2439 791 2470 l'on
803 2439 856 2471 n’a
870 2447 929 2480 pas
943 2439 1099 2471 conserve
1111 2438 1143 2471 le
1154 2440 1297 2480 mariage
1311 2438 1368 2471 des
1381 2438 1522 2480 preti-eu
1536 2438 1625 2469 mais
1637 2435 1777 2478 lorsque

297 2489 365 2521 l'on
391 2490 530 2530 admet,
559 2500 605 2524 ou
627 2500 696 2533 que
717 2491 786 2525 l'on
809 2500 972 2525 conserve
986 2501 1056 2525 une
1072 2492 1239 2534 reliqion,
1260 2492 1289 2525 il
1299 2491 1390 2532 saut
1405 2492 1442 2524 la
1456 2490 1551 2532 reqir
1565 2489 1703 2531 d’apres
1721 2497 1777 2522 ees·

295 2544 485 2584 principes.
503 2544 584 2577 Mais
609 2545 765 2586 s’arroger
792 2545 1052 2578 arbitrairement
1065 2545 1108 2578 de
1122 2546 1357 2587 perfectionner
1377 2545 1424 2577 1oe
1442 2544 1530 2577 idees
1542 2544 1575 2576 et
1588 2543 1634 2575 les
1650 2542 1777 2575 institu-

303 2593 387 2626 tions
413 2596 612 2638 religieuses,
632 2598 707 2630 sont
730 2598 787 2630 des
811 2598 1008 2640 pretentions
1033 2599 1211 2631 contraires
1225 2598 1245 2630 a
1258 2598 1289 2630 ia
1303 2599 1419 2630 nature
1443 2596 1500 2628 des
1524 2596 1648 2628 choses.
1666 2597 1716 2627 On
1736 2603 1777 2627 ne

301 2654 364 2685 pou
372 2648 448 2679 rrait
470 2650 698 2691 entreprendre
713 2651 755 2684 de
767 2652 1003 2693 perfectionum·
1015 2660 1080 2684 une
1093 2652 1229 2693 religion
1249 2659 1325 2684 saus
1347 2649 1502 2682 convenit
1521 2648 1641 2690 qu'ene
1659 2649 1708 2681 eet
1731 2648 1779 2680 vi-

304 2699 412 2732 cieuse
437 2703 469 2733 et
490 2703 775 2745 consequemment
798 2714 874 2738 sans
898 2705 932 2738 la
959 2704 1102 2738 detruire
1116 2714 1174 2747 par
1194 2705 1242 2737 les
1256 2711 1388 2745 moyens
1406 2701 1488 2734 dont
1500 2710 1542 2734 ou
1559 2701 1680 2734 userait
1694 2709 1777 2742 pour

299 2752 469 2784 retablir.»
482 2756 685 2798 Quamquam
700 2759 733 2789 in
748 2758 838 2797 aliis,
852 2760 889 2791 ut
903 2758 1015 2800 postca
1029 2757 1226 2799 videbimus,
1245 2758 1314 2799 ipse
1326 2756 1387 2788 sibi
1403 2755 1554 2788 constans
1567 2755 1602 2787 in
1615 2755 1677 2787 hoc
1691 2753 1777 2795 prin-

297 2804 383 2845 cipio
403 2814 466 2836 non
484 2806 593 2840 fuerit.

1892 2597 1906 2643 53.-
1894 2563 1895 2567 „
