1912 3180
313 178 405 223 258.
585 192 664 221 Lm.
694 191 723 220 1.
758 189 870 220 sncr.
901 189 1071 219 ALTERA.
1095 189 1145 219 nn
1170 189 1343 220 mrum.
1367 189 1505 221 clvm.

309 270 460 316 habita
490 280 556 314 est
574 306 583 322 ,
613 284 693 314 nec
717 267 853 313 alium
879 277 982 313 sunt
1005 266 1209 313 effectum
1246 267 1425 313 sortitae
1461 277 1632 331 praeter
1661 286 1780 317 mere

306 344 479 391 civilem
498 381 508 399 ,
546 360 598 389 ae
631 343 799 389 interea
831 341 1020 389 ecclesia
1053 341 1252 387 fidelium
1291 342 1469 405 nuptias
1506 344 1695 406 perrexit
1728 362 1781 391 ex

308 421 400 466 iure
434 436 514 466 suo
550 428 625 465 aut
659 429 804 475 ratas,
839 428 915 464 aut
947 418 1094 464 irritas
1130 435 1275 464 coram
1309 419 1402 465 Deo
1435 429 1649 482 spectare.

402 496 630 559 Nusquam
664 511 716 541 ac
750 511 994 558 numquam
1030 494 1275 557 reperimus
1311 494 1357 539 in
1384 494 1646 558 antiquitate
1681 495 1782 541 uni-

305 588 433 618 versa
450 609 460 626 ,
483 571 751 635 imperantes
776 570 1015 634 aliquando
1041 569 1231 616 subditis
1257 570 1351 616 suis
1374 569 1633 617 christianis
1653 588 1783 635 prae-

305 646 543 710 scripsisse
566 664 834 694 consensum
859 663 988 693 suum
1012 644 1254 708 nuptialem
1285 645 1497 709 praebere
1520 663 1669 693 coram
1692 664 1783 694 ma·

304 723 578 785 gistratibus.
617 723 751 770 Multo
784 740 888 769 vero
924 721 1072 767 minus
1107 720 1348 784 aliquando
1381 720 1596 784 legimus,
1642 723 1781 787 impe-

304 809 450 846 rantes
484 798 581 862 lege
622 799 711 846 lata
751 798 984 852 sanxisse,
1023 806 1071 843 ut
1104 795 1336 843 christiani
1373 796 1541 844 subditi
1581 798 1777 845 contenti

305 892 406 923 esse
439 885 622 940 possent
644 876 700 922 de
723 873 929 936 coniugio
954 889 1100 920 coram
1125 872 1462 935 magistratibus
1486 873 1619 929 inito,
1647 873 1781 920 illud-

304 969 390 1015 que
413 951 477 998 uti
500 969 652 998 verum
677 949 1004 996 matrimonium
1035 948 1247 995 habuisse
1265 986 1274 1004 ,
1303 948 1443 995 invita
1465 965 1517 995 ac
1540 948 1780 997 reluctante

306 1026 510 1074 ecclesia.
556 1027 784 1090 Nusquam
825 1025 979 1071 iteram
1021 1041 1072 1071 ac
1112 1041 1352 1089 numquam
1394 1024 1661 1072 offendimus
1695 1025 1781 1072 hac

303 1118 439 1165 super
461 1117 508 1147 re
530 1101 799 1164 imperantes
833 1099 1048 1147 ecclesiae
1081 1098 1321 1164 aliquando
1355 1099 1477 1146 litem
1507 1100 1775 1157 intentasse,

303 1177 399 1232 sed,
430 1187 559 1241 prout
582 1176 736 1239 religio
765 1176 1008 1223 christiana
1042 1174 1230 1232 ferebat,
1261 1176 1483 1238 negotium
1518 1176 1603 1223 hoc
1636 1186 1777 1224 totum

303 1270 355 1300 eo
385 1253 431 1299 in
458 1263 575 1300 statu
608 1253 906 1318 reliquerunt,
936 1253 982 1298 in
1005 1270 1093 1317 quo
1117 1262 1211 1299 erat
1235 1269 1334 1299 cum
1359 1253 1447 1316 ipsi
1474 1253 1519 1299 in
1543 1253 1776 1301 ecclesiam

304 1346 382 1393 per
417 1328 646 1391 religionis
681 1328 950 1375 christianae
985 1328 1332 1392 professionem,
1362 1345 1624 1392 sacrumque
1656 1328 1779 1375 lava-

302 1421 425 1450 crum
461 1404 651 1467 ingressi
687 1414 805 1451 sunt.
846 1404 1060 1468 Nuspiam
1095 1421 1146 1451 ac
1180 1421 1422 1467 numquam
1463 1404 1598 1450 iidem
1638 1404 1778 1469 impe-

304 1490 449 1527 rantes
486 1480 599 1527 futili
639 1480 711 1526 usi
748 1490 850 1527 sunt
883 1480 1168 1527 distinctione
1203 1479 1316 1527 inter
1349 1480 1677 1527 matrimonium
1711 1480 1775 1527 uti

303 1556 596 1603 christianum
631 1566 956 1610 sacramentum
984 1567 1027 1602 et
1055 1566 1348 1611 contractum,
1378 1556 1438 1602 ita
1461 1566 1509 1602 ut
1533 1556 1616 1603 sub
1639 1555 1777 1603 altero

304 1632 388 1679 hoc
413 1642 614 1696 respectu
649 1632 904 1687 debuerint,
934 1642 1008 1678 aut
1042 1632 1261 1695 potuerint
1295 1631 1449 1678 saltem
1485 1632 1700 1694 attingere
1723 1648 1776 1678 ac

303 1707 548 1763 moderari,
578 1718 710 1771 atque
742 1707 930 1754 ecclesia
965 1724 1050 1754 non
1087 1707 1276 1770 potuerit
1308 1707 1394 1753 nisi
1433 1706 1517 1754 sub
1551 1706 1686 1770 priori
1713 1723 1776 1753 re-

304 1792 457 1847 spectu
498 1782 607 1830 illud
642 1783 862 1830 moderari
896 1801 948 1830 ac
981 1783 1210 1846 attingere.

398 1858 628 1922 Siquidem
646 1860 841 1906 nondum
866 1860 1146 1924 antiquorum
1171 1859 1388 1923 regendae
1411 1859 1680 1906 christianae
1704 1875 1776 1906 so-

302 1933 471 1980 cietatis
497 1934 606 1981 ratio
624 1950 676 1981 eo
693 1935 948 1991 devenerat,
970 1945 1018 1982 ut
1035 1936 1158 1983 ideas
1178 1953 1331 1983 omnes
1356 1944 1636 1999 perverteret,
1659 1950 1775 1998 quae

302 2007 358 2055 ab
391 2008 572 2055 exordio
596 2010 657 2056 rei
683 2010 954 2058 christianae
987 2011 1183 2058 omnium
1218 2020 1388 2058 mentes
1423 2019 1770 2074 occupaverant,

301 2094 343 2131 et
375 2094 630 2132 cunctorum
666 2086 760 2133 sive
793 2087 1106 2150 imperantium
1141 2087 1235 2134 sive
1265 2087 1541 2134 subditorum
1579 2086 1775 2133 obtinue-

301 2170 399 2206 rant
430 2177 483 2207 ex
516 2161 715 2209 eiusdem
751 2162 980 2225 religionis
1015 2163 1203 2227 placitis.
1236 2163 1377 2210 Nimis
1412 2173 1608 2210 recentes
1643 2172 1767 2216 sunt,

302 2236 419 2300 quod
445 2237 531 2283 iam
557 2255 710 2285 sumus
735 2239 991 2302 inspecturi,
1020 2239 1239 2287 eiusmodi
1259 2239 1498 2294 doctrinae,
1523 2255 1601 2284 seu
1623 2237 1771 2285 verius

302 2313 631 2375 perversiones,
666 2332 780 2378 quae
809 2327 1065 2380 supponunt
1098 2316 1424 2363 innovationem
1454 2315 1500 2360 in
1535 2313 1766 2369 doctrinis,

301 2405 414 2451 quas
450 2389 605 2452 religio
634 2407 809 2454 semper
841 2391 1044 2455 professa
1074 2402 1142 2438 est
1175 2402 1218 2438 et
1251 2390 1540 2456 profitebitur.

396 2465 509 2511 Sane
533 2465 579 2510 in
603 2475 776 2529 patrum
793 2504 802 2521 ,
830 2477 905 2513 aut
927 2466 1327 2514 ecclesiasticorum
1347 2476 1572 2513 auctorum
1591 2463 1769 2527 scriptis

301 2538 413 2585 nihil
449 2541 664 2596 occurrit,
709 2541 828 2605 quod
863 2542 931 2589 vel
965 2541 1119 2589 leviter
1157 2542 1423 2588 mentionem
1468 2540 1601 2586 faciat
1640 2555 1769 2602 prae-

302 2613 415 2660 fatae
448 2616 745 2664 distinctionis
764 2656 773 2674 ,
808 2618 925 2665 unde
948 2619 1042 2664 erui
1068 2618 1209 2681 possit
1243 2617 1404 2664 divisio
1436 2615 1768 2662 attributionum

302 2689 568 2752 reipublicae
584 2704 627 2740 et
643 2693 858 2742 ecclesiae
880 2695 998 2741 circa
1021 2693 1350 2741 matrimonium
1370 2692 1583 2740 fidelium.
1603 2693 1767 2757 Ecquis

300 2766 415 2811 enim
451 2767 647 2827 dubitat,
687 2772 804 2834 quod
830 2772 868 2819 si
894 2772 1139 2836 antiquitus
1166 2771 1241 2818 illa
1265 2770 1438 2835 partitio
1474 2771 1763 2827 obtinuisset,
