1918 3186
326 184 385 229 60
579 197 659 228 Lm.
690 196 720 228 1.
750 195 862 227 SECT.
893 193 922 224 1.
952 192 1005 224 DE
1040 192 1212 225 mmm.
1243 191 1527 225 SAGRAMENTO.

323 275 431 340 quid
466 273 674 339 ponderis
704 271 887 318 haberet
913 270 1020 318 Cani
1055 271 1351 326 ratiocinatio,
1393 281 1652 335 sequeretur
1677 271 1798 320 iuxta

324 347 595 397 Paludanum
619 363 699 394 nec
722 347 871 410 ipsum
894 343 1165 411 baptismum
1182 364 1208 394 a
1231 346 1343 394 laico
1368 357 1596 411 peccatore
1611 345 1801 394 admini-

324 435 510 472 stratum
542 423 588 469 in
622 419 886 469 necessitate
918 422 1011 470 fore
1034 419 1232 470 validum
1265 421 1308 470 et
1341 434 1682 470 sacramentum.
1713 423 1799 470 Sed

323 509 519 565 praestat
540 498 741 546 eiusdem
763 497 981 545 Paludani
1015 498 1150 546 verba
1178 498 1429 546 describere
1452 498 1508 545 ad
1532 498 1800 546 omnem're-

322 574 583 623 movendam
607 573 963 638 ambiguitatem:
997 575 1264 622 «Praeterea
1287 592 1375 623 non
1399 574 1573 622 videtur
1590 613 1599 631 ,
1627 574 1794 638 inquit,

322 650 443 716 quod
467 661 673 715 peccator
695 650 962 699 contrahens
986 650 1314 698 matrimonium
1337 661 1510 715 peccet,
1527 668 1628 698 cum
1651 660 1798 698 tamen

322 726 519 773 essentia
540 726 810 773 matrimonii
834 726 1051 774 consistat
1074 725 1120 771 in
1144 724 1299 774 mutuov
1319 743 1542 774 consensu
1565 743 1646 791 per
1665 725 1801 774 verba

321 802 455 850 unius
489 802 615 850 alteri
648 819 880 866 expressa:
912 803 980 848 hic
1003 802 1116 848 enim
1140 819 1364 849 consensus
1388 812 1702 850 sacramentum
1723 803 1801 848 mi-

320 879 505 932 nistrat,
543 895 628 925 non
660 887 802 924 autem
826 877 1023 924 sacerdos
1057 876 1325 932 benedicens,
1365 878 1443 942 qui
1477 877 1621 926 solum
1655 894 1800 924 sacra-

322 954 514 1002 mentale
546 954 771 1019 quoddam
801 953 986 1001 adhibet
1006 955 1157 1016 (16).»

419 1028 533 1076 Illud
567 1029 723 1092 igitur:
751 1030 823 1076 vir
850 1039 889 1076 et
913 1029 1102 1093 foemina
1131 1029 1318 1077 civiliter
1350 1029 1625 1083 contrahunt,
1661 1027 1801 1076 solius

320 1115 390 1153 est
405 1103 535 1161 Cani,
564 1121 652 1152 non
677 1114 823 1152 autem
848 1104 1063 1151 Paludani
1078 1143 1088 1161 ,
1116 1105 1193 1170 qui
1218 1104 1409 1152 affirmat
1425 1122 1502 1152 eos
1520 1104 1797 1159 contrahere,

324 1180 414 1227 imo
443 1190 486 1227 et
512 1179 818 1228 administrare
848 1178 1164 1228 sacramentum
1187 1199 1266 1246 per
1288 1191 1488 1228 mutuum
1513 1198 1796 1229 consensum.

324 1256 550 1304 Postrema
581 1267 728 1304 autem
760 1257 922 1314 verba,
960 1275 1078 1322 quae
1105 1274 1158 1305 ex
1187 1257 1414 1306 Paludano
1443 1257 1711 1305 adduximus
1747 1257 1803 1303 de

324 1332 556 1380 sacerdote
592 1333 907 1390 benedicente,
954 1335 1032 1397 qui
1067 1334 1206 1380 solum
1239 1334 1550 1380 sacramentale
1589 1332 1805 1396 quoddam

323 1407 523 1464 adhibet,
553 1409 823 1473 patefaciunt
848 1426 1030 1456 sensum
1054 1409 1100 1455 in
1124 1428 1213 1474 quo
1235 1420 1406 1457 veteres
1421 1448 1430 1466 ,
1453 1410 1515 1456 uti
1540 1408 1803 1456 Guilielmus

323 1484 585 1548 parisiensis
612 1484 780 1549 aliique
813 1484 1035 1532 interdum
1063 1496 1224 1532 vocant
1254 1494 1591 1540 sacramentum,
1627 1494 1704 1531 aut
1734 1501 1806 1530 sa-

326 1560 583 1607 cramentale
601 1559 953 1607 benedictionem
967 1558 1287 1607 sacerdotalem
1301 1559 1347 1605 in
1359 1559 1528 1623 nuptiis
1542 1559 1798 1622 iungendis.

419 1635 514 1683 Hac
531 1636 685 1683 eadem
709 1636 864 1700 phrasi
883 1653 994 1683 usus
1012 1646 1081 1684 est
1097 1653 1135 1683 s.
1153 1635 1362 1692 Thomas,
1376 1635 1454 1700 qui
1473 1634 1805 1699 pariteraCano

320 1711 386 1758 uti
402 1722 598 1759 assertor
609 1712 852 1759 sententiae
870 1728 980 1759 suae
991 1711 1064 1759 his
1076 1710 1224 1759 verbis
1240 1710 1462 1758 laudatur:
1483 1711 1564 1757 «D.
1579 1728 1683 1758 vero
1695 1710 1805 1757 Tho-

321 1804 436 1844 mas,
457 1787 562 1835 licet
577 1787 622 1833 in
641 1787 873 1852 scripturis
893 1784 1150 1835 communes
1165 1786 1256 1834 fere
1274 1786 1506 1851 opiniones
1525 1796 1800 1850 sequeretur,

320 1879 348 1910 a
365 1864 543 1909 veritate
563 1862 732 1909 tandem
758 1873 926 1910 coactus
942 1899 954 1917 ,
983 1872 1153 1909 nostrae
1181 1863 1377 1926 opinioni
1396 1862 1670 1925 subscripsit.
1693 1860 1804 1907 Cum

323 1938 442 1985 enim
477 1939 524 1984 in
561 1939 604 1985 4.
633 1938 739 1986 dist.
769 1940 814 1985 1.
843 1956 888 2003 q.
919 1940 964 1985 1.
996 1948 1078 1985 art.
1110 1941 1154 1986 3.
1183 1938 1410 1986 docuisset
1436 1937 1571 1985 verba
1605 1937 1650 1982 in
1684 1936 1802 1984 omni

322 2024 600 2062 sacramento
635 2014 890 2062 necessaria
926 2032 1052 2071 esse,
1090 2014 1246 2079 quinto
1280 2013 1325 2060 id
1360 2023 1618 2076 argumento
1657 2013 1803 2076 impu-

323 2090 475 2152 gnavit
507 2090 552 2136 in
586 2089 708 2138 hunc
735 2091 932 2139 modum.
957 2090 1232 2138 Poenitentia
1263 2101 1306 2138 et
1335 2089 1665 2137 matrimonium
1698 2099 1803 2135 sunt

324 2175 622 2212 sacramenta:
655 2166 734 2213 sed
760 2166 815 2213 de
842 2166 1094 2230 integritate
1122 2183 1275 2213 eorum
1306 2183 1395 2213 non
1422 2175 1526 2213 sunt
1551 2163 1686 2213 verba
1719 2164 1802 2210 ali-

323 2258 413 2305 qua
445 2251 528 2288 etc.
559 2241 639 2288 Cui
673 2253 931 2305 argumento
963 2243 1026 2290 ita
1057 2242 1240 2307 quidem
1271 2240 1527 2306 respondit,
1556 2239 1675 2304 quod
1706 2257 1801 2286 ma-

325 2316 578 2364 trimonium
612 2318 856 2364 secundum
890 2318 1010 2382 quod
1038 2312 1110 2366 est
1135 2319 1181 2365 in
1210 2318 1405 2366 officium
1422 2355 1431 2373 ,
1462 2326 1505 2363 et
1532 2315 1801 2380 poenitentia

324 2392 569 2440 secundum
587 2393 707 2457 quod
725 2404 794 2440 est
809 2394 969 2451 virtus,
991 2411 1081 2441 non
1099 2394 1267 2441 habent
1288 2393 1484 2458 aliquam
1503 2392 1687 2439 formam
1703 2408 1801 2438 ver-

322 2468 512 2516 borum:
558 2469 637 2517 sed
672 2470 918 2517 secundum
951 2470 1072 2535 quod
1105 2481 1343 2534 utrumque
1376 2480 1444 2517 est
1476 2479 1800 2516 sacramentum

324 2545 371 2589 in
399 2544 712 2608 dispensatione
744 2547 1038 2592 ministrorum
1066 2546 1264 2592 ecclesiae
1290 2547 1540 2600 consistens,
1564 2555 1801 2609 utrumque

325 2619 460 2668 habet
492 2621 644 2686 aliqua
679 2621 830 2671 verba.
866 2622 1091 2669 Hactenus
1126 2622 1170 2668 d.
1207 2621 1414 2669 Thomas.
1445 2621 1501 2668 Et
1537 2622 1579 2667 4.
1614 2620 1691 2667 lib.
1722 2621 1800 2667 ad—

325 2712 480 2744 versus
505 2708 657 2760 gentes
693 2716 732 2746 c.
767 2699 843 2745 78.
869 2715 956 2746 non
987 2697 1114 2746 aliter
1152 2697 1280 2746 docet
1321 2697 1500 2762 nuptias
1549 2714 1800 2745 sacramen-

420 2795 486 2837 (16)
509 2798 546 2829 ln
560 2798 590 2829 ⁴.
606 2797 680 2831 dist.
699 2804 728 2830 5.
747 2808 779 2840 q.
798 2803 827 2831 2.
847 2798 903 2831 sol.
922 2802 971 2831 23.
988 2806 1080 2830 verso
1096 2798 1158 2831 col.
1178 2804 1205 2830 1.
1221 2803 1249 2830 2.
