1912 3180
277 189 364 235 418
519 203 601 233 un.
631 201 661 231 ι.
691 197 832 231 sacrm
857 198 1030 229 ALTERA.
1063 197 1114 228 nn
1139 196 1314 229 mrum.
1346 197 1486 229 elvini..

372 280 500 337 Quod
534 294 639 326 vero
674 276 826 324 subdit
849 287 996 324 orator
1019 275 1075 323 de
1098 275 1288 334 ecclesia
1317 292 1476 338 graeca
1503 275 1741 335 catholica,

274 375 389 423 quae
428 354 623 421 perrexit
656 353 931 417 distinguere
966 353 1011 399 in
1046 352 1275 406 sacerdote
1307 351 1534 400 hominem
1558 391 1568 409 ,
1608 354 1755 402 civem

275 451 326 481 ac
360 432 590 487 maritum,
621 448 709 478 non
734 440 802 477 est
825 429 882 477 ad
907 447 995 477 rem
1021 467 1031 486 ,
1070 446 1131 476 ac.
1156 428 1287 476 u-nic'e
1322 428 1511 476 fortasse
1547 429 1749 494 protulit,

275 521 324 558 ut
347 508 627 575 peregrinam
652 507 946 554 eruditionem
970 507 1098 553 suam
1133 505 1263 552 nobis
1299 504 1447 570 palam
1480 505 1749 554 ostenderet.

371 586 508 650 Leges
526 584 741 632 ecclesiae
757 582 1072 648 disciplinares
1094 581 1214 628 iuxta
1231 580 1535 630 adversarium
1555 582 1617 629 nil
1628 580 1753 630 aliud

277 674 404 719 sunt,
435 656 568 727 quam
593 661 734 708 foetus
757 659 980 706 humanae
1004 657 1190 705 rationis
1209 696 1219 714 ,
1247 675 1364 723 quae
1387 658 1469 723 pro
1493 657 1614 715 loco,
1643 669 1756 707 tem-

277 757 383 805 pore
417 738 611 804 aliisque
646 755 791 785 rerum
826 735 1052 783 adiunctis
1083 733 1389 799 proferuntur,
1427 734 1633 800 quaeque
1667 753 1758 784 non

277 816 477 880 obligant
509 815 795 879 magistratus
830 812 1011 868 civiles,
1052 812 1140 859 nisi
1177 830 1278 860 cum
1304 812 1379 860 isti
1405 829 1483 860 eas
1507 822 1755 878 acceptent,

278 911 330 941 ac
364 893 505 941 donec
539 910 615 940 eas
651 909 739 939 non
774 887 993 937 revocent.
1022 888 1104 936 Ast
1130 888 1353 937 sciscitari
1378 888 1437 936 ab
1460 899 1633 937 oratore
1656 907 1763 955 pos-

281 986 436 1017 sumus
461 988 470 1015 :
510 986 615 1016 num
649 967 770 1031 leges
804 965 959 1014 civiles
984 983 1071 1013 non
1097 965 1190 1013 sint
1216 962 1440 1013 humanae
1464 966 1649 1014 rationis
1676 966 1763 1015 soe—

284 1058 355 1093 tus
382 1062 464 1110 pro
487 1044 607 1101 loco,
638 1055 859 1108 tempore,
889 1041 1081 1108 aliisque
1117 1060 1263 1090 rerum
1297 1042 1522 1091 adiunctis
1545 1042 1758 1108 prolatae.

281 1123 416 1185 Leges
454 1120 640 1186 proinde
667 1121 782 1168 istae
808 1137 896 1167 non
920 1119 1182 1183 obligabunt
1205 1114 1406 1168 civitates
1424 1137 1476 1168 ac
1494 1119 1757 1186 municipia,

282 1197 370 1245 nisi
395 1214 495 1244 cum
519 1213 596 1244 eas
622 1192 960 1261 acceptaverint,
984 1206 1060 1243 aut
1077 1195 1220 1243 donec
1236 1212 1312 1243 eas
1332 1214 1420 1244 non
1440 1196 1757 1244 revocaverint.

283 1274 442 1322 Nescio
475 1284 623 1321 utrum
659 1273 943 1320 adversarius
975 1272 1091 1320 hanc
1127 1272 1342 1321 theoriam
1380 1274 1440 1321 sit
1473 1272 1759 1338 probaturus.

284 1350 437 1416 Itaque
468 1367 556 1398 non
582 1350 627 1396 in
652 1367 704 1397 eo
729 1360 931 1397 versatur
964 1349 1168 1414 quaestio
1198 1367 1254 1396 an
1285 1349 1406 1413 leges
1431 1349 1526 1398 sive
1548 1348 1761 1398 e‘cclesia·

284 1428 422 1474 sticae
446 1427 541 1474 sive
565 1425 720 1473 civiles
752 1426 842 1473 sint
868 1425 1010 1472 foetus
1041 1422 1264 1472 huma-nae
1288 1426 1490 1482 rationis,
1515 1425 1593 1473 sed
1612 1436 1763 1473 utrum

285 1502 404 1550 adsit
423 1520 504 1549 nec
522 1520 579 1549 ne
597 1502 836 1549 auctoritas
856 1519 932 1548 eas
951 1500 1216 1548 conficiendi
1234 1539 1243 1558 ,
1267 1511 1310 1548 et
1329 1502 1563 1550 inferiores
1583 1513 1766 1550 tenean-

288 1593 356 1626 tur
379 1578 610 1642 potestatis
635 1577 877 1643 superioris
907 1577 1080 1640 legibus
1104 1576 1306 1642 obsequi.
1333 1578 1499 1643 Ecquis
1526 1596 1656 1643 porro
1680 1579 1766 1626 du-

287 1654 495 1702 bitaverit
530 1654 849 1702 catholicorum
885 1652 1120 1700 ecclesiam
1152 1670 1178 1700 a
1202 1653 1380 1701 Christo
1404 1665 1663 1719 potestatem
1693 1671 1767 1702 ac-

289 1731 464 1796 cepisse
497 1730 619 1794 leges
662 1729 862 1787 ferendi,
902 1747 1017 1795 quae
1051 1729 1248 1793 obligent
1289 1747 1443 1778 omnes
1480 1730 1635 1778 fideles
1670 1731 1766 1779 sive

289 1807 595 1864 distributive,
627 1808 720 1855 sive
744 1807 972 1855 collective
999 1818 1227 1872 sumptos,
1268 1808 1519 1856 cuiusmodi
1546 1820 1650 1856 sunt
1672 1826 1767 1856 ma-

290 1885 502 1948 gistratus
537 1883 693 1932 civiles
728 1883 895 1947 (105)‘?
924 1885 1039 1931 Sane
1071 1884 1269 1931 doctrina
1293 1895 1335 1931 et
1359 1885 1509 1950 praxis
1537 1884 1659 1933 orbis
1691 1903 1767 1932 ca-

295 1959 447 2007 tholici
474 1977 618 2025 usque
641 1959 698 2007 ad
724 1959 967 2007 infaustum
987 1961 1336 2025 protestantismi
1363 1972 1539 2026 tempus
1558 1972 1768 2009 constans

291 2037 374 2084 fuit
402 2036 715 2103 disciplinares
750 2036 965 2084 ecclesiae
994 2037 1142 2100 leges,
1183 2038 1446 2100 praesertim
1480 2055 1595 2103 quae
1619 2038 1676 2085 ad
1702 2055 1769 2086 sa-

293 2125 618 2161 cramentorum
665 2113 1095 2162 administrationem
1143 2113 1395 2178 pertinent,
1435 2115 1685 2163 exosculari
1718 2131 1770 2162 ac

293 2201 544 2238 reverenter
578 2208 627 2237 se
663 2190 752 2238 illis
787 2191 1024 2238 subiicere.
1058 2190 1218 2238 Adhuc
1251 2208 1387 2256 penes
1422 2209 1577 2240 omnes
1613 2191 1769 2240 civiles

295 2267 582 2330 magistratus
610 2284 713 2314 vere
740 2267 983 2315 catholicos
1009 2267 1202 2324 obtinet,
1231 2277 1280 2315 ut
1312 2267 1532 2315 eiusmodi
1568 2267 1772 2333 discipli-

295 2362 427 2392 nares
462 2344 714 2392 sanctiones
748 2362 800 2392 ea
835 2363 924 2409 qua
955 2362 1035 2409 par
1068 2356 1136 2392 est
1168 2345 1452 2392 veneratione
1487 2355 1732 2392 serventur.

391 2421 511 2468 Licet
534 2421 685 2468 adsint
717 2421 959 2469 nonnullae
987 2421 1301 2486 disciplinares
1331 2421 1452 2485 leges
1469 2460 1479 2478 ,
1511 2439 1627 2487 quae
1652 2422 1771 2469 circa

297 2495 468 2544 obiecta
486 2514 565 2562 per
584 2514 632 2544 se
650 2497 897 2562 adiaphora
924 2506 1182 2554 versantur,
1216 2515 1418 2563 quaeque
1436 2515 1515 2564 pro
1536 2497 1674 2546 variis
1704 2516 1772 2546 re-

299 2588 413 2627 rum,
436 2571 632 2619 locorum
658 2583 995 2638 temporumque
1011 2573 1236 2621 adiunctis
1255 2592 1283 2621 a
1300 2573 1495 2638 legitima
1513 2574 1773 2622 auctoritate

300 2653 533 2715 temperari
554 2652 743 2717 possint,
760 2670 1005 2718 earumque
1022 2671 1048 2700 a
1067 2653 1298 2717 guberniis
1325 2651 1533 2700 civilibus
1561 2651 1773 2699 relaxatio

394 2774 479 2814 (105)
499 2776 548 2807 cf.
572 2784 655 2816 quae
678 2776 866 2817 scripsimus
888 2777 921 2808 iu
947 2777 1119 2811 Praelect.
1139 2776 1285 2818 theoloq.
1315 2777 1419 2810 tract.
1444 2777 1494 2809 De
1517 2776 1602 2809 locis
1625 2774 1770 2816 theoloq.

299 2826 382 2867 part.
400 2828 425 2858 1.
442 2835 511 2867 cap.
531 2829 583 2859 1v.
602 2830 661 2861 art.
679 2830 735 2861 ΙΙΙ.
753 2838 880 2871 propos.
899 2830 1004 2863 unica.
