1918 3186
290 207 380 253 164
580 222 659 253 Lm.
690 222 720 251 1.
752 219 863 251 sacr.
895 220 923 250 ι.
955 219 1007 250 na
1043 219 1217 251 numm.
1249 219 1531 252 sncnfflnmo.

289 317 408 348 mum
440 301 655 347 erexerint
682 298 738 344 ad
767 314 925 345 novam
960 297 1070 344 Cani
1106 297 1355 344 doctrinam
1389 298 1757 362 oppugnandam,

289 387 417 440 prout
452 392 626 422 rursum
661 373 973 421 animadvertit
1005 374 1126 421 card.
1159 373 1472 420 pallavicinius
1508 376 1624 436 (50).
1656 394 1658 397 ’

385 450 539 497 Nullus
575 448 730 496 dubito
754 486 764 505 ,
804 448 922 513 quod
959 449 997 495 si
1034 448 1372 511 religiosissimo
1414 448 1769 514 doctissimoque

290 528 408 582 viro,
448 525 698 573 cuiusmodi
735 525 930 589 profecto
964 525 1045 571 fuit
1078 524 1252 580 Canus,
1290 534 1515 588 comperta
1549 524 1764 581 fuissent,

290 620 405 666 quac
429 602 514 649 hac
537 603 584 649 in
609 602 810 650 sessione
831 602 978 647 XXIV.
1002 601 1181 648 concilii
1206 611 1305 648 acta
1323 612 1365 648 et
1384 603 1620 649 constituta
1639 612 1765 658 sunt,

291 696 533 743 numquam
558 677 633 724 illc
656 678 844 725 fortasse
868 678 914 722 in
939 677 1055 723 hanc
1072 676 1340 726 ,devenisset
1374 678 1639 725 sententiam
1658 716 1667 734 ,
1697 694 1770 725 ne·-

291 771 378 818 que
413 754 552 802 libero
586 754 697 801 adeo
732 753 846 817 stylo
881 752 1145 799 contrariam
1181 752 1339 803 fuisset
1371 770 1625 816 aggressus.
1651 753 1769 809 Quid

292 831 329 876 si
357 831 635 895 perpexisset
658 847 773 894 quae
796 830 1007 892 deinceps
1025 846 1052 874 a
1075 845 1185 874 rom.
1209 822 1498 891 pontificibus
1522 829 1608 876 hac
1633 847 1769 894 super

294 925 339 953 re
374 907 537 983 scripta
574 917 705 971 atque
739 905 979 952 constituta
1012 903 1145 951 sunt?
1171 903 1297 952 Certe
1330 905 1447 952 hanc
1482 922 1571 952 non
1605 905 1771 968 attigis-

293 992 361 1028 set
394 978 716 1046 quaestionem,
744 998 796 1026 ex
820 997 908 1044 qua
931 996 1010 1043 per
1033 979 1264 1026 hominum
1290 979 1446 1027 saltem
1472 979 1684 1027 malitiam
1710 990 1774 1027 tot

293 1058 410 1105 mala
446 1067 779 1121 promanarunt.

390 1134 482 1180 Iam
518 1143 713 1196 praestat
746 1141 1005 1195 argumenta
1037 1132 1285 1195 expendere
1303 1170 1313 1188 ,
1342 1149 1456 1197 quae
1479 1149 1532 1179 ex
1556 1132 1772 1180 ecclesiae

295 1225 429 1255 sensu
446 1246 455 1264 ,
485 1208 672 1272 eiusque
696 1207 855 1270 agendi
881 1208 1051 1255 ratione
1075 1208 1352 1272 proveniunt.
1371 1209 1491 1255 Haec
1508 1207 1638 1256 nobis
1664 1225 1772 1272 sup-

295 1284 494 1348 peditant
526 1284 807 1330 matrimonia
842 1283 952 1330 inita
985 1284 1166 1348 quidem
1191 1301 1339 1331 coram
1368 1284 1587 1348 parocho,
1616 1284 1696 1331 sed
1720 1301 1772 1350 eo

298 1359 554 1407 reluctante.
583 1361 678 1406 Non
716 1359 852 1406 semel
886 1359 1004 1405 enim
1039 1359 1112 1415 fit,
1151 1370 1199 1405 ut
1231 1359 1320 1406 duo
1354 1377 1403 1407 se
1436 1359 1591 1407 fideles
1625 1377 1773 1411 coram

299 1435 495 1499 parocho
519 1436 682 1482 sistant
699 1452 799 1482 cum
819 1435 1019 1490 duobus,
1048 1446 1123 1481 aut
1147 1434 1288 1482 tribus
1314 1435 1530 1492 testibus,
1551 1445 1693 1499 vatque
1716 1435 1776 1483 ita

297 1528 350 1557 ex
385 1511 654 1574 improvviso
686 1509 941 1572 coniugium
976 1509 1151 1564 ineant,
1191 1509 1296 1556 dum
1332 1510 1554 1573 parochus
1590 1509 1776 1558 relucta-

299 1590 423 1632 tu'rus
457 1585 753 1650 praevidetur.
783 1585 881 1640 Quo
904 1584 1086 1648 quidem
1119 1584 1165 1630 in
1198 1601 1306 1631 casu
1328 1585 1401 1631 vix
1425 1585 1556 1632 datus
1582 1596 1650 1632 est
1672 1602 1776 1633 con-

300 1680 460 1710 sensus
480 1701 489 1719 ,
521 1662 854 1709 matrimonium
879 1661 997 1708 illico
1022 1671 1292 1709 contractum
1308 1699 1318 1718 ,
1350 1661 1439 1709 imo
1464 1673 1507 1709 et
1534 1673 1677 1710 ratum
1702 1662 1778 1709 ha—

299 1739 454 1796 betur,
484 1756 563 1786 nec
593 1755 806 1802 umquam
842 1738 1038 1802 separari
1070 1738 1287 1801 coniuges
1322 1749 1536 1802 possunt,
1565 1756 1616 1785 ac
1640 1755 1777 1787 novas

303 1815 482 1879 nuptias
512 1815 639 1861 inire.
662 1813 864 1862 Ecclesia
887 1824 1032 1861 tamen
1060 1814 1138 1871 iis,
1169 1814 1246 1878 qui
1271 1814 1331 1862 ita
1355 1815 1673 1871 contraxerint,
1701 1814 1779 1861 be-

301 1890 596 1937 nedictionem
631 1889 793 1936 deinde
832 1906 919 1937 non
954 1889 1228 1954 impertitur,
1269 1907 1349 1937 nec
1383 1890 1440 1937 ad
1475 1890 1676 1937 eamdem
1711 1907 1779 1937 re-

302 1966 555 2030 cipiendam
580 1965 796 2023 admittit,
825 1965 999 2012 etiamsi
1024 1983 1099 2013 eos
1125 1966 1284 2030 patrati
1310 1966 1510 2013 criminis
1536 1966 1772 2030 poeniteat.

304 2042 451 2097 Quare
468 2041 720 2090 enimvero?
737 2041 852 2097 Quia
875 2041 1045 2089 scilicet
1062 2059 1141 2106 pro
1158 2052 1275 2089 certo
1294 2042 1428 2089 habet
1445 2059 1521 2090 eos
1538 2059 1691 2089 verum
1710 2059 1779 2089 ra—

305 2128 487 2182 tumque
509 2117 838 2164 matrimonium
865 2118 1158 2173 contraxisse,
1185 2135 1274 2164 non
1300 2118 1388 2164 iam
1406 2118 1471 2165 uti
1490 2135 1658 2165 merum
1676 2118 1780 2165 civi-

305 2193 389 2240 lem
408 2203 678 2241 contractum
694 2232 703 2249 ,
733 2193 812 2240 sed
837 2194 899 2240 uti
925 2204 1276 2251 sacramentum,
1306 2194 1425 2258 quod
1461 2194 1607 2241 iterari
1644 2194 1779 2240 semel

306 2269 663 2316 administratum
688 2270 856 2333 nequit.
882 2269 1012 2316 Nulla
1036 2278 1182 2316 autem
1205 2279 1272 2317 est
1297 2269 1408 2316 ratio
1431 2285 1508 2315 cur
1530 2268 1780 2315 benedictio

305 2345 491 2391 conferri
511 2363 599 2391 non
620 2346 785 2409 possit,
809 2346 848 2392 si
867 2345 978 2393 haec
996 2355 1166 2410 partem
1200 2345 1481 2392 essentialem
1517 2345 1778 2391 sacramenti

308 2421 612 2477 constitueret,
635 2422 696 2468 ita
712 2432 761 2468 ut
779 2431 881 2468 ante
899 2421 1020 2467 illam
1039 2439 1127 2468 non
1145 2421 1383 2468 haberetur
1399 2421 1486 2468 nisi
1506 2430 1773 2468 contractus.

308 2496 468 2544 Censet
491 2497 628 2560 igitur
650 2497 1002 2562 ecclesia,.quin
1026 2498 1172 2561 potius
1198 2514 1276 2561 pro
1301 2507 1418 2544 certo
1441 2496 1576 2543 habet
1598 2497 1644 2542 in
1667 2497 1782 2544 eius·

311 2573 429 2618 modi
453 2574 657 2636 coniugio
673 2591 826 2621 verum
849 2573 1003 2620 haberi
1030 2583 1372 2620 sacramentum.
1391 2572 1445 2619 Et
1468 2572 1553 2620 hoc
1577 2573 1782 2623 inelucta-

295 2647 404 2693 .bile
437 2659 504 2695 est
535 2661 857 2712 argumentum.

408 2724 528 2770 Idem
563 2726 801 2774 dicendum
837 2727 892 2774 de
922 2727 1166 2790 coniugiis,
1195 2743 1310 2790 quae
1335 2725 1611 2774 celebrantur
1635 2742 1781 2773 coram

408 2825 473 2864 (50)
492 2827 568 2857 Loc.
593 2827 645 2858 cit.
