1918 3186
314 196 404 242 160
580 211 660 242 un.
689 209 719 241 1.
747 208 860 240 secr.
889 208 919 240 1.
948 208 1000 240 nr
1025 208 1198 242 immin.
1229 210 1510 244 smmum-0.

311 298 466 335 menta.
505 289 601 336 Non
637 285 868 352 probavit,
912 297 961 334 ut
999 288 1111 334 inter
1153 297 1274 334 testes
1314 299 1620 337 numeraretur
1654 308 1784 356 paro·

312 364 424 412 chus
448 365 563 426 (43).
587 362 659 409 Sic
689 363 823 409 etiam
856 362 1081 411 decretum
1116 363 1318 428 probavit
1349 364 1669 415 Constantinus
1703 368 1790 416 Bo-

312 438 456 486 nellus
479 438 715 503 episcopus
745 437 912 485 Tiferni
939 439 1178 486 ostendens
1203 439 1271 486 fas
1294 439 1508 488 ecclesiae
1530 459 1632 490 esse
1665 443 1791 491 irrita

310 515 453 561 facere
486 514 706 562 eiusmodi
736 514 983 571 connubia,
1013 529 1100 562 non
1126 515 1308 580 quidem
1342 516 1466 564 irrito
1489 517 1664 566 reddito
1687 535 1788 566 con-

310 600 471 647 tractu,
498 590 619 637 unde
636 607 724 638 non
741 600 860 638 esset
877 590 1068 654 amplius
1093 591 1277 638 materia
1300 591 1462 640 idonea
1495 594 1784 650 sacramenti,

309 667 442 714 sicuti
472 667 655 731 quidam
688 666 1019 723 disserueruut;
1049 683 1151 713 nam
1178 677 1427 716 contractus
1451 669 1647 732 coniugii
1671 670 1791 717 inter

310 742 466 790 fideles
501 741 585 790 non
612 742 856 807 praecedit,
897 744 980 789 imo
1015 760 1090 789 nec
1123 742 1408 807 distinquitur
1437 763 1465 792 a
1491 756 1782 801 sacramento,

311 819 511 884 adeoque
549 818 800 866 facultatem
843 818 1028 882 perinde
1069 817 1192 865 illius
1227 836 1278 865 ac
1312 819 1447 867 huius
1483 838 1572 868 non
1605 838 1707 869 esse
1740 821 1786 867 in

309 894 525 952 ecclesia,
564 895 643 943 sed
682 912 815 960 posse
848 894 905 941 ab
938 911 992 942 ea
1025 893 1197 941 irritum
1239 895 1365 941 reddi
1408 883 1668 953 assensum,
1708 897 1786 961 qui

308 972 573 1020 antecedens
600 982 668 1019 est
700 989 836 1019 causa
869 971 1013 1036 ipsius
1048 982 1297 1020 contractus
1326 974 1444 1035 (44).
1475 973 1530 1019 Et
1562 973 1625 1020 ita
1644 991 1790 1039 porro

308 1049 355 1095 in
384 1048 588 1096 eumdem
622 1065 808 1112 sensum
837 1047 913 1094 alii
948 1047 1099 1113 plures
1135 1065 1215 1112 pro
1248 1048 1458 1096 alterutra
1490 1060 1612 1115 parte
1647 1050 1787 1098 disse-

309 1135 512 1182 ruerunt,
534 1142 689 1173 omnes
708 1135 854 1172 tamen
871 1125 936 1171 uti
954 1124 1291 1171 fundamentum
1315 1135 1483 1172 certum
1508 1136 1788 1174 assumentes

308 1200 577 1248 matrimonii
603 1211 916 1248 sacramentum
944 1218 1023 1266 per
1045 1199 1190 1248 solum
1214 1201 1570 1249 contrahentium
1597 1219 1787 1250 consen-

309 1295 409 1326 sum
442 1278 610 1343 perfici.

403 1354 550 1401 Refert
565 1363 793 1419 praeterea
815 1353 933 1400 idem
957 1354 1343 1419 historiographus
1367 1355 1512 1419 capite
1529 1354 1783 1419 insequenti

311 1440 376 1476 ter
399 1429 660 1495 paradigma
689 1430 855 1477 formae
878 1429 1041 1477 decreti
1065 1430 1343 1477 immutatum
1369 1430 1529 1487 fuisse,
1559 1431 1668 1495 quia
1688 1448 1788 1478 um-

307 1523 443 1570 quam
467 1507 582 1553 facta
603 1506 768 1554 mentio
801 1505 934 1552 fuerit
955 1505 1013 1552 de
1036 1506 1278 1553 sacerdotis
1312 1506 1565 1571 praesentia
1598 1506 1787 1571 eiusque

309 1583 595 1639 necessitate,
625 1581 704 1630 sed
734 1592 985 1629 constanter
1018 1581 1303 1628 constitutum
1337 1592 1386 1628 ut
1420 1593 1507 1630 tres
1543 1584 1678 1630 testes
1713 1582 1789 1629 ad-

309 1657 568 1706 hiberentur
585 1658 640 1705 ad
660 1657 929 1705 matrimonii
947 1657 1283 1705 celebrationem
1307 1658 1402 1719 (45)
1415 1695 1424 1703 .
1441 1657 1509 1703 Ad
1527 1657 1786 1704 instantiam

307 1733 502 1799 denique
533 1734 654 1782 card.
683 1733 954 1797 Lotharingii
987 1743 1133 1780 actum
1157 1743 1225 1780 est
1252 1732 1308 1780 de
1332 1732 1605 1780 stabilienda
1629 1750 1784 1780 neces-

307 1810 439 1858 sitate
473 1810 750 1876 praesentiae
780 1809 1021 1858 sacerdotis
1046 1820 1270 1874 tamquam
1296 1810 1422 1856 testis
1448 1808 1655 1856 celebrati
1680 1825 1787 1855 con-

307 1886 416 1950 iugii
430 1925 440 1944 ,
463 1904 542 1934 nec
565 1897 711 1934 tamen
735 1886 791 1933 ab
814 1885 941 1933 initio
974 1895 1122 1951 patres
1158 1886 1491 1950 acquieverunt.
1513 1884 1580 1931 Ad
1604 1902 1780 1932 omnem

307 1962 484 2010 tandem
517 1963 747 2011 vitandam·
778 1962 993 2020 fraudem,
1022 1979 1122 2010 cum
1145 1963 1432 2010 convenerint
1449 1962 1504 2009 de
1522 1962 1785 2009 necessitate

308 2039 657 2088 alicuiustestis
693 2039 890 2096 stabilis,
928 2039 1219 2086 deliberatum
1249 2049 1319 2086 est
1345 2049 1491 2086 utrum
1524 2038 1599 2086 hic
1633 2048 1786 2103 posset

307 2134 409 2164 esse
430 2117 577 2164 scriba
599 2135 679 2164 seu
700 2116 906 2182 publicus
930 2116 1130 2173 tabellio,
1155 2133 1211 2163 an
1234 2132 1337 2163 vero
1362 2115 1582 2180 parochus
1598 2153 1608 2171 ,
1637 2115 1783 2162 omni-

308 2192 391 2241 bus
409 2194 642 2259 perpensis
665 2193 889 2241 decretum
913 2193 1091 2240 tandem
1109 2202 1200 2249 est,
1223 2203 1272 2239 ut
1295 2191 1533 2258 parochus,
1562 2209 1643 2239 seu
1664 2190 1780 2237 alius

308 2269 515 2317 sacerdos
549 2287 602 2316 ex
636 2269 816 2335 parochi
850 2269 1126 2333 delegatione
1154 2269 1494 2317 constitueretur
1515 2269 1632 2330 (46).
1656 2265 1781 2313 Com-

307 2347 432 2393 muni
455 2346 767 2410 suffragiorum
791 2364 1013 2395 consensu
1034 2363 1196 2394 novum
1220 2345 1385 2393 decreti
1408 2343 1656 2408 exemplum
1679 2359 1781 2389 con-

308 2422 468 2469 fectum
497 2432 590 2479 est,
619 2440 708 2487 quo
730 2422 787 2469 ad
809 2422 1054 2469 efficaciam
1078 2421 1348 2469 matrimonii
1373 2418 1625 2468 necessario
1649 2417 1779 2466 ades—

310 2509 408 2546 sent
439 2499 527 2547 duo
561 2499 717 2561 saltem
753 2510 887 2547 testes
919 2508 962 2546 et
994 2498 1237 2564 parochus,
1275 2507 1349 2544 aut
1381 2496 1496 2544 alius
1531 2495 1771 2551 sacerdos,

404 2668 469 2708 (43)
490 2671 585 2701 Num.
614 2674 661 2702 12.

405 2721 471 2760 (44)
490 2723 586 2754 Num.
613 2728 662 2756 16.

405 2774 470 2814 (45)
492 2775 572 2815 Cap.
589 2777 643 2808 lx.
659 2784 691 2808 n.
715 2782 761 2808 16.

405 2825 471 2866 (46)
492 2825 575 2859 lbid.
