1918 3186
339 193 427 238 110
581 208 661 239 un.
691 207 721 238 1.
751 205 864 237 sacr.
895 205 924 236 1.
953 205 1005 236 nn
1029 206 1201 238 imum.
1225 205 1506 238 sAanuimro.

334 268 390 332 ab
418 285 513 341 illa,
551 301 685 349 quam
720 283 817 347 ipse
843 284 1139 331 contenderit.
1163 284 1337 331 Etenim
1362 283 1510 331 Canus
1533 283 1627 331 vult
1649 295 1798 347 patres

334 378 434 408 esse
458 360 627 408 locutos
651 359 708 406 de
730 358 1034 407 benedictione
1059 360 1320 408 sacerdotali
1345 370 1569 424 tamquam
1591 359 1647 406 de
1664 359 1802 406 forma

333 435 594 483 sacramenti
626 435 922 492 matrimonii,
950 446 1000 483 ut
1021 436 1182 483 exinde
1216 435 1377 482 inferat
1411 452 1498 482 non
1531 435 1668 482 alium
1701 453 1802 482 esse

333 511 658 574 agnoscendum
691 511 941 558 ministrum
976 522 1148 576 praeter
1181 511 1453 559 sacerdotem
1482 529 1535 559 ex
1568 529 1703 558 sensu
1732 513 1802 558 >ec-

333 587 580 635 lesiasticae
612 587 904 652 antiquitatis.
937 589 1069 635 Porro
1099 599 1246 652 patres
1269 589 1326 635 de
1358 605 1410 635 ea
1443 587 1670 635 disserunt
1690 597 1801 634 tam-

333 663 546 727 quamde
567 664 816 711 conditione
850 664 1088 729 requisita,
1115 674 1164 710 ut
1185 664 1391 727 coniugia
1415 663 1611 728 publice,
1641 681 1720 710 seu
1755 663 1800 709 in

332 738 445 786 facie
466 739 677 787 ecclesiae
699 740 1023 787 celebrarentur
1036 777 1046 797 ,
1074 750 1117 786 et
1139 757 1228 804 quo
1250 750 1556 788 amoverentur
1578 738 1801 787 connubia

332 814 608 864 clandestina
623 855 633 874 ‚
661 834 777 881 quae
798 817 987 864 ecclesia
1011 815 1133 863 nullo
1151 834 1239 864 non
1256 827 1452 881 tempore
1475 817 1692 863 detestata
1713 826 1796 862 est.

334 892 389 939 Ut
419 909 523 940 vero
556 892 780 940 efficacius
816 892 971 941 fideles
1001 892 1227 939 allicerent
1250 892 1306 939 ad
1330 909 1427 939 eam
1449 891 1802 939 benedictionem

333 968 675 1033 assequendam,
690 969 787 1016 eius
802 967 1019 1016 beneficia
1036 969 1223 1016 summis
1236 967 1449 1015 extollunt
1464 967 1688 1024 laudibus,
1703 984 1803 1014 cum

332 1061 413 1108 per
428 1062 526 1092 eam
543 1044 737 1108 legitime
752 1044 1114 1092 contraherentur
1125 1045 1323 1108 nuptiae,
1341 1061 1393 1091 ac
1404 1043 1660 1091 caelestium
1672 1043 1805 1091 bono-

334 1122 432 1167 rum
453 1121 627 1185 copiam
653 1121 739 1186 ipsi
759 1121 1019 1168 obtinerent.
1044 1122 1180 1168 Nemo
1201 1138 1410 1185 umquam
1423 1138 1476 1167 ex
1491 1120 1546 1166 iis
1565 1119 1806 1185 aliquando

332 1196 402 1243 vel
428 1196 679 1253 affirmavit,
706 1197 776 1244 vel
801 1196 945 1244 innuit
967 1196 1148 1261 quidem
1172 1196 1343 1243 nullum
1367 1206 1692 1244 sacramentum
1727 1195 1808 1243 ha-

331 1271 443 1330 beri,
465 1272 503 1319 si
520 1272 767 1321 benedictio
791 1273 1078 1321 sacerdotalis
1097 1272 1307 1329 abfuerit;
1330 1273 1418 1320 imo
1441 1273 1709 1320 contrarium
1727 1272 1807 1319 do-

332 1364 463 1395 cuere
485 1348 659 1413 quoties
683 1349 963 1397 declararunt
984 1349 1335 1396 benedictionem
1358 1348 1550 1412 bigamis
1574 1347 1804 1411 denegari5

331 1424 439 1489 quin
458 1435 604 1472 tamen
621 1425 690 1473 vel
702 1425 856 1474 leviter
873 1425 1086 1490 suspicati
1101 1426 1261 1472 fuerint
1279 1425 1500 1472 secundas
1518 1435 1561 1471 et
1576 1424 1808 1471 ulteriores

333 1500 516 1564 nuptias
550 1518 637 1548 non
671 1518 772 1549 esse
803 1518 906 1550 vere
938 1512 981 1548 et
1013 1501 1190 1566 proprie
1225 1511 1516 1548 sacramenta.
1542 1499 1636 1548 Hoc
1659 1501 1808 1564 ipsum

331 1576 552 1641 colligitur
583 1578 652 1625 vel
687 1596 739 1626 ex
773 1596 846 1636 eo,
875 1578 994 1644 quod
1025 1588 1198 1625 constat
1229 1578 1431 1624 eamdem
1453 1576 1807 1625 benedictionem

332 1654 649 1702 sacerdotalem
666 1657 887 1719 nupturis,
917 1672 996 1703 seu
1021 1654 1305 1719 sponsalibus
1331 1654 1479 1700 datam
1503 1653 1663 1709 fuisse,
1692 1670 1808 1718 quae

331 1739 449 1777 certe
481 1747 569 1777 non
603 1730 862 1778 conficiebat
908 1741 1266 1782 sacramentum:
1313 1740 1506 1776 attamen
1554 1729 1713 1776 docent
1750 1729 1808 1776 ad

332 1807 473 1854 instar
503 1803 727 1871 sacrileqii
756 1808 853 1856 eius
887 1807 1171 1856 violationem
1197 1825 1223 1854 a
1246 1806 1452 1854 fidelibus
1478 1816 1721 1870 spectatam
1744 1806 1809 1853 su-

333 1881 439 1930 isse.
471 1883 705 1947 Propterea
743 1884 1027 1931 fundamento
1068 1881 1345 1948 antiquitatis
1379 1899 1563 1947 prorsus
1598 1881 1806 1929 destituta

333 1957 684 2022 deprehenditur
716 1959 825 2006 Cani
860 1959 1093 2007 sententia.
1308 1955 1311 1957 ’

430 2034 663 2100 Reliquum
688 2046 756 2083 est
777 2047 826 2084 ut
846 2047 991 2085 cetera
1013 2036 1316 2101 expendamus
1340 2033 1620 2090 documenta,
1641 2051 1756 2098 quae
1778 2051 1805 2081 a

332 2110 442 2158 Cani
475 2112 673 2177 patronis
702 2112 875 2160 adiecta
897 2123 1020 2170 sunt,
1048 2125 1285 2177 postquam
1321 2110 1514 2158 severior
1545 2109 1697 2157 critica
1730 2109 1804 2157 ob-

332 2186 479 2234 tinuit.
501 2189 611 2235 Nam
645 2189 765 2253 quod
799 2189 955 2236 attinet
986 2189 1043 2236 ad
1077 2189 1186 2236 iuris
1221 2186 1422 2235 canonici
1458 2185 1650 2250 peritos,
1690 2203 1803 2250 quos

334 2263 497 2311 rectius
531 2264 810 2313 scholasticis
845 2265 1058 2313 iudicium
1087 2264 1243 2312 tulisse
1266 2259 1489 2311 existimat
1511 2261 1685 2318 Canus,
1714 2279 1801 2310 non

332 2340 535 2404 estquod
555 2340 611 2387 de
627 2340 739 2405 ipsis
757 2341 887 2388 valde
905 2340 1082 2389 solliciti
1102 2340 1242 2388 simus
1257 2336 1269 2387 τ’
1290 2338 1511 2404 siquidem
1529 2337 1632 2384 dato
1647 2338 1796 2394 etiam,

331 2415 451 2479 quod
472 2413 583 2481 ⁴ipse
607 2417 850 2474 contendit,
871 2417 1111 2482 negarique
1134 2415 1263 2463 facile
1285 2425 1437 2480 posset
1463 2415 1578 2476 (15),
1599 2412 1802 2477 explora—

426 2598 492 2639 (15)
512 2600 594 2632 Nam
608 2599 660 2632 vel
674 2599 743 2641 ipsa
752 2599 835 2632 ratio
843 2623 854 2640 ‚
867 2607 950 2640 quae
962 2597 1003 2630 ab
1018 2596 1160 2639 antiquis
1173 2596 1253 2629 iuris
1265 2595 1411 2628 canonici
1425 2595 1535 2636 peritis
1548 2595 1581 2627 in
1592 2594 1736 2627 medium
1745 2587 1802 2627 adss'

330 2650 507 2684 ducebatur
521 2661 622 2693 quare
637 2653 671 2685 in
688 2652 895 2685 matrimonio
914 2661 979 2685 non
1000 2651 1183 2684 conferatur
1207 2649 1328 2691 gratia,
1343 2648 1432 2690 quod
1447 2657 1562 2689 nempe
1577 2647 1723 2688 alioquin
1737 2656 1801 2679 non

330 2704 566 2745 paciscerentur
581 2706 690 2747 sponsi
703 2706 744 2739 de
760 2706 855 2746 dote,
870 2706 949 2738 satis
961 2704 1103 2738 ostendit
1116 2703 1195 2745 quid
1209 2703 1249 2735 de
1264 2711 1375 2734 eorum
1389 2701 1505 2742 peritia
1521 2701 1553 2733 in
1568 2700 1663 2733 rebus
1679 2700 1800 2732 theolo-

330 2756 410 2797 gicis
422 2756 624 2790 sentiendum
639 2759 693 2791 sit,
708 2761 816 2791 Canus
830 2758 1040 2791 nihilominus
1055 2757 1193 2799 praefert
1211 2757 1355 2788 istorum.
1369 2754 1594 2786 auctoritatem
1617 2752 1799 2785 auctoritati

328 2808 612 2843 scholasticorum!
625 2811 699 2844 Dixi
708 2810 820 2855 :quod
832 2813 947 2845 Canus
958 2809 1135 2844 contendit
1146 2808 1252 2850 negari
1264 2807 1358 2841 facile
1367 2808 1486 2849 posset.
1496 2805 1797 2840 sanessened.X1V.
