1912 3180
373 220 462 252 cir.
486 220 516 251 1.
539 220 590 250 na
615 218 788 251 mmm.
818 218 966 254 civms
988 217 1165 250 mrum.
1192 217 1287 248 uir.
1314 217 1357 247 v.
1504 200 1595 246 255

128 311 260 365 atque
288 299 452 346 idcirco
483 297 528 343 in
563 297 736 343 ruinam
765 295 1014 352 societatis,
1049 311 1164 359 quae
1196 311 1272 342 eos
1307 294 1352 340 in
1388 293 1490 340 sinu
1522 290 1602 340 alit

128 394 179 424 ac
208 377 326 423 fovet
349 375 395 420 in
420 372 642 437 propriam
676 370 914 435 perniciem
938 407 948 426 ,
987 371 1115 418 cuius
1148 371 1320 418 viscera
1352 379 1601 435 opportuno

128 463 344 515 tempore,
380 465 432 495 ac
466 446 613 495 oblata
646 445 878 493 occasione
911 443 1217 492 dilacerabant
1245 446 1361 507 (54).

222 527 267 572 Si
302 524 450 588 capita
484 522 594 569 haec
628 519 806 584 singula
839 520 1078 584 separatim
1124 521 1179 567 ad
1222 538 1404 568 examen
1447 530 1603 568 voc-ata

128 602 335 649 evincunt
367 597 637 647 connubium
677 595 806 644 civile
846 606 1002 642 natura
1036 613 1119 642 sua
1154 596 1332 644 tendere
1366 596 1425 643 ad
1458 595 1604 644 disso-

128 678 338 726 lutionem
378 693 429 724 ac
471 674 693 722 interitum
738 672 961 721 societatis
1006 682 1051 720 et
1095 672 1290 720 familiae
1318 711 1328 729 ,
1377 672 1605 721 collective

128 765 305 818 sumpta
329 753 391 800 ita
414 769 505 798 rem
530 749 788 805 conficiunt,
814 759 864 796 ut
886 748 1109 813 scepticus
1144 748 1204 795 sit
1236 759 1426 812 oportet,
1454 749 1531 813 qui
1557 749 1603 796 id

128 829 175 875 in
208 827 391 875 dubium
427 826 574 873 adhuc
606 841 812 872 revocare
843 823 965 871 velit.

231 903 457 968 Complexi
491 912 637 950 autem
671 918 826 949 sumus
854 918 932 966 per
956 899 1134 948 modum
1169 899 1302 947 unius
1336 900 1382 945 in
1418 900 1502 948 hac
1535 901 1605 947 di-

129 980 406 1045 sceptatione
444 978 697 1026 societatem
721 988 764 1024 et
790 976 1026 1033 familiam,
1060 975 1167 1040 quia
1199 993 1315 1041 quae
1339 976 1395 1023 de
1417 993 1506 1023 una
1535 975 1606 1022 di-

129 1067 308 1112 cuntur,
352 1055 408 1102 de
441 1054 578 1102 altera
611 1071 787 1118 quoque
819 1053 916 1118 pari
950 1052 1120 1100 ratione
1150 1052 1241 1100 dici
1275 1052 1453 1100 debent.
1493 1054 1604 1100 Nam

131 1132 302 1180 familia
327 1132 500 1195 privata
525 1131 656 1177 refert
679 1130 724 1176 in
749 1147 798 1177 se
822 1130 921 1194 ipsa
948 1129 1310 1186 similitudinem,
1337 1129 1523 1183 sormam
1551 1147 1603 1177 ac

130 1208 264 1256 veluti
301 1219 456 1273 typum
491 1206 717 1254 societatis
754 1206 987 1270 publicae;
1027 1206 1216 1253 societas
1249 1223 1353 1253 vero
1393 1205 1599 1270 publica,

134 1295 308 1349 praeter
340 1301 474 1349 quam
509 1283 629 1348 quod
665 1301 718 1330 ex
751 1282 932 1330 familiis
968 1282 1154 1346 privatis
1187 1282 1361 1345 exurgit
1390 1292 1433 1329 et
1457 1281 1602 1330 coale-

132 1362 240 1418 scit,
272 1361 512 1426 quaedam,
548 1369 597 1406 ut
623 1360 685 1407 ita
713 1359 894 1424 loquar,
922 1376 1084 1422 magna
1109 1358 1280 1405 familia
1313 1368 1383 1406 est
1416 1357 1500 1405 sub
1528 1375 1603 1423 pa-

132 1448 255 1485 terno
291 1436 541 1502 principum
576 1435 813 1499 regimine;
848 1435 1049 1500 adeoque
1081 1434 1200 1500 quod
1234 1434 1440 1483 convenit
1473 1435 1604 1482 fami--

132 1513 246 1569 liae,
285 1513 389 1560 data
422 1512 728 1577 proportione,
771 1511 978 1559 convenit
1011 1511 1237 1567 societati,
1275 1521 1318 1559 et
1341 1528 1366 1558 e
1388 1528 1603 1559 converso

132 1589 253 1654 quod
287 1588 494 1636 conducit
526 1587 582 1635 ad
618 1587 845 1635 societatis
878 1587 1042 1635 bonum
1060 1626 1070 1645 ,
1102 1587 1309 1636 conducit
1340 1587 1398 1635 ad
1434 1587 1597 1635 bonum

133 1665 349 1722 familiae,
381 1665 590 1730 quodque
624 1664 743 1712 cedit
776 1665 822 1711 in
856 1664 1049 1712 dedecus
1075 1682 1128 1713 ac
1155 1665 1329 1712 ruinam
1362 1664 1521 1721 unius,
1554 1664 1600 1711 in

132 1742 325 1790 dedecus
361 1758 413 1790 ac
446 1741 686 1807 perniciem
721 1741 846 1789 cedet
878 1740 1075 1789 alterius.

231 1911 297 1951 (54)
317 1911 484 1943 Praeclare
509 1912 549 1943 D.
575 1912 691 1943 sauzet
718 1910 751 1942 in
780 1919 892 1952 opusc.
914 1910 1110 1951 Rcflexiom
1134 1919 1198 1943 sur
1223 1910 1255 1943 le
1276 1912 1432 1950 mariaqe
1454 1910 1540 1942 civil
1571 1912 1606 1942 ec

135 1962 168 1995 le
191 1965 346 2004 manaqe
368 1963 862 2004 chretoen.1,yon1853.pag.2o
875 1964 1093 2004 seq.«Malgre
1114 1963 1361 1996 l’amelioration
1385 1962 1444 1995 des
1464 1971 1604 2002 moeurs,

134 2015 259 2056 inquit,
276 2025 318 2047 on
335 2024 375 2047 ne
389 2017 504 2048 trouve
526 2025 641 2048 encore
655 2025 718 2057 que
732 2018 806 2057 trop
826 2016 867 2048 de
887 2016 1057 2049 situations
1074 2016 1291 2058 equivoques‚
1309 2016 1350 2048 de
1367 2015 1504 2048 samilles
1518 2016 1605 2047 trou-

133 2067 221 2099 blees
235 2092 245 2107 ,
273 2067 441 2108 ‹l’epouses
456 2068 761 2101 douloureusement
774 2068 974 2101 combattues
983 2070 1073 2102 entre
1088 2069 1134 2102 les
1146 2069 1314 2110 exigences
1328 2068 1506 2101 contraires
1521 2067 1606 2100 dela

131 2121 175 2153 loi
184 2145 194 2161 ,
222 2120 263 2152 de
290 2120 446 2162 l'opinion
465 2123 498 2153 et
510 2120 553 2154 de
565 2122 597 2154 la
609 2122 808 2154 conscience.
824 2123 938 2160 Quelle
952 2122 1042 2156 ceole
1054 2132 1137 2164 pour
1152 2123 1199 2156 les
1212 2122 1340 2155 enfants
1352 2131 1416 2163 que
1433 2130 1486 2154 ces
1498 2121 1606 2154 tristes

135 2172 346 2204 traillements
361 2172 402 2204 de
416 2172 505 2213 foyer
522 2172 725 2214 domaetique
749 2174 790 2205 οὺ
812 2174 894 2206 Dieu
911 2174 1077 2207 lui-meme
1095 2176 1145 2207 est
1165 2175 1228 2207 mis
1245 2183 1285 2207 en
1306 2173 1458 2215 question
1473 2174 1546 2205 tons
1561 2173 1607 2204 les

130 2225 222 2264 jours
239 2233 297 2266 par
314 2224 343 2257 le
355 2225 467 2257 counit
483 2226 645 2266 perpetue!
663 2225 750 2258 dela
766 2226 900 2267 religion
914 2227 947 2259 et
958 2226 1014 2259 des
1025 2227 1106 2260 lois!
1123 2227 1222 2264 Quels
1243 2226 1405 2268 exemples
1424 2234 1506 2267 pour
1527 2225 1605 2258 l'au-

134 2277 231 2309 torite
255 2278 451 2318 paternella,
473 2280 507 2310 et
524 2278 599 2319 qual
621 2278 732 2311 avenir
752 2287 834 2319 pour
857 2279 888 2311 la
912 2280 986 2320 paix
1009 2279 1067 2312 des
1087 2280 1225 2313 samilles
1239 2282 1272 2312 et
1288 2279 1374 2312 dela
1389 2278 1525 2311 saintete
1546 2278 1606 2311 des

131 2338 252 2362 moeurs
288 2330 459 2371 publiques
473 2331 553 2363 l...
570 2333 729 2363 personne
755 2340 796 2363 ne
818 2331 922 2364 desire
943 2342 1007 2373 que
1034 2333 1082 2365 les
1106 2333 1312 2375 populations
1337 2332 1498 2365 desertmt
1522 2332 1608 2364 leurs

133 2389 304 2422 croyences
318 2382 583 2414 ets'habituitent
605 2383 624 2415 a
646 2383 824 2424 multiplier
846 2391 904 2425 par
924 2383 981 2416 des
1003 2385 1135 2426 simples
1153 2385 1271 2417 formes
1293 2383 1406 2416 civiles
1421 2384 1467 2415 les
1480 2391 1608 2424 engage-

130 2435 235 2466 ments
247 2434 402 2474 religieux
417 2433 459 2466 de
474 2434 560 2466 leurs
578 2434 690 2475 peren
711 2435 790 2468 c’est
812 2435 932 2475 qu'une
952 2435 1090 2477 socient,
1108 2437 1165 2477 qui
1180 2445 1223 2469 ne
1237 2436 1466 2469 inmunem-ait
1484 2435 1609 2469 d’autro

133 2486 321 2518 conscience
333 2495 396 2528 que
409 2487 438 2519 le
451 2487 532 2519 srein
550 2487 645 2529 legal,
658 2487 783 2520 d’autre
792 2487 874 2520 Dieu
888 2497 952 2530 que
963 2489 991 2521 le
1004 2489 1183 2530 magistrat,
1194 2489 1319 2522 d'autre
1334 2489 1466 2530 religion
1482 2497 1546 2529 que
1560 2489 1607 2521 les

133 2537 246 2578 codes,
261 2538 445 2579 effrayerait
456 2539 528 2571 bien
541 2540 605 2571 vlte
615 2539 661 2572 les
670 2539 885 2573 admirateurs
900 2540 945 2573 les
958 2541 1030 2582 plus
1040 2540 1192 2573 exclusiss
1203 2539 1244 2573 de
1257 2540 1288 2573 la
1299 2540 1466 2583 puissance
1479 2541 1607 2573 civilem

230 2590 290 2623 liic
304 2599 401 2632 porro
415 2591 467 2623 vir
481 2599 556 2624 eum
579 2591 677 2625 fuerit
696 2591 828 2633 publico
841 2592 1022 2626 ministerio
1039 2592 1168 2626 functus
1177 2616 1186 2632 ,
1199 2593 1322 2634 optime
1334 2593 1427 2627 novit
1440 2593 1474 2626 id
1487 2591 1527 2626 de
1540 2601 1607 2635 quo

135 2640 274 2675 disserit.
