1912 3180
256 181 348 229 428
510 199 590 230 m.
621 195 650 228 1.
680 195 793 228 sacr.
822 195 995 228 mani.
1025 196 1077 228 ni:
1112 197 1287 230 mrum.
1317 197 1459 231 civim.

251 275 335 323 lint
360 273 703 322 catholicitatem
728 291 929 331 servare,
956 273 1122 322 debent
1143 274 1567 324 ecclesiaesubesse
1597 276 1731 343 eique

252 351 298 398 in
322 349 630 415 spiritualibus
649 367 805 415 parere
823 350 939 398 sicut
956 351 1117 416 privati
1143 368 1315 399 omnes.
1334 351 1542 400 Christus
1561 354 1732 420 quippe

252 426 424 491 absque
444 426 705 491 exceptione
727 426 820 474 ulla
843 426 956 474 dixit
971 426 1199 492 Apostolis
1224 445 1278 475 ac
1302 429 1488 493 proinde
1511 429 1728 494 legitimis

252 520 404 551 eorum
438 503 775 551 successoribus
804 524 813 551 :
857 523 879 549 r<
906 504 1075 552 Euntes
1111 505 1266 553 docete
1300 522 1455 554 omnes
1490 517 1726 570 gentes...

251 580 460 628 docentes
484 597 561 628 eos
585 597 763 629 servare
786 581 937 628 omnia
960 598 1270 646 quaecumque
1303 582 1511 630 mandavi
1544 584 1728 632 vobis.»

250 648 501 722 iisdemque
522 656 711 705 contulit
732 660 996 722 Potestatem
1020 657 1343 720 legislativam,
1370 660 1442 706 cui
1467 676 1622 708 omnes
1647 661 1728 708 filii

252 733 434 781 obedire
462 743 680 781 tenentur.
721 735 810 781 Nec
837 733 956 781 valet
989 735 1226 782 coarctatio
1261 735 1338 783 illa
1355 774 1365 792 ,
1406 753 1498 801 qua
1531 736 1729 794 dicitur,

251 820 486 876 utramque
511 820 774 876 potestatem
805 809 1178 874 independentem
1202 828 1304 859 esse
1327 812 1443 859 intra
1466 812 1580 860 fines
1605 830 1730 862 suos.

254 886 473 942 Quisnam
504 886 592 933 'erit
625 886 758 933 iudex
792 885 951 932 horum
979 886 1169 950 finium?
1190 886 1364 944 Dubia,
1393 887 1560 951 iurgia,
1594 906 1735 954 quae-

253 963 422 1011 stiones
454 963 587 1010 vitari
602 962 741 1009 *facile
768 972 974 1026 poterunt
992 1000 1002 1019 ,
1025 962 1065 1009 si
1083 962 1362 1027 respublicae
1379 981 1431 1011 ac
1449 982 1586 1028 regna
1605 982 1736 1029 agere

251 1038 370 1088 bona
387 1039 476 1086 fide
499 1039 665 1094 velint3
694 1055 783 1086 non
812 1048 959 1086 autem
980 1039 1259 1103 siusurpare
1281 1041 1592 1089 attentaverint
1614 1042 1735 1106 quod

246 1116 449 1164 *alienum
484 1126 567 1164 est.
640 1118 645 1123 '
1233 1119 1235 1121 ’

351 1194 463 1240 Pace
499 1210 604 1241 vero
644 1194 831 1241 oratoris
866 1194 1038 1250 nostri,
1079 1196 1409 1243 matrimonium
1451 1195 1571 1260 quod
1612 1212 1736 1243 mere

255 1268 385 1317 civile
413 1269 601 1326 dicitur,
640 1270 821 1335 proprie
848 1270 911 1316 nil
948 1271 1072 1318 aliud
1106 1282 1202 1328 est,
1241 1289 1376 1336 quam
1413 1274 1553 1335 turpis
1587 1289 1736 1319 concu-

257 1347 427 1393 binatus
446 1383 458 1401 ,
505 1346 768 1411 reprobatus
800 1364 828 1393 a
854 1347 946 1394 Deo
980 1358 1025 1394 et
1055 1347 1112 1394 ab
1144 1347 1365 1405 ecclesia;
1404 1348 1737 1396 concubinatum

255 1422 515 1485 singillatim
557 1426 750 1488 eumque
783 1433 955 1488 turpem
988 1424 1163 1472 vocavit
1196 1425 1300 1472 Pius
1336 1426 1409 1471 lX.
1450 1436 1498 1472 ut
1532 1443 1620 1473 suo*
1643 1425 1740 1474 loco

253 1498 464 1546 vidimus.
485 1499 640 1563 ltaque
681 1516 770 1547 non
795 1499 885 1546 alio
908 1499 1087 1546 nomine
1111 1500 1318 1562 insigniri
1344 1501 1598 1563 coniugium
1631 1501 1741 1548 illud

254 1585 400 1639 potest
423 1585 467 1622 et
490 1575 645 1632 debet;
685 1593 768 1623 nec
801 1576 890 1622 nisi
918 1593 997 1640 per
1024 1575 1146 1623 vocis
1178 1575 1368 1623 abusum
1406 1587 1552 1641 potest
1584 1579 1739 1624 matri—

254 1653 446 1699 monium
478 1652 586 1705 dici,
622 1670 723 1699 cum
748 1652 836 1699 tale
860 1669 950 1699 non
975 1652 1048 1699 sit.
1268 1655 1270 1657 ’
1658 1652 1662 1656 ’

352 1729 481 1775 Errat
519 1729 652 1776 etiam
686 1738 834 1776 orator
867 1729 972 1775 dum
1007 1739 1133 1793 putat
1165 1729 1262 1775 dari
1298 1729 1342 1775 in
1379 1730 1568 1777 ecclesia
1605 1748 1739 1795 posse

257 1805 589 1852 matrimonium
628 1822 781 1852 verum
817 1822 869 1851 ac
905 1804 1153 1867 legitimum
1189 1805 1268 1852 sed
1305 1822 1393 1853 non
1428 1816 1587 1853 ratum.
1629 1808 1740 1854 Nam

259 1881 344 1929 hoc
375 1881 475 1945 ipso
510 1881 630 1945 quod
666 1881 865 1928 fidelium
906 1880 1178 1928 connubium
1213 1899 1368 1929 verum
1405 1894 1475 1931 est
1507 1900 1560 1930 ac
1595 1883 1741 1946 legiti-

257 1962 380 2004 mum
403 1996 413 2013 ,
453 1967 521 2004 est
554 1958 687 2004 etiam
722 1968 895 2013 ratum;
933 1958 971 2005 si
1007 1968 1151 2005 ratum
1176 1975 1264 2005 non
1290 1958 1448 2016 fuerit,
1489 1959 1634 2024 neque
1664 1977 1741 2007 ve-

258 2052 356 2081 rum
380 2035 465 2081 erit
487 2051 632 2099 neque
654 2033 917 2097 legitimum.
941 2034 1269 2081 Matrimonium
1300 2046 1443 2082 ratum
1469 2046 1615 2100 potest
1637 2052 1740 2083 esse

257 2110 428 2158 licitum
474 2120 549 2157 aut
595 2109 796 2157 illicitum
820 2148 830 2166 ‚
868 2127 920 2157 ac
955 2110 1146 2157 fortasse
1179 2109 1263 2156 hoc
1305 2110 1561 2173 significare
1598 2111 1741 2159 voluit

258 2197 405 2236 orator
438 2196 602 2235 noster.
634 2187 714 2234 Ast
747 2186 870 2234 aliud
905 2196 974 2235 est
1008 2186 1243 2251 quidpiam
1267 2203 1369 2234 esse
1392 2186 1561 2235 licitum
1586 2199 1663 2235 aut
1686 2188 1742 2234 il-

259 2357 324 2380 non
339 2350 449 2381 autem
472 2349 610 2382 ecclesia
635 2349 808 2390 receperit,
824 2358 881 2381 seu
902 2348 1071 2381 admiserit
1090 2349 1336 2390 rempublicam.
1353 2350 1434 2382 Nam
1448 2348 1609 2381 eiusmodi
1624 2348 1743 2388 princi·

259 2401 347 2442 pium
358 2391 407 2434 ossst
419 2403 531 2435 contra
546 2401 729 2434 historiam.
741 2401 853 2434 Velini
866 2402 972 2434 nolint
979 2401 1142 2434 eiusmodi
1151 2402 1312 2443 homines,
1329 2402 1464 2434 ecclesia
1476 2401 1582 2443 reipsa
1591 2400 1626 2433 in
1635 2400 1743 2433 sinum

255 2462 350 2486 suum
366 2454 487 2496 recepit
499 2462 652 2495 regnum,
673 2455 730 2487 aut
746 2454 983 2496 rempublicam
994 2479 1004 2495 ‚
1026 2456 1058 2487 et
1077 2463 1133 2496 per
1154 2455 1352 2496 baptismum
1369 2454 1536 2496 cooptavit
1550 2453 1620 2487 sive
1636 2453 1743 2495 priva·

256 2509 309 2539 tos
321 2500 392 2540 sire
405 2507 579 2549 principes.
596 2510 671 2549 Ipsa
686 2507 799 2540 contra
813 2508 998 2549 principum
1018 2507 1220 2540 voluntatem
1243 2516 1340 2549 regna
1359 2507 1540 2549 penetravit
1567 2515 1625 2547 per
1650 2515 1745 2538 evan-

258 2559 393 2599 gelicam
410 2559 695 2600 praedicationem.
713 2561 822 2597 Quum
843 2560 1005 2601 principes
1034 2559 1168 2592 admissi
1196 2560 1231 2592 in
1252 2561 1388 2593 ecclesia
1409 2560 1501 2600 sunl,
1516 2559 1744 2600 utplurimum

255 2612 321 2643 iam
334 2620 450 2653 magna
461 2612 667 2645 subditorum
683 2621 759 2654 pars
773 2612 815 2644 ad
830 2620 940 2644 veram
958 2612 1147 2653 religionem
1163 2613 1346 2645 transierat.
1363 2613 1445 2644 Sane
1460 2620 1563 2652 quum
1579 2611 1743 2652 praedica-

255 2664 301 2696 tio
316 2665 501 2705 evangelica
516 2665 721 2699 disseminari
734 2665 859 2706 coepit,
875 2665 1042 2706 quomodo
1057 2665 1219 2707 principes
1232 2665 1427 2707 exceperunt
1443 2664 1603 2706 evangelii
1619 2673 1743 2706 praeco-

258 2718 340 2748 nes?
367 2717 483 2758 virgis,
503 2718 693 2758 securibus,
716 2717 880 2758 equuleis,
896 2717 1051 2759 omnique
1066 2718 1303 2751 tormentorum
1317 2717 1473 2759 apparatu
1490 2725 1528 2749 ac
1540 2718 1646 2750 morte
1660 2717 1742 2758 ipsa.

259 2767 389 2800 Devicti
403 2768 547 2810 tandem,
561 2770 594 2802 et
610 2769 671 2810 ipsi
684 2769 868 2802 debuerunt
880 2769 1040 2803 cervicem
1054 2769 1200 2810 nectere,
1214 2771 1247 2803 et
1265 2778 1321 2803 eos
1337 2769 1457 2811 recepit
1477 2769 1612 2803 ecclesia
1641 2768 1743 2802 admi·

257 2820 364 2861 suque
380 2820 421 2853 ad
438 2830 567 2854 sacrum
584 2822 749 2855 lavacrum
766 2823 798 2855 et
811 2822 976 2864 cooptavit
991 2822 1023 2855 in
1039 2823 1124 2856 filios
1140 2832 1226 2856 suos-
