<?xml version="1.0" encoding="UTF-8"?>
<!DOCTYPE html PUBLIC "-//W3C//DTD XHTML 1.0 Transitional//EN"
    "http://www.w3.org/TR/xhtml1/DTD/xhtml1-transitional.dtd">
<html xmlns="http://www.w3.org/1999/xhtml" xml:lang="en" lang="en">
 <head>
  <title>
</title>
<meta http-equiv="Content-Type" content="text/html;charset=utf-8" />
  <meta name='ocr-system' content='tesseract 3.04.00' />
  <meta name='ocr-capabilities' content='ocr_page ocr_carea ocr_par ocr_line ocrx_word'/>
</head>
<body>
  <div class='ocr_page' id='page_1' title='image "a603380701perruoft_0112.png"; bbox 0 0 1918 3186; ppageno 0'>
   <div class='ocr_carea' id='block_1_1' title="bbox 350 195 1544 242">
    <p class='ocr_par' dir='ltr' id='par_1_1' title="bbox 350 195 1544 242">
     <span class='ocr_line' id='line_1_1' title="bbox 350 195 1544 242; baseline 0 -2"><span class='ocrx_word' id='word_1_1' title='bbox 350 195 408 240; x_wconf 77' lang='lat'>90</span> <span class='ocrx_word' id='word_1_2' title='bbox 614 209 694 241; x_wconf 77' lang='lat' dir='ltr'>m.</span> <span class='ocrx_word' id='word_1_3' title='bbox 722 209 753 239; x_wconf 86' lang='grc'><strong>1.</strong></span> <span class='ocrx_word' id='word_1_4' title='bbox 783 206 896 239; x_wconf 72' lang='lat' dir='ltr'>sacr.</span> <span class='ocrx_word' id='word_1_5' title='bbox 926 206 956 237; x_wconf 90' lang='lat'>1.</span> <span class='ocrx_word' id='word_1_6' title='bbox 986 206 1038 238; x_wconf 70' lang='lat' dir='ltr'>ns</span> <span class='ocrx_word' id='word_1_7' title='bbox 1063 206 1234 240; x_wconf 68' lang='grc'><strong>1111111111.</strong></span> <span class='ocrx_word' id='word_1_8' title='bbox 1262 207 1544 242; x_wconf 60' lang='lat' dir='ltr'>memsam.</span> 
     </span>
    </p>
   </div>
   <div class='ocr_carea' id='block_1_2' title="bbox 328 283 1869 2849">
    <p class='ocr_par' dir='ltr' id='par_1_2' title="bbox 342 283 1814 501">
     <span class='ocr_line' id='line_1_2' title="bbox 346 283 1807 350; baseline 0.002 -16"><span class='ocrx_word' id='word_1_9' title='bbox 346 297 419 334; x_wconf 86' lang='lat' dir='ltr'>tur</span> <span class='ocrx_word' id='word_1_10' title='bbox 449 295 517 333; x_wconf 86' lang='lat' dir='ltr'>est</span> <span class='ocrx_word' id='word_1_11' title='bbox 549 285 611 332; x_wconf 88' lang='lat' dir='ltr'>ibi</span> <span class='ocrx_word' id='word_1_12' title='bbox 645 283 907 332; x_wconf 85' lang='lat' dir='ltr'><strong>sacramenti</strong></span> <span class='ocrx_word' id='word_1_13' title='bbox 933 300 989 331; x_wconf 90' lang='lat' dir='ltr'>ne</span> <span class='ocrx_word' id='word_1_14' title='bbox 1017 283 1154 333; x_wconf 83' lang='lat' dir='ltr'>facies</span> <span class='ocrx_word' id='word_1_15' title='bbox 1186 284 1383 350; x_wconf 87' lang='lat' dir='ltr'>quidem.</span> <span class='ocrx_word' id='word_1_16' title='bbox 1408 285 1487 334; x_wconf 85' lang='lat' dir='ltr'>Illa</span> <span class='ocrx_word' id='word_1_17' title='bbox 1509 287 1627 334; x_wconf 90' lang='lat' dir='ltr'>enim</span> <span class='ocrx_word' id='word_1_18' title='bbox 1651 287 1807 337; x_wconf 84' lang='lat' dir='ltr'>verba:</span> 
     </span>
     <span class='ocr_line' id='line_1_3' title="bbox 346 360 1814 429; baseline 0.003 -21"><span class='ocrx_word' id='word_1_19' title='bbox 346 362 439 425; x_wconf 76' lang='lat' dir='ltr'>qu</span> <span class='ocrx_word' id='word_1_20' title='bbox 462 371 498 407; x_wconf 85' lang='lat' dir='ltr'>te</span> <span class='ocrx_word' id='word_1_21' title='bbox 522 361 685 424; x_wconf 77' lang='lat' dir='ltr'>accipio</span> <span class='ocrx_word' id='word_1_22' title='bbox 719 360 767 405; x_wconf 75' lang='lat' dir='ltr'>in</span> <span class='ocrx_word' id='word_1_23' title='bbox 798 376 937 406; x_wconf 79' lang='lat' dir='ltr'>meam</span> <span class='ocrx_word' id='word_1_24' title='bbox 968 369 1045 406; x_wconf 82' lang='lat' dir='ltr'>etc.</span> <span class='ocrx_word' id='word_1_25' title='bbox 1067 361 1249 408; x_wconf 91' lang='lat' dir='ltr'>omnino</span> <span class='ocrx_word' id='word_1_26' title='bbox 1278 360 1495 409; x_wconf 87' lang='lat' dir='ltr'>naturalia</span> <span class='ocrx_word' id='word_1_27' title='bbox 1528 374 1652 420; x_wconf 88' lang='lat' dir='ltr'>sunt⁷</span> <span class='ocrx_word' id='word_1_28' title='bbox 1680 374 1814 429; x_wconf 80' lang='lat' dir='ltr'>atque</span> 
     </span>
     <span class='ocr_line' id='line_1_4' title="bbox 342 434 1806 501; baseline 0.001 -16"><span class='ocrx_word' id='word_1_29' title='bbox 342 436 548 485; x_wconf 87' lang='lat' dir='ltr'>omnibus</span> <span class='ocrx_word' id='word_1_30' title='bbox 571 444 783 499; x_wconf 80' lang='lat' dir='ltr'>usurpata</span> <span class='ocrx_word' id='word_1_31' title='bbox 805 434 1032 498; x_wconf 79' lang='lat' dir='ltr'>gentibus,</span> <span class='ocrx_word' id='word_1_32' title='bbox 1055 453 1170 501; x_wconf 90' lang='lat' dir='ltr'>quae</span> <span class='ocrx_word' id='word_1_33' title='bbox 1186 437 1317 484; x_wconf 90' lang='lat' dir='ltr'>etiam</span> <span class='ocrx_word' id='word_1_34' title='bbox 1337 438 1434 485; x_wconf 89' lang='lat' dir='ltr'>sine</span> <span class='ocrx_word' id='word_1_35' title='bbox 1452 438 1540 485; x_wconf 91' lang='lat' dir='ltr'>fide</span> <span class='ocrx_word' id='word_1_36' title='bbox 1558 440 1806 487; x_wconf 87' lang='lat' dir='ltr'>cotrahunt.</span> 
     </span>
    </p>

    <p class='ocr_par' dir='ltr' id='par_1_3' title="bbox 339 511 1812 957">
     <span class='ocr_line' id='line_1_5' title="bbox 438 511 1812 580; baseline 0.004 -23"><span class='ocrx_word' id='word_1_37' title='bbox 438 511 587 568; x_wconf 90' lang='lat' dir='ltr'>Adde,</span> <span class='ocrx_word' id='word_1_38' title='bbox 617 511 735 576; x_wconf 93' lang='lat' dir='ltr'>quod</span> <span class='ocrx_word' id='word_1_39' title='bbox 768 512 907 558; x_wconf 86' lang='lat' dir='ltr'>forma</span> <span class='ocrx_word' id='word_1_40' title='bbox 941 512 1203 559; x_wconf 85' lang='lat' dir='ltr'>sacramenti</span> <span class='ocrx_word' id='word_1_41' title='bbox 1239 513 1462 576; x_wconf 84' lang='lat' dir='ltr'>significat</span> <span class='ocrx_word' id='word_1_42' title='bbox 1484 531 1585 562; x_wconf 90' lang='lat' dir='ltr'>eum</span> <span class='ocrx_word' id='word_1_43' title='bbox 1609 515 1812 580; x_wconf 87' lang='lat' dir='ltr'>spiritua-</span> 
     </span>
     <span class='ocr_line' id='line_1_6' title="bbox 343 587 1811 645; baseline 0.002 -11"><span class='ocrx_word' id='word_1_44' title='bbox 343 587 429 634; x_wconf 87' lang='lat' dir='ltr'>lem</span> <span class='ocrx_word' id='word_1_45' title='bbox 456 587 682 645; x_wconf 87' lang='lat' dir='ltr'>effectum,</span> <span class='ocrx_word' id='word_1_46' title='bbox 710 588 839 635; x_wconf 89' lang='lat' dir='ltr'>cuius</span> <span class='ocrx_word' id='word_1_47' title='bbox 863 604 997 635; x_wconf 90' lang='lat' dir='ltr'>causa</span> <span class='ocrx_word' id='word_1_48' title='bbox 1030 599 1351 635; x_wconf 89' lang='lat' dir='ltr'>sacramentum</span> <span class='ocrx_word' id='word_1_49' title='bbox 1380 606 1480 637; x_wconf 89' lang='lat' dir='ltr'>esse</span> <span class='ocrx_word' id='word_1_50' title='bbox 1505 590 1685 637; x_wconf 88' lang='lat' dir='ltr'>dicitur.</span> <span class='ocrx_word' id='word_1_51' title='bbox 1701 591 1811 637; x_wconf 92' lang='lat' dir='ltr'>Nam</span> 
     </span>
     <span class='ocr_line' id='line_1_7' title="bbox 345 663 1811 731; baseline 0.001 -20"><span class='ocrx_word' id='word_1_52' title='bbox 345 673 641 721; x_wconf 86' lang='lat' dir='ltr'>sacramenta,</span> <span class='ocrx_word' id='word_1_53' title='bbox 681 674 730 710; x_wconf 91' lang='lat' dir='ltr'>ut</span> <span class='ocrx_word' id='word_1_54' title='bbox 762 664 808 710; x_wconf 92' lang='lat' dir='ltr'>in</span> <span class='ocrx_word' id='word_1_55' title='bbox 843 663 1022 711; x_wconf 89' lang='lat' dir='ltr'>scholae</span> <span class='ocrx_word' id='word_1_56' title='bbox 1064 664 1294 728; x_wconf 88' lang='lat' dir='ltr'>proverbio</span> <span class='ocrx_word' id='word_1_57' title='bbox 1333 676 1423 722; x_wconf 90' lang='lat' dir='ltr'>est,</span> <span class='ocrx_word' id='word_1_58' title='bbox 1462 666 1659 714; x_wconf 88' lang='lat' dir='ltr'>efficiunt</span> <span class='ocrx_word' id='word_1_59' title='bbox 1690 666 1811 731; x_wconf 90' lang='lat' dir='ltr'>quod</span> 
     </span>
     <span class='ocr_line' id='line_1_8' title="bbox 344 739 1810 803; baseline 0.002 -17"><span class='ocrx_word' id='word_1_60' title='bbox 344 739 550 803; x_wconf 80' lang='lat' dir='ltr'>figurant.</span> <span class='ocrx_word' id='word_1_61' title='bbox 573 739 845 803; x_wconf 83' lang='lat' dir='ltr'>Significatio</span> <span class='ocrx_word' id='word_1_62' title='bbox 867 749 1012 787; x_wconf 89' lang='lat' dir='ltr'>autem</span> <span class='ocrx_word' id='word_1_63' title='bbox 1031 741 1293 788; x_wconf 84' lang='lat' dir='ltr'>sacramenti</span> <span class='ocrx_word' id='word_1_64' title='bbox 1312 741 1358 788; x_wconf 89' lang='lat' dir='ltr'>in</span> <span class='ocrx_word' id='word_1_65' title='bbox 1376 742 1516 790; x_wconf 84' lang='lat' dir='ltr'>forma</span> <span class='ocrx_word' id='word_1_66' title='bbox 1532 742 1600 791; x_wconf 89' lang='lat' dir='ltr'>vel</span> <span class='ocrx_word' id='word_1_67' title='bbox 1619 742 1810 790; x_wconf 83' lang='lat' dir='ltr'>maxime</span> 
     </span>
     <span class='ocr_line' id='line_1_9' title="bbox 341 814 1809 880; baseline 0.003 -18"><span class='ocrx_word' id='word_1_68' title='bbox 341 815 510 863; x_wconf 88' lang='lat' dir='ltr'>elucet:</span> <span class='ocrx_word' id='word_1_69' title='bbox 538 816 616 863; x_wconf 87' lang='lat' dir='ltr'>illa</span> <span class='ocrx_word' id='word_1_70' title='bbox 645 832 751 863; x_wconf 82' lang='lat' dir='ltr'>vero</span> <span class='ocrx_word' id='word_1_71' title='bbox 782 816 939 864; x_wconf 87' lang='lat' dir='ltr'>verba:</span> <span class='ocrx_word' id='word_1_72' title='bbox 966 814 1061 879; x_wconf 78' lang='lat' dir='ltr'>qu</span> <span class='ocrx_word' id='word_1_73' title='bbox 1097 825 1134 862; x_wconf 79' lang='lat' dir='ltr'>te</span> <span class='ocrx_word' id='word_1_74' title='bbox 1166 818 1331 880; x_wconf 75' lang='lat' dir='ltr'>accipio</span> <span class='ocrx_word' id='word_1_75' title='bbox 1364 819 1411 864; x_wconf 72' lang='lat' dir='ltr'>in</span> <span class='ocrx_word' id='word_1_76' title='bbox 1443 835 1601 874; x_wconf 75' lang='lat' dir='ltr'>meam,</span> <span class='ocrx_word' id='word_1_77' title='bbox 1641 818 1809 866; x_wconf 90' lang='lat' dir='ltr'>nullius</span> 
     </span>
     <span class='ocr_line' id='line_1_10' title="bbox 339 891 1081 957; baseline 0 -19"><span class='ocrx_word' id='word_1_78' title='bbox 339 891 484 939; x_wconf 84' lang='lat' dir='ltr'>effecti</span> <span class='ocrx_word' id='word_1_79' title='bbox 521 891 766 957; x_wconf 88' lang='lat' dir='ltr'>spiritualis</span> <span class='ocrx_word' id='word_1_80' title='bbox 801 892 930 955; x_wconf 79' lang='lat' dir='ltr'>signa</span> <span class='ocrx_word' id='word_1_81' title='bbox 964 901 1081 938; x_wconf 88' lang='lat' dir='ltr'>sunt.</span> 
     </span>
    </p>

    <p class='ocr_par' dir='ltr' id='par_1_4' title="bbox 332 967 1869 1714">
     <span class='ocr_line' id='line_1_11' title="bbox 435 967 1811 1033; baseline 0.001 -18"><span class='ocrx_word' id='word_1_82' title='bbox 435 967 575 1015; x_wconf 91' lang='lat' dir='ltr'>Verba</span> <span class='ocrx_word' id='word_1_83' title='bbox 598 968 795 1033; x_wconf 90' lang='lat' dir='ltr'>insuper,</span> <span class='ocrx_word' id='word_1_84' title='bbox 819 985 933 1032; x_wconf 91' lang='lat' dir='ltr'>quae</span> <span class='ocrx_word' id='word_1_85' title='bbox 951 977 1054 1014; x_wconf 87' lang='lat' dir='ltr'>sunt</span> <span class='ocrx_word' id='word_1_86' title='bbox 1071 979 1441 1017; x_wconf 89' lang='lat' dir='ltr'>sacramentorum</span> <span class='ocrx_word' id='word_1_87' title='bbox 1460 969 1641 1026; x_wconf 88' lang='lat' dir='ltr'>formae,</span> <span class='ocrx_word' id='word_1_88' title='bbox 1658 969 1811 1018; x_wconf 88' lang='lat' dir='ltr'>divina</span> 
     </span>
     <span class='ocr_line' id='line_1_12' title="bbox 339 1043 1809 1111; baseline 0.003 -22"><span class='ocrx_word' id='word_1_89' title='bbox 339 1044 615 1092; x_wconf 88' lang='lat' dir='ltr'>institutione</span> <span class='ocrx_word' id='word_1_90' title='bbox 657 1043 926 1109; x_wconf 88' lang='lat' dir='ltr'>praescripta</span> <span class='ocrx_word' id='word_1_91' title='bbox 958 1053 1002 1091; x_wconf 91' lang='lat' dir='ltr'>et</span> <span class='ocrx_word' id='word_1_92' title='bbox 1033 1043 1323 1091; x_wconf 86' lang='lat' dir='ltr'>determinata</span> <span class='ocrx_word' id='word_1_93' title='bbox 1362 1055 1489 1102; x_wconf 88' lang='lat' dir='ltr'>sunt,</span> <span class='ocrx_word' id='word_1_94' title='bbox 1529 1062 1672 1110; x_wconf 90' lang='lat' dir='ltr'>neque</span> <span class='ocrx_word' id='word_1_95' title='bbox 1705 1061 1809 1111; x_wconf 81' lang='lat' dir='ltr'>pos·</span> 
     </span>
     <span class='ocr_line' id='line_1_13' title="bbox 337 1118 1809 1185; baseline 0.001 -19"><span class='ocrx_word' id='word_1_96' title='bbox 337 1129 442 1166; x_wconf 86' lang='lat' dir='ltr'>sunt</span> <span class='ocrx_word' id='word_1_97' title='bbox 477 1118 707 1165; x_wconf 90' lang='lat' dir='ltr'>hominum</span> <span class='ocrx_word' id='word_1_98' title='bbox 748 1118 928 1165; x_wconf 89' lang='lat' dir='ltr'>arbitrio</span> <span class='ocrx_word' id='word_1_99' title='bbox 961 1118 1199 1166; x_wconf 88' lang='lat' dir='ltr'>immutari.</span> <span class='ocrx_word' id='word_1_100' title='bbox 1227 1119 1283 1166; x_wconf 90' lang='lat' dir='ltr'>At</span> <span class='ocrx_word' id='word_1_101' title='bbox 1312 1119 1472 1177; x_wconf 87' lang='lat' dir='ltr'>verba,</span> <span class='ocrx_word' id='word_1_102' title='bbox 1512 1120 1676 1185; x_wconf 89' lang='lat' dir='ltr'>quibus</span> <span class='ocrx_word' id='word_1_103' title='bbox 1714 1137 1809 1168; x_wconf 90' lang='lat' dir='ltr'>ma-</span> 
     </span>
     <span class='ocr_line' id='line_1_14' title="bbox 337 1193 1869 1260; baseline 0.002 -20"><span class='ocrx_word' id='word_1_104' title='bbox 337 1194 591 1241; x_wconf 88' lang='lat' dir='ltr'>trimonium</span> <span class='ocrx_word' id='word_1_105' title='bbox 611 1193 896 1251; x_wconf 88' lang='lat' dir='ltr'>contrahitur,</span> <span class='ocrx_word' id='word_1_106' title='bbox 919 1211 971 1241; x_wconf 93' lang='lat' dir='ltr'>ea</span> <span class='ocrx_word' id='word_1_107' title='bbox 989 1194 1158 1241; x_wconf 90' lang='lat' dir='ltr'>ratione</span> <span class='ocrx_word' id='word_1_108' title='bbox 1173 1211 1263 1260; x_wconf 89' lang='lat' dir='ltr'>qua</span> <span class='ocrx_word' id='word_1_109' title='bbox 1279 1194 1496 1251; x_wconf 86' lang='lat' dir='ltr'>diximus,</span> <span class='ocrx_word' id='word_1_110' title='bbox 1524 1212 1669 1260; x_wconf 91' lang='lat' dir='ltr'>neque</span> <span class='ocrx_word' id='word_1_111' title='bbox 1686 1207 1805 1244; x_wconf 86' lang='lat' dir='ltr'>certa</span> <span class='ocrx_word' id='word_1_112' title='bbox 1866 1201 1869 1205; x_wconf 76' lang='grc'>’</span> 
     </span>
     <span class='ocr_line' id='line_1_15' title="bbox 335 1269 1806 1336; baseline 0.003 -20"><span class='ocrx_word' id='word_1_113' title='bbox 335 1269 515 1317; x_wconf 89' lang='lat' dir='ltr'>omnino</span> <span class='ocrx_word' id='word_1_114' title='bbox 548 1279 651 1316; x_wconf 88' lang='lat' dir='ltr'>sunt</span> <span class='ocrx_word' id='word_1_115' title='bbox 685 1279 728 1316; x_wconf 88' lang='lat' dir='ltr'>et</span> <span class='ocrx_word' id='word_1_116' title='bbox 761 1269 964 1326; x_wconf 82' lang='lat' dir='ltr'>definita3</span> <span class='ocrx_word' id='word_1_117' title='bbox 992 1270 1081 1317; x_wconf 90' lang='lat' dir='ltr'>imo</span> <span class='ocrx_word' id='word_1_118' title='bbox 1104 1270 1350 1318; x_wconf 82' lang='lat' dir='ltr'>innumeris</span> <span class='ocrx_word' id='word_1_119' title='bbox 1383 1270 1690 1336; x_wconf 91' lang='lat' dir='ltr'>loquutionum</span> <span class='ocrx_word' id='word_1_120' title='bbox 1717 1272 1806 1320; x_wconf 85' lang='lat' dir='ltr'>sor—</span> 
     </span>
     <span class='ocr_line' id='line_1_16' title="bbox 337 1343 1805 1409; baseline 0.003 -19"><span class='ocrx_word' id='word_1_121' title='bbox 337 1343 471 1391; x_wconf 91' lang='lat' dir='ltr'>mulis</span> <span class='ocrx_word' id='word_1_122' title='bbox 518 1344 663 1409; x_wconf 92' lang='lat' dir='ltr'>iisque</span> <span class='ocrx_word' id='word_1_123' title='bbox 697 1361 785 1391; x_wconf 93' lang='lat' dir='ltr'>non</span> <span class='ocrx_word' id='word_1_124' title='bbox 827 1344 1102 1409; x_wconf 87' lang='lat' dir='ltr'>synonimis,</span> <span class='ocrx_word' id='word_1_125' title='bbox 1141 1345 1220 1392; x_wconf 85' lang='lat' dir='ltr'>sed</span> <span class='ocrx_word' id='word_1_126' title='bbox 1252 1346 1388 1393; x_wconf 83' lang='lat' dir='ltr'>variis</span> <span class='ocrx_word' id='word_1_127' title='bbox 1422 1363 1475 1393; x_wconf 89' lang='lat' dir='ltr'>ac</span> <span class='ocrx_word' id='word_1_128' title='bbox 1507 1347 1805 1395; x_wconf 84' lang='lat' dir='ltr'>dissimilibus</span> 
     </span>
     <span class='ocr_line' id='line_1_17' title="bbox 334 1419 1805 1487; baseline 0.002 -21"><span class='ocrx_word' id='word_1_129' title='bbox 334 1419 483 1467; x_wconf 87' lang='lat' dir='ltr'>efferri</span> <span class='ocrx_word' id='word_1_130' title='bbox 518 1437 544 1467; x_wconf 90' lang='lat' dir='ltr'>a</span> <span class='ocrx_word' id='word_1_131' title='bbox 574 1419 932 1468; x_wconf 86' lang='lat' dir='ltr'>contrahentibus</span> <span class='ocrx_word' id='word_1_132' title='bbox 966 1436 1046 1486; x_wconf 92' lang='lat' dir='ltr'>pro</span> <span class='ocrx_word' id='word_1_133' title='bbox 1079 1420 1260 1468; x_wconf 87' lang='lat' dir='ltr'>arbitrio</span> <span class='ocrx_word' id='word_1_134' title='bbox 1302 1432 1512 1487; x_wconf 91' lang='lat' dir='ltr'>possunt:</span> <span class='ocrx_word' id='word_1_135' title='bbox 1548 1423 1684 1486; x_wconf 83' lang='lat' dir='ltr'>igitur</span> <span class='ocrx_word' id='word_1_136' title='bbox 1717 1439 1805 1470; x_wconf 89' lang='lat' dir='ltr'>non</span> 
     </span>
     <span class='ocr_line' id='line_1_18' title="bbox 333 1496 1803 1563; baseline 0.001 -19"><span class='ocrx_word' id='word_1_137' title='bbox 333 1506 521 1561; x_wconf 86' lang='lat' dir='ltr'>possunt</span> <span class='ocrx_word' id='word_1_138' title='bbox 548 1513 601 1543; x_wconf 90' lang='lat' dir='ltr'>ea</span> <span class='ocrx_word' id='word_1_139' title='bbox 632 1496 767 1544; x_wconf 88' lang='lat' dir='ltr'>verba</span> <span class='ocrx_word' id='word_1_140' title='bbox 783 1533 793 1553; x_wconf 92' lang='lat'>,</span> <span class='ocrx_word' id='word_1_141' title='bbox 831 1496 995 1561; x_wconf 87' lang='lat' dir='ltr'>quibus</span> <span class='ocrx_word' id='word_1_142' title='bbox 1028 1506 1210 1544; x_wconf 90' lang='lat' dir='ltr'>utuntur</span> <span class='ocrx_word' id='word_1_143' title='bbox 1243 1514 1435 1562; x_wconf 89' lang='lat' dir='ltr'>sponsus</span> <span class='ocrx_word' id='word_1_144' title='bbox 1469 1508 1512 1545; x_wconf 86' lang='lat' dir='ltr'>et</span> <span class='ocrx_word' id='word_1_145' title='bbox 1545 1515 1713 1563; x_wconf 86' lang='lat' dir='ltr'>sponsa</span> <span class='ocrx_word' id='word_1_146' title='bbox 1745 1498 1803 1546; x_wconf 84' lang='lat' dir='ltr'>ad</span> 
     </span>
     <span class='ocr_line' id='line_1_19' title="bbox 332 1572 1805 1638; baseline 0.002 -18"><span class='ocrx_word' id='word_1_147' title='bbox 332 1572 681 1620; x_wconf 85' lang='lat' dir='ltr'>contrahendum</span> <span class='ocrx_word' id='word_1_148' title='bbox 721 1590 800 1638; x_wconf 87' lang='lat' dir='ltr'>pro</span> <span class='ocrx_word' id='word_1_149' title='bbox 834 1572 1062 1621; x_wconf 89' lang='lat' dir='ltr'>christiani</span> <span class='ocrx_word' id='word_1_150' title='bbox 1098 1574 1360 1621; x_wconf 85' lang='lat' dir='ltr'>sacramenti</span> <span class='ocrx_word' id='word_1_151' title='bbox 1395 1575 1633 1622; x_wconf 88' lang='lat' dir='ltr'>constituta</span> <span class='ocrx_word' id='word_1_152' title='bbox 1665 1575 1805 1623; x_wconf 87' lang='lat' dir='ltr'>forma</span> 
     </span>
     <span class='ocr_line' id='line_1_20' title="bbox 333 1649 760 1714; baseline -0.005 -17"><span class='ocrx_word' id='word_1_153' title='bbox 333 1649 478 1714; x_wconf 85' lang='lat' dir='ltr'>accipi</span> <span class='ocrx_word' id='word_1_154' title='bbox 508 1659 552 1696; x_wconf 93' lang='lat' dir='ltr'>et</span> <span class='ocrx_word' id='word_1_155' title='bbox 573 1649 760 1697; x_wconf 80' lang='lat' dir='ltr'>censeri.</span> 
     </span>
    </p>

    <p class='ocr_par' dir='ltr' id='par_1_5' title="bbox 328 1725 1824 2849">
     <span class='ocr_line' id='line_1_21' title="bbox 431 1725 1804 1790; baseline 0.002 -19"><span class='ocrx_word' id='word_1_156' title='bbox 431 1726 680 1782; x_wconf 90' lang='lat' dir='ltr'>Praeterea,</span> <span class='ocrx_word' id='word_1_157' title='bbox 721 1742 849 1773; x_wconf 90' lang='lat' dir='ltr'>nemo</span> <span class='ocrx_word' id='word_1_158' title='bbox 891 1726 1031 1773; x_wconf 90' lang='lat' dir='ltr'>nescit</span> <span class='ocrx_word' id='word_1_159' title='bbox 1073 1725 1207 1773; x_wconf 80' lang='lat' dir='ltr'>verba</span> <span class='ocrx_word' id='word_1_160' title='bbox 1223 1764 1233 1782; x_wconf 91' lang='lat'>,</span> <span class='ocrx_word' id='word_1_161' title='bbox 1277 1742 1391 1790; x_wconf 90' lang='lat' dir='ltr'>quae</span> <span class='ocrx_word' id='word_1_162' title='bbox 1429 1726 1614 1773; x_wconf 88' lang='lat' dir='ltr'>formam</span> <span class='ocrx_word' id='word_1_163' title='bbox 1656 1743 1804 1774; x_wconf 88' lang='lat' dir='ltr'>sacra-</span> 
     </span>
     <span class='ocr_line' id='line_1_22' title="bbox 331 1801 1801 1867; baseline 0.002 -19"><span class='ocrx_word' id='word_1_164' title='bbox 331 1811 578 1849; x_wconf 90' lang='lat' dir='ltr'>mentorum</span> <span class='ocrx_word' id='word_1_165' title='bbox 611 1802 904 1859; x_wconf 87' lang='lat' dir='ltr'>constituunt,</span> <span class='ocrx_word' id='word_1_166' title='bbox 931 1819 986 1850; x_wconf 88' lang='lat' dir='ltr'>ea</span> <span class='ocrx_word' id='word_1_167' title='bbox 1014 1818 1116 1850; x_wconf 91' lang='lat' dir='ltr'>esse</span> <span class='ocrx_word' id='word_1_168' title='bbox 1132 1840 1142 1859; x_wconf 92' lang='lat'>‚</span> <span class='ocrx_word' id='word_1_169' title='bbox 1181 1818 1260 1867; x_wconf 88' lang='lat' dir='ltr'>pro</span> <span class='ocrx_word' id='word_1_170' title='bbox 1292 1801 1456 1867; x_wconf 88' lang='lat' dir='ltr'>quibus</span> <span class='ocrx_word' id='word_1_171' title='bbox 1491 1803 1530 1850; x_wconf 90' lang='lat' dir='ltr'>si</span> <span class='ocrx_word' id='word_1_172' title='bbox 1563 1803 1634 1850; x_wconf 79' lang='lat' dir='ltr'>vel</span> <span class='ocrx_word' id='word_1_173' title='bbox 1669 1813 1801 1851; x_wconf 90' lang='lat' dir='ltr'>nutus</span> 
     </span>
     <span class='ocr_line' id='line_1_23' title="bbox 331 1875 1797 1942; baseline 0.001 -18"><span class='ocrx_word' id='word_1_174' title='bbox 331 1875 402 1924; x_wconf 86' lang='lat' dir='ltr'>vel</span> <span class='ocrx_word' id='word_1_175' title='bbox 437 1877 678 1941; x_wconf 89' lang='lat' dir='ltr'>scriptura,</span> <span class='ocrx_word' id='word_1_176' title='bbox 720 1876 791 1924; x_wconf 85' lang='lat' dir='ltr'>vel</span> <span class='ocrx_word' id='word_1_177' title='bbox 829 1876 951 1925; x_wconf 87' lang='lat' dir='ltr'>aliud</span> <span class='ocrx_word' id='word_1_178' title='bbox 990 1876 1220 1942; x_wconf 87' lang='lat' dir='ltr'>quodlibet</span> <span class='ocrx_word' id='word_1_179' title='bbox 1263 1877 1439 1940; x_wconf 84' lang='lat' dir='ltr'>signum</span> <span class='ocrx_word' id='word_1_180' title='bbox 1483 1877 1797 1935; x_wconf 83' lang='lat' dir='ltr'>substituatur,</span> 
     </span>
     <span class='ocr_line' id='line_1_24' title="bbox 330 1953 1800 2003; baseline 0.003 -4"><span class='ocrx_word' id='word_1_181' title='bbox 330 1953 477 2001; x_wconf 88' lang='lat' dir='ltr'>inanis</span> <span class='ocrx_word' id='word_1_182' title='bbox 512 1953 626 2000; x_wconf 87' lang='lat' dir='ltr'>actio</span> <span class='ocrx_word' id='word_1_183' title='bbox 658 1953 839 2001; x_wconf 91' lang='lat' dir='ltr'>omnino</span> <span class='ocrx_word' id='word_1_184' title='bbox 871 1953 1096 2001; x_wconf 89' lang='lat' dir='ltr'>reddatur.</span> <span class='ocrx_word' id='word_1_185' title='bbox 1119 1954 1212 2001; x_wconf 87' lang='lat' dir='ltr'>Iam</span> <span class='ocrx_word' id='word_1_186' title='bbox 1240 1970 1343 2002; x_wconf 86' lang='lat' dir='ltr'>vero</span> <span class='ocrx_word' id='word_1_187' title='bbox 1376 1954 1624 2001; x_wconf 90' lang='lat' dir='ltr'>concedunt</span> <span class='ocrx_word' id='word_1_188' title='bbox 1645 1971 1800 2003; x_wconf 88' lang='lat' dir='ltr'>omnes</span> 
     </span>
     <span class='ocr_line' id='line_1_25' title="bbox 331 2028 1794 2086; baseline 0.001 -11"><span class='ocrx_word' id='word_1_189' title='bbox 331 2037 653 2076; x_wconf 87' lang='lat' dir='ltr'>sacramentum</span> <span class='ocrx_word' id='word_1_190' title='bbox 687 2028 954 2077; x_wconf 86' lang='lat' dir='ltr'>matrimonii</span> <span class='ocrx_word' id='word_1_191' title='bbox 987 2028 1135 2077; x_wconf 83' lang='lat' dir='ltr'>valide</span> <span class='ocrx_word' id='word_1_192' title='bbox 1164 2046 1191 2076; x_wconf 90' lang='lat' dir='ltr'>a</span> <span class='ocrx_word' id='word_1_193' title='bbox 1215 2028 1573 2076; x_wconf 89' lang='lat' dir='ltr'>contrahentibus</span> <span class='ocrx_word' id='word_1_194' title='bbox 1614 2029 1794 2086; x_wconf 89' lang='lat' dir='ltr'>confici,</span> 
     </span>
     <span class='ocr_line' id='line_1_26' title="bbox 334 2104 1800 2169; baseline 0.001 -19"><span class='ocrx_word' id='word_1_195' title='bbox 334 2121 471 2168; x_wconf 91' lang='lat' dir='ltr'>quum</span> <span class='ocrx_word' id='word_1_196' title='bbox 504 2121 583 2169; x_wconf 89' lang='lat' dir='ltr'>pro</span> <span class='ocrx_word' id='word_1_197' title='bbox 616 2104 791 2162; x_wconf 82' lang='lat' dir='ltr'>verbis,</span> <span class='ocrx_word' id='word_1_198' title='bbox 830 2115 983 2153; x_wconf 91' lang='lat' dir='ltr'>nutum</span> <span class='ocrx_word' id='word_1_199' title='bbox 1018 2104 1233 2152; x_wconf 86' lang='lat' dir='ltr'>adhibent</span> <span class='ocrx_word' id='word_1_200' title='bbox 1265 2104 1335 2152; x_wconf 87' lang='lat' dir='ltr'>vel</span> <span class='ocrx_word' id='word_1_201' title='bbox 1365 2105 1646 2169; x_wconf 88' lang='lat' dir='ltr'>scriptionem</span> <span class='ocrx_word' id='word_1_202' title='bbox 1681 2104 1800 2152; x_wconf 86' lang='lat' dir='ltr'>unde</span> 
     </span>
     <span class='ocr_line' id='line_1_27' title="bbox 331 2179 1798 2245; baseline 0.001 -20"><span class='ocrx_word' id='word_1_203' title='bbox 331 2195 574 2226; x_wconf 82' lang='lat' dir='ltr'>consensus</span> <span class='ocrx_word' id='word_1_204' title='bbox 614 2179 874 2227; x_wconf 87' lang='lat' dir='ltr'>innotescat.</span> <span class='ocrx_word' id='word_1_205' title='bbox 908 2180 1036 2237; x_wconf 88' lang='lat' dir='ltr'>Quod</span> <span class='ocrx_word' id='word_1_206' title='bbox 1075 2179 1255 2245; x_wconf 92' lang='lat' dir='ltr'>quidem</span> <span class='ocrx_word' id='word_1_207' title='bbox 1291 2180 1328 2227; x_wconf 92' lang='lat' dir='ltr'>si</span> <span class='ocrx_word' id='word_1_208' title='bbox 1371 2180 1473 2244; x_wconf 90' lang='lat' dir='ltr'>quis</span> <span class='ocrx_word' id='word_1_209' title='bbox 1505 2189 1619 2227; x_wconf 88' lang='lat' dir='ltr'>recte</span> <span class='ocrx_word' id='word_1_210' title='bbox 1650 2180 1798 2226; x_wconf 85' lang='lat' dir='ltr'>consi-</span> 
     </span>
     <span class='ocr_line' id='line_1_28' title="bbox 331 2253 1797 2321; baseline 0.001 -21"><span class='ocrx_word' id='word_1_211' title='bbox 331 2253 478 2312; x_wconf 89' lang='lat' dir='ltr'>deret,</span> <span class='ocrx_word' id='word_1_212' title='bbox 515 2271 603 2302; x_wconf 95' lang='lat' dir='ltr'>non</span> <span class='ocrx_word' id='word_1_213' title='bbox 636 2255 731 2303; x_wconf 85' lang='lat' dir='ltr'>leve</span> <span class='ocrx_word' id='word_1_214' title='bbox 763 2267 1066 2320; x_wconf 83' lang='lat' dir='ltr'>argumentum</span> <span class='ocrx_word' id='word_1_215' title='bbox 1107 2267 1201 2311; x_wconf 89' lang='lat' dir='ltr'>est,</span> <span class='ocrx_word' id='word_1_216' title='bbox 1244 2273 1333 2321; x_wconf 91' lang='lat' dir='ltr'>quo</span> <span class='ocrx_word' id='word_1_217' title='bbox 1369 2255 1503 2303; x_wconf 84' lang='lat' dir='ltr'>verba</span> <span class='ocrx_word' id='word_1_218' title='bbox 1535 2255 1797 2302; x_wconf 90' lang='lat' dir='ltr'>contrahen-</span> 
     </span>
     <span class='ocr_line' id='line_1_29' title="bbox 330 2327 1796 2395; baseline 0.001 -19"><span class='ocrx_word' id='word_1_219' title='bbox 330 2329 440 2376; x_wconf 86' lang='lat' dir='ltr'>tium</span> <span class='ocrx_word' id='word_1_220' title='bbox 482 2329 616 2376; x_wconf 90' lang='lat' dir='ltr'>huius</span> <span class='ocrx_word' id='word_1_221' title='bbox 661 2332 921 2379; x_wconf 89' lang='lat' dir='ltr'>sacramenti</span> <span class='ocrx_word' id='word_1_222' title='bbox 973 2332 1200 2380; x_wconf 87' lang='lat' dir='ltr'>materiam</span> <span class='ocrx_word' id='word_1_223' title='bbox 1245 2331 1389 2395; x_wconf 81' lang='lat' dir='ltr'>magis</span> <span class='ocrx_word' id='word_1_224' title='bbox 1433 2347 1566 2395; x_wconf 88' lang='lat' dir='ltr'>quam</span> <span class='ocrx_word' id='word_1_225' title='bbox 1611 2327 1796 2377; x_wconf 85' lang='lat' dir='ltr'>formam</span> 
     </span>
     <span class='ocr_line' id='line_1_30' title="bbox 330 2405 1794 2472; baseline 0.001 -20"><span class='ocrx_word' id='word_1_226' title='bbox 330 2405 595 2453; x_wconf 89' lang='lat' dir='ltr'>constituere</span> <span class='ocrx_word' id='word_1_227' title='bbox 619 2405 836 2453; x_wconf 89' lang='lat' dir='ltr'>dicantur.</span> <span class='ocrx_word' id='word_1_228' title='bbox 860 2407 999 2472; x_wconf 90' lang='lat' dir='ltr'>quue</span> <span class='ocrx_word' id='word_1_229' title='bbox 1022 2425 1073 2455; x_wconf 94' lang='lat' dir='ltr'>eo</span> <span class='ocrx_word' id='word_1_230' title='bbox 1095 2408 1166 2454; x_wconf 81' lang='lat' dir='ltr'>vel</span> <span class='ocrx_word' id='word_1_231' title='bbox 1190 2408 1334 2471; x_wconf 80' lang='lat' dir='ltr'>magis</span> <span class='ocrx_word' id='word_1_232' title='bbox 1349 2445 1359 2464; x_wconf 89' lang='lat'>,</span> <span class='ocrx_word' id='word_1_233' title='bbox 1389 2406 1507 2472; x_wconf 90' lang='lat' dir='ltr'>quod</span> <span class='ocrx_word' id='word_1_234' title='bbox 1541 2422 1620 2470; x_wconf 86' lang='lat' dir='ltr'>pro</span> <span class='ocrx_word' id='word_1_235' title='bbox 1645 2405 1794 2453; x_wconf 84' lang='lat' dir='ltr'>verbis</span> 
     </span>
     <span class='ocr_line' id='line_1_31' title="bbox 330 2481 1793 2547; baseline 0.001 -20"><span class='ocrx_word' id='word_1_236' title='bbox 330 2498 445 2545; x_wconf 88' lang='lat' dir='ltr'>quae</span> <span class='ocrx_word' id='word_1_237' title='bbox 468 2481 678 2529; x_wconf 89' lang='lat' dir='ltr'>materiae</span> <span class='ocrx_word' id='word_1_238' title='bbox 694 2482 836 2529; x_wconf 79' lang='lat' dir='ltr'>vicem</span> <span class='ocrx_word' id='word_1_239' title='bbox 860 2483 1048 2540; x_wconf 86' lang='lat' dir='ltr'>habent,</span> <span class='ocrx_word' id='word_1_240' title='bbox 1076 2483 1337 2546; x_wconf 77' lang='lat' dir='ltr'>intelligitur</span> <span class='ocrx_word' id='word_1_241' title='bbox 1358 2500 1447 2547; x_wconf 90' lang='lat' dir='ltr'>qua</span> <span class='ocrx_word' id='word_1_242' title='bbox 1470 2482 1638 2528; x_wconf 86' lang='lat' dir='ltr'>ratione</span> <span class='ocrx_word' id='word_1_243' title='bbox 1660 2492 1793 2529; x_wconf 91' lang='lat' dir='ltr'>nutus</span> 
     </span>
     <span class='ocr_line' id='line_1_32' title="bbox 328 2551 1824 2623; baseline 0.001 -21"><span class='ocrx_word' id='word_1_244' title='bbox 328 2554 503 2620; x_wconf 87' lang='lat' dir='ltr'>aliaque</span> <span class='ocrx_word' id='word_1_245' title='bbox 546 2556 676 2619; x_wconf 80' lang='lat' dir='ltr'>signa</span> <span class='ocrx_word' id='word_1_246' title='bbox 714 2556 921 2605; x_wconf 85' lang='lat' dir='ltr'>substitui</span> <span class='ocrx_word' id='word_1_247' title='bbox 967 2558 1234 2623; x_wconf 87' lang='lat' dir='ltr'>quandoque</span> <span class='ocrx_word' id='word_1_248' title='bbox 1275 2558 1480 2622; x_wconf 87' lang='lat' dir='ltr'>possint;</span> <span class='ocrx_word' id='word_1_249' title='bbox 1525 2574 1604 2621; x_wconf 91' lang='lat' dir='ltr'>pro</span> <span class='ocrx_word' id='word_1_250' title='bbox 1645 2551 1824 2604; x_wconf 73' lang='lat' dir='ltr'>verbis&#39;</span> 
     </span>
     <span class='ocr_line' id='line_1_33' title="bbox 328 2632 1793 2699; baseline 0.001 -21"><span class='ocrx_word' id='word_1_251' title='bbox 328 2641 471 2679; x_wconf 85' lang='lat' dir='ltr'>autem</span> <span class='ocrx_word' id='word_1_252' title='bbox 484 2670 494 2689; x_wconf 91' lang='lat'><strong>‚</strong></span> <span class='ocrx_word' id='word_1_253' title='bbox 526 2650 642 2699; x_wconf 90' lang='lat' dir='ltr'>quae</span> <span class='ocrx_word' id='word_1_254' title='bbox 673 2632 838 2681; x_wconf 86' lang='lat' dir='ltr'>formae</span> <span class='ocrx_word' id='word_1_255' title='bbox 870 2633 1011 2682; x_wconf 90' lang='lat' dir='ltr'>vicem</span> <span class='ocrx_word' id='word_1_256' title='bbox 1039 2643 1216 2681; x_wconf 86' lang='lat' dir='ltr'>teneant</span> <span class='ocrx_word' id='word_1_257' title='bbox 1230 2672 1240 2690; x_wconf 94' lang='lat'>,</span> <span class='ocrx_word' id='word_1_258' title='bbox 1268 2633 1370 2698; x_wconf 90' lang='lat' dir='ltr'>poni</span> <span class='ocrx_word' id='word_1_259' title='bbox 1397 2632 1517 2680; x_wconf 92' lang='lat' dir='ltr'>nullo</span> <span class='ocrx_word' id='word_1_260' title='bbox 1540 2632 1671 2679; x_wconf 91' lang='lat' dir='ltr'>modo</span> <span class='ocrx_word' id='word_1_261' title='bbox 1693 2649 1793 2697; x_wconf 87' lang='lat' dir='ltr'>pos-</span> 
     </span>
     <span class='ocr_line' id='line_1_34' title="bbox 328 2707 1792 2775; baseline 0.002 -23"><span class='ocrx_word' id='word_1_262' title='bbox 328 2716 454 2762; x_wconf 86' lang='lat' dir='ltr'>sunt,</span> <span class='ocrx_word' id='word_1_263' title='bbox 482 2708 851 2771; x_wconf 87' lang='lat' dir='ltr'>quemadmodum</span> <span class='ocrx_word' id='word_1_264' title='bbox 869 2709 915 2757; x_wconf 89' lang='lat' dir='ltr'>in</span> <span class='ocrx_word' id='word_1_265' title='bbox 933 2709 1225 2775; x_wconf 88' lang='lat' dir='ltr'>poenitentiae</span> <span class='ocrx_word' id='word_1_266' title='bbox 1248 2718 1522 2756; x_wconf 88' lang='lat' dir='ltr'>sacramento</span> <span class='ocrx_word' id='word_1_267' title='bbox 1545 2707 1674 2756; x_wconf 86' lang='lat' dir='ltr'>facile</span> <span class='ocrx_word' id='word_1_268' title='bbox 1697 2724 1792 2755; x_wconf 91' lang='lat' dir='ltr'>cer-</span> 
     </span>
     <span class='ocr_line' id='line_1_35' title="bbox 328 2780 1792 2849; baseline 0.001 -21"><span class='ocrx_word' id='word_1_269' title='bbox 328 2780 459 2829; x_wconf 84' lang='lat' dir='ltr'>nitur.</span> <span class='ocrx_word' id='word_1_270' title='bbox 481 2781 618 2831; x_wconf 87' lang='lat' dir='ltr'>Verba</span> <span class='ocrx_word' id='word_1_271' title='bbox 652 2784 787 2847; x_wconf 82' lang='lat' dir='ltr'>igitur</span> <span class='ocrx_word' id='word_1_272' title='bbox 818 2784 1165 2838; x_wconf 85' lang='lat' dir='ltr'>contrahentium</span> <span class='ocrx_word' id='word_1_273' title='bbox 1185 2822 1194 2840; x_wconf 93' lang='lat'>,</span> <span class='ocrx_word' id='word_1_274' title='bbox 1231 2801 1367 2849; x_wconf 91' lang='lat' dir='ltr'>quum</span> <span class='ocrx_word' id='word_1_275' title='bbox 1392 2784 1608 2832; x_wconf 88' lang='lat' dir='ltr'>eiusmodi</span> <span class='ocrx_word' id='word_1_276' title='bbox 1633 2784 1722 2833; x_wconf 84' lang='lat' dir='ltr'>sint</span> <span class='ocrx_word' id='word_1_277' title='bbox 1744 2794 1792 2830; x_wconf 85' lang='lat' dir='ltr'>ut</span> 
     </span>
    </p>
   </div>
  </div>
 </body>
</html>
