1918 3186
422 206 512 237 cu».
532 206 561 237 1.
580 205 633 236 nn
656 203 830 237 unum.
853 204 1002 236 c1v1us
1024 203 1203 236 unum.
1221 204 1315 236 Διιτ.
1336 204 1382 235 ιι.
1548 188 1634 233 221

158 285 307 332 rendis
331 285 387 331 de
410 282 601 330 divortio
636 282 869 329 sententiis
885 319 895 338 ‚
926 292 975 329 ut
997 299 1071 328 an.
1096 282 1240 328 1837.
1262 282 1309 328 in
1330 280 1543 330 Borussia
1564 281 1643 328 de-

157 360 374 406 creverint
409 343 542 404 2392'
568 357 759 404 divortia
792 373 845 403 ex
882 357 1025 402 3888.
1055 357 1363 420 petitionibus,
1402 374 1517 422 quae
1553 355 1642 403 illis

158 435 332 482 oblatae
366 435 544 481 fuerunt
580 434 698 495 (22).
722 432 808 478 Sed
843 431 976 495 longe
1009 432 1243 482 ulteriores
1278 451 1550 498 progressus.
1578 433 1645 480 18-

158 512 289 559 bente
311 521 507 574 tempore
533 509 642 556 haec
666 508 848 556 divortii
874 507 1066 555 facilitas
1091 509 1210 556 secit.
1240 509 1470 575 Siquidem
1496 526 1548 558 eo
1572 527 1643 557 res

159 587 385 652 pervenit,
414 596 463 632 ut
495 586 534 632 si
569 585 686 633 levia
722 584 908 650 quaevis
943 583 1166 631 rationum
1200 596 1426 634 momenta
1458 585 1646 636 asseranr

159 674 253 719 tur,
292 663 404 710 satis
440 661 531 708 sint
552 671 602 708 ut
624 661 774 724 exigui
811 660 1024 725 temporis
1061 661 1205 724 spatio
1236 660 1427 709 divortia
1455 678 1645 726 pronum,

158 739 345 786 cientur.
379 738 645 801 Coniugales
674 736 895 785 eiusmodi
919 737 1229 800 neqotiationes
1251 736 1439 784 ulterius
1464 755 1644 802 pregre-¹

158 814 365 862 diuntur:
394 814 509 863 intra
527 813 632 860 anni
652 812 870 877 spatium,
899 812 1015 859 intra
1038 811 1369 860 breviusculum
1396 814 1639 869 mensium,

159 891 295 938 immo
342 891 457 938 intra
502 890 792 938 brevissimas
837 888 1142 937 hebdomadas
1176 898 1404 937 eontracta
1438 890 1644 952 coniugia

158 966 464 1015 dissolvuntur
486 969 583 1029 (23)
597 1005 606 1014 .
1103 977 1105 979 '
1523 1017 1525 1019 ,

256 1043 384 1099 Quod
419 1044 588 1091 dictum
623 1055 692 1092 est
725 1044 782 1092 de
816 1044 1053 1092 Germania
1079 1044 1176 1108 pari
1201 1044 1298 1091 iure
1320 1044 1411 1092 dici
1434 1043 1567 1092 debet
1588 1045 1645 1091 de

159 1120 262 1168 aliis
298 1120 720 1185 septentrionalibus
757 1121 921 1184 regnis,
962 1120 1008 1167 in
1043 1121 1468 1185 quibus'reformati
1501 1121 1645 1169 domi-

158 1207 334 1244 nantur.
372 1197 423 1242 In
464 1196 609 1244 Dania
650 1197 767 1260 regis
802 1197 921 1244 filius
957 1198 1198 1244 an.1846.
1227 1197 1370 1261 legale
1404 1197 1642 1245 divortium

159 1272 352 1320 obtinuit
374 1290 400 1319 a
431 1273 645 1329 secunda,
674 1291 807 1337 quam
831 1273 1017 1321 duxerat
1050 1284 1187 1321 uxore
1210 1285 1293 1321 sua‘
1316 1291 1369 1320 ex
1395 1273 1532 1321 multo
1556 1274 1642 1326 iam

160 1358 357 1413 tempore
380 1348 564 1396 absente
581 1349 639 1397 ob
655 1349 963 1397 dissensiones
987 1360 1180 1397 mutuas.
1202 1350 1379 1406 Causa,
1406 1362 1523 1415 quae
1547 1366 1645 1413 pro-

161 1424 400 1483 ferebatur,
441 1426 523 1473 fuit
558 1425 878 1490 insuperabilis
913 1427 1055 1473 animi
1074 1428 1258 1474 aversio.
1287 1427 1403 1483 Hoc,
1431 1425 1639 1491 inquam,

257 1567 323 1608 (22)
346 1567 397 1600 Cf.
418 1569 500 1600 Voce
510 1566 607 1600 delta
622 1568 747 1600 verita.
762 1573 797 1601 21
817 1571 894 1610 Apr.
914 1573 1003 1602 1838.
1018 1578 1051 1601 8.
1072 1571 1160 1603 1049.

261 1620 326 1660 (23)
348 1619 398 1652 Cf.
413 1620 619 1662 Avogadrum
646 1621 678 1653 in
703 1621 760 1653 cit.
773 1622 899 1663 egregio
915 1631 969 1664 op.
990 1625 1130 1655 Teorica
1144 1622 1434 1655 dell'istituzione
1450 1621 1508 1655 del
1522 1624 1643 1655 matri-

160 1674 286 1705 monio.
304 1673 424 1705 'forino
453 1677 542 1707 1853.
562 1675 642 1706 tom.
658 1675 682 1706 1.
699 1677 827 1708 c.XV1.
841 1674 899 1707 ubi
922 1675 1016 1716 plura
1037 1675 1159 1716 profert
1173 1675 1381 1708 documenta.
1404 1677 1471 1708 Nos
1491 1675 1556 1707 8118
1579 1684 1643 1707 808

158 1733 260 1765 pauca
282 1725 422 1758 adiicere
434 1725 499 1758 illis
512 1735 695 1767 possemus,
710 1726 765 1759 sed
782 1735 822 1758 ne
838 1726 966 1768 longius
982 1735 1033 1759 res
1049 1727 1126 1760 haec
1141 1727 1309 1760 notissima
1330 1727 1555 1769 protrahatur,
1567 1736 1641 1759 con-

158 1777 240 1810 tenti
261 1777 381 1810 erimus
403 1787 442 1810 ex
467 1778 671 1820 ephemeride
692 1779 888 1820 protestante
908 1778 1115 1821 Kirchelaqe
1134 1789 1232 1821 quam
1255 1779 1378 1821 profert
1399 1781 1533 1811 Revisio
1553 1778 1644 1811 chri-

155 1831 274 1861 stiana
295 1830 414 1862 mensis
438 1832 536 1863 Mart.
557 1836 635 1864 1855
663 1833 762 1872 atque
777 1831 828 1864 bis
840 1830 950 1864 verbis
965 1831 1080 1872 gallice
1094 1831 1201 1864 reddit
1216 1834 1361 1865 Univers
1380 1837 1425 1864 18.
1442 1833 1528 1864 Mars
1553 1836 1643 1863 1855.

157 1894 172 1909 ιι
189 1883 274 1914 Tout
285 1882 317 1914 le
329 1882 446 1915 monde
462 1883 524 1915 sait
541 1893 606 1925 que
621 1883 651 1915 18
664 1883 845 1923 legislation
861 1884 1050 1925 prussienne
1065 1893 1104 1916 en
1116 1886 1165 1916 est
1180 1893 1282 1917 venue
1293 1884 1312 1916 8
1324 1884 1467 1916 relacber
1480 1883 1646 1917 tellement

157 1934 188 1966 18
200 1933 263 1966 1188
277 1934 440 1976 conjugal,
451 1935 531 1976 qu’il
545 1935 634 1968 suffit
645 1936 686 1969 de
696 1937 727 1968 la
739 1935 885 1968 moindre
899 1936 1168 1977 incompatibilite
1179 1936 1352 1969 d’humeur
1362 1945 1445 1977 pour
1460 1937 1490 1969 le
1503 1945 1644 1977 rompre,

159 1986 291 2027 quitto&
305 1987 336 2019 le
347 1996 483 2020 renouer
500 1988 574 2029 plns
593 1988 666 2021 tard
686 1997 766 2021 avec
786 1989 818 2021 la
838 1988 995 2030 premiere
1016 1989 1134 2021 femme
1147 1988 1257 2029 quand
1278 1997 1317 2021 en
1337 1997 1408 2021 sera
1421 1989 1471 2020 188
1486 1988 1528 2020 (18
1548 1988 1582 2020 18
1600 1996 1645 2020 se·

154 2038 267 2072 conde.
279 2039 305 2071 ll
320 2041 370 2072 est
380 2048 420 2072 en
435 2039 538 2072 verite
550 2040 623 2075 bien
634 2040 771 2074 racheux
787 2049 853 2082 que
867 2041 967 2073 Henri
979 2041 1156 2073 V111.n‘ait
1180 2050 1238 2083 pas
1256 2050 1301 2082 pu
1323 2041 1454 2082 profiter
1467 2040 1543 2072 d’un
1563 2039 1645 2073 code

155 2092 183 2124 si
195 2091 381 2133 commode,
397 2093 452 2133 qui
467 2093 512 2126 lui
528 2094 583 2125 eut
595 2093 734 2134 epar-gne
751 2093 825 2126 bien
841 2093 881 2126 de
897 2102 975 2135 sang
988 2094 1098 2134 verse,
1120 2095 1190 2126 tout
1201 2103 1240 2127 cn
1253 2093 1300 2125 lui
1319 2094 1513 2134 ρει-81811881
1523 2092 1642 2134 d’ajou·

155 2146 205 2177 ter
219 2153 264 2176 nn
280 2154 322 2177 ou
337 2145 420 2177 deux
444 2154 538 2178 noms
551 2146 702 2179 81811818
715 2146 757 2179 (18
771 2144 822 2179 ses
841 2147 992 2180 semmes.
1006 2149 1054 2179 An
1078 2147 1172 2188 point
1189 2145 1230 2179 de
1249 2155 1313 2179 vue
1333 2146 1559 2187 evangelique,
1579 2153 1643 2178 une

156 2197 334 2231 semblable
356 2198 539 2239 legislation
558 2208 711 2232 consuere
727 2199 907 2233 l'adultere.
921 2202 971 2233 On
984 2200 1114 2240 concoit
1127 2203 1193 2243 que
1207 2199 1237 2232 le
1251 2208 1324 2232 sens
1338 2200 1481 2232 obretien
1495 2199 1645 2232 s'alarme

155 2251 204 2290 18,
226 2251 269 2283 οὺ
289 2251 313 2283 11
333 2251 472 2284 summit
494 2251 537 2284 (18
560 2261 634 2285 8888
652 2252 766 2284 moral.
780 2254 823 2284 Le
844 2252 909 2284 lien
933 2252 1041 2293 etroit,
1065 2253 1121 2293 qui
1142 2253 1213 2285 unit
1227 2262 1267 2284 en
1282 2253 1468 2292 Allemagne
1482 2252 1643 2293 l'egliseet

151 2304 252 2344 vetat,
266 2304 445 2337 condamne
463 2305 597 2346 l'eglise,
617 2306 697 2336 dans
710 2305 868 2337 l‘absence
880 2305 925 2337 du
940 2306 1080 2346 mariage
1093 2306 1190 2345 civil,
1208 2305 1227 2338 a
1241 2305 1364 2337 donner
1378 2306 1407 2337 la
1417 2306 1640 2338 consecration

153 2356 172 2388 a
191 2365 245 2389 res
265 2356 427 2388 adulteres
451 2356 576 2396 legaux.
595 2358 644 2387 On
660 2356 788 2396 concoit
812 2357 897 2388 donc
918 2357 1037 2397 qu'elle
1059 2357 1199 2390 reclame
1224 2366 1304 2390 avec
1324 2357 1475 2389 vivacite.
1495 2357 1564 2389 Elle
1592 2359 1642 2390 est

157 2408 240 2441 (1888
266 2419 326 2442 son
354 2410 439 2448 role,
459 2411 492 2441 et
512 2409 593 2441 dans
614 2418 672 2441 son
694 2409 814 2442 droit.»
828 2410 876 2442 Ad
893 2410 1010 2442 borum
1031 2410 1311 2443 confirmationem
1334 2410 1456 2442 texitur
1477 2410 1643 2451 catalogus

153 2461 386 2501 divortiorum,
412 2470 495 2502 quae
524 2462 631 2494 locum
654 2461 837 2495 habuerunt
858 2465 955 2504 prout
975 2463 1139 2504 sequitur:
1162 2476 1177 2491 a
1191 2463 1336 2495 pendant
1363 2472 1427 2495 888
1452 2462 1584 2505 ρόήοᾶε
1599 2462 1640 2495 (18

154 2513 233 2545 trois
257 2514 393 2553 annees,
409 2514 591 2546 anterieure
605 2514 625 2546 8
648 2517 751 2554 1854.,
767 2514 790 2546 11
804 2524 823 2555 y
838 2524 857 2547 8
871 2523 910 2547 eu
927 2524 990 2547 une
1003 2523 1159 2556 moyenne
1172 2519 1277 2555 2341.
1293 2515 1442 2547 divorces
1461 2523 1520 2556 par
1540 2515 1642 2548 88868

155 2565 236 2598 (1888
249 2567 339 2598 toute
353 2566 514 2598 l’etendue
531 2566 573 2599 de
591 2566 624 2598 18
637 2567 824 2600 monarchia
840 2568 1031 2609 (prusienne
1038 2568 1062 2607 )‚
1077 2570 1110 2600 et
1127 2567 1208 2600 (1888
1222 2576 1260 2599 oe.
1272 2567 1405 2607 chistre,
1419 2567 1450 2599 18
1465 2567 1555 2600 seule
1568 2577 1640 2609 pro·

153 2617 246 2650 vince
259 2618 301 2650 de
314 2618 557 2661 Brandebourg,
574 2619 676 2660 figure
688 2629 771 2661 pour
782 2623 870 2661 875.,
885 2620 993 2652 tundis
1009 2628 1074 2661 que
1087 2620 1120 2652 18
1133 2620 1286 2661 province
1302 2619 1456 2660 rhenum,
1463 2620 1506 2653 ou
1519 2620 1643 2653 leoode

158 2669 321 2710 Napoleon
347 2679 388 2703 en
409 2673 458 2704 est
478 2680 519 2704 en
539 2672 698 2713 vigueur,
723 2672 778 2713 n’y
797 2674 848 2705 est
867 2681 931 2712 que
951 2681 1034 2713 pour
1053 2674 1104 2704 24.
1129 2671 1335 2712 (notandum
1362 2674 1471 2705 tamen
1497 2673 1548 2706 est
1574 2681 1642 2705 non

156 2729 277 2761 paucos
297 2724 513 2763 protestantes
535 2724 569 2757 in
591 2725 653 2757 hac
675 2725 844 2766 provincia
863 2724 1012 2766 degere).
1027 2726 1075 2757 En
1107 2726 1183 2757 1³44
1198 2747 1208 2764 ,
1233 2723 1264 2756 18
1284 2723 1466 2765 legislation
1493 2724 1543 2757 rut
1571 2733 1639 2765 188-Δ

154 2773 219 2857 (ἐικι
232 2775 305 2815 plus
318 2775 447 2816 severe,
460 2777 494 2810 et
505 2777 537 2810 le
549 2777 682 2810 divoroe
693 2786 714 2810 8
728 2786 826 2811 encor
843 2777 895 2810 ete
915 2777 998 2809 (1888
1017 2777 1050 2809 18
1070 2776 1139 2810 dite
1158 2777 1313 2819 province
1331 2775 1380 2810 de.
1391 2776 1638 2818 Brnndebourg,

179 2835 197 2858 e
211 2829 281 2860 74⁴.
297 2836 356 2868 par
364 2835 439 2860 88.»
