1918 3186
207 222 297 255 cnr.
310 221 367 254 vl.
388 221 563 254 annun.
577 220 672 253 Aac.
688 219 740 250 nr
759 219 848 251 ιιιΝ.
863 219 978 251 εΑοιι.
996 217 1090 251 uu.
1105 218 1167 250 111.
1186 218 1280 250 Anu.
1298 218 1446 250 τιιιιοι..
1508 202 1595 248 129

142 300 301 348 exoriri
324 309 645 348 sacramentum
669 307 840 362 putant,
862 314 961 344 cum
986 297 1115 344 ambo
1136 297 1346 360 coniuges
1368 295 1599 344 christiani

145 376 256 423 fiunt
278 376 397 423 iuxta
420 375 663 439 expositam
689 372 896 437 superius
930 373 1191 420 sententiam
1213 374 1328 436 (42).
1352 373 1599 429 Quaecum-

144 469 232 517 que
262 469 315 499 ex
349 452 420 499 his
455 450 684 498 sententiis
718 449 999 505 admittatur,
1039 466 1109 497 res
1144 450 1189 496 in
1224 459 1315 498 tuto
1347 460 1430 497 est.

241 531 284 574 6.
325 527 447 573 Idem
482 544 595 590 pene
629 536 698 573 est
729 542 883 582 casus,
922 525 998 590 qui
1042 536 1163 573 sexto
1204 525 1299 573 loco
1340 526 1602 591 proponitur

143 620 243 651 cum
271 601 586 666 praecedente,
613 600 815 666 adeoque
837 600 992 648 eadem
1015 601 1156 665 aptari
1189 601 1320 649 debet
1352 602 1597 666 responsio.

142 679 343 726 Ceterum
379 676 491 724 nihil
524 677 672 725 obstat
703 678 813 742 quin
846 676 1009 742 aliquis
1033 677 1092 724 sit
1120 677 1308 741 incapax
1341 678 1602 726 sacramenti

143 753 444 818 suscipiendi,
473 763 515 800 et
538 753 680 818 possit
702 753 990 801 nihilominus
1025 753 1149 800 alteri
1179 765 1501 802 sacramentum
1524 754 1604 802 ad-

143 829 410 878 ministrare.
434 829 484 875 Id
514 840 634 893 patet
656 846 708 876 ex
731 829 922 877 adducto
955 828 1155 893 exemplo
1187 828 1414 893 baptismi.
1444 829 1605 895 Utique

143 905 290 968 agitur
312 904 369 952 de
392 915 668 952 sacramento
702 905 759 951 ad
793 904 980 952 salutem
1014 904 1290 961 necessario,
1327 921 1428 952 cum
1461 906 1607 968 agitur

144 982 201 1029 de
222 981 468 1046 baptism03
506 981 585 1028 sed
620 980 694 1028 hic
725 980 871 1043 agitur
903 980 959 1027 de
992 991 1267 1029 sacramento
1300 980 1371 1027 sui
1404 981 1601 1045 generis,

143 1058 262 1123 quod
282 1057 503 1122 sequitur,
524 1067 574 1105 ut
591 1056 720 1104 toties
743 1056 1062 1104 inculcavimus
1076 1093 1086 1113 ,
1109 1066 1311 1105 naturam
1333 1067 1601 1106 contractus.

241 1135 285 1180 7.
325 1132 658 1196 Argumentum,
680 1132 800 1197 quod
818 1132 1005 1197 septimo
1028 1130 1123 1180 loco
1144 1132 1325 1180 affertur
1340 1171 1350 1189 ,
1377 1133 1603 1199 quodque,

145 1221 194 1258 ut
224 1210 373 1267 aiunt,
406 1208 554 1256 Canus
582 1210 737 1273 paucis
761 1218 807 1256 αι
831 1209 1020 1272 enerqice
1042 1208 1259 1266 ostendit,
1297 1208 1386 1257 iam
1418 1209 1609 1258 solverat

143 1286 264 1334 card.
301 1285 620 1341 Bellarminus,
658 1285 736 1349 qui
769 1285 1079 1333 animadvertit
1108 1284 1171 1332 nil
1203 1285 1364 1333 mirum
1397 1302 1499 1334 esse
1518 1323 1529 1342 ‚
1568 1287 1607 1334 si

146 1372 467 1411 sacramentum
499 1361 766 1409 matrimonii
804 1361 937 1409 etiam
963 1361 1020 1408 ab
1046 1359 1307 1409 absentibus
1340 1361 1604 1426 recipiatur,

143 1455 246 1486 cum
279 1438 336 1486 ad
370 1438 555 1486 sormam
588 1446 837 1486 contractus
872 1437 1123 1485 institutum
1149 1437 1230 1494 sit,
1267 1437 1455 1503 eiusque
1487 1447 1610 1487 natu-

147 1531 240 1562 ram
280 1523 508 1579 sequatur.
548 1514 641 1561 Iam
685 1529 789 1561 vero
830 1530 916 1561 usu
948 1523 993 1561 et
1023 1513 1341 1562 consuetudine
1385 1525 1610 1580 receptum

145 1600 238 1646 est,
276 1600 326 1637 ut
357 1599 607 1637 contractus
642 1606 721 1654 per
753 1589 922 1638 litteras
946 1599 988 1637 et
1011 1606 1090 1654 per
1112 1600 1418 1655 procuratores
1440 1591 1611 1656 passim

146 1666 269 1714 fiant.
292 1665 386 1714 Hac
408 1666 454 1712 in
479 1665 719 1731 hypothesi
743 1683 831 1714 non
855 1676 1128 1732 procurator,
1152 1666 1231 1714 sed
1248 1666 1514 1716 contrahens
1532 1685 1613 1732 per

145 1752 472 1807 procuratorem
505 1742 691 1806 gratiam
725 1752 768 1790 et
800 1753 1125 1791 sacramentum
1165 1743 1335 1808 recipit.
1374 1743 1617 1792 caietanus

146 1835 251 1867 vero
282 1836 309 1867 a
341 1819 468 1867 novis
501 1819 787 1884 opinionibus
821 1836 910 1867 non
944 1819 1054 1867 satis
1088 1819 1340 1877 abhorruit,
1378 1831 1427 1868 ut
1459 1837 1613 1868 omnes

148 1905 332 1952 norunt,
371 1913 454 1944 nec
486 1895 623 1944 semel
657 1895 742 1943 hac
774 1896 876 1960 ipsa
907 1896 965 1944 de
998 1913 1134 1944 causa
1157 1896 1202 1942 in
1224 1895 1614 1961 reprehensionem

149 1970 385 2018 multorum
415 1971 598 2028 incidit3
626 1971 689 2018 nil
723 1971 911 2036 proinde
944 1972 1104 2019 mirum
1135 1970 1277 2019 videri
1309 1970 1466 2028 debet,
1493 1971 1534 2018 si
1568 1971 1615 2019 in

150 2046 234 2095 hoc
250 2084 260 2104 ,
289 2063 377 2111 quo
409 2047 466 2094 de
497 2048 671 2110 agimus
688 2085 698 2105 ,
728 2058 985 2111 argumento
1014 2065 1042 2096 a
1066 2064 1170 2096 vero
1192 2064 1281 2095 non
1304 2063 1462 2111 parum
1486 2045 1615 2095 ablu-

151 2122 271 2170 serit.
294 2121 380 2177 Qui
406 2131 553 2169 autem
580 2121 789 2171 Caietano
819 2139 920 2171 sese
952 2132 1258 2188 opposuerunt
1279 2139 1369 2170 non
1392 2132 1497 2171 sunt
1518 2140 1617 2170 con-

153 2198 407 2262 temptibiles
431 2198 495 2244 illi
520 2197 733 2261 theologi,
758 2198 851 2263 qui
885 2198 1033 2246 stultis
1067 2197 1422 2263 turbulentisque
1452 2198 1617 2247 clamo-

152 2275 274 2322 ribus
316 2274 485 2322 alienas
526 2274 767 2322 sententias
810 2273 1007 2322 refellere
1040 2273 1333 2339 perrexerint,
1379 2284 1431 2322 ut
1467 2274 1617 2323 Canus

151 2351 369 2416 loquitur,
399 2351 478 2399 sed
513 2361 713 2398 auctores
747 2350 1023 2414 gravissimi3
1063 2367 1179 2415 quae
1210 2367 1313 2398 vero
1345 2350 1490 2398 eidem
1522 2350 1618 2398 visa

152 2436 258 2475 sunt
281 2426 501 2484 absurda,
534 2426 636 2475 aliis
670 2426 912 2491 probantur
945 2436 1170 2491 tamquam
1202 2442 1307 2475 vera
1338 2443 1392 2475 ac
1425 2426 1619 2475 rationa-

153 2502 259 2551 bilia
286 2503 402 2566 (43).
432 2502 587 2551 Exitus
622 2518 730 2550 sane
764 2501 957 2551 ostendit
988 2501 1090 2568 quis
1122 2501 1352 2550 ver-itatem
1385 2511 1618 2551 assecutus

252 2673 318 2714 (42)
338 2673 389 2706 Cf.
405 2674 548 2708 Sanchez
560 2675 624 2708 loe.
641 2674 698 2708 cit.

251 2726 317 2767 (4³)
337 2727 388 2760 ct'.
403 2729 546 2761 Sanchez
559 2730 609 2761 De
623 2730 729 2761 matr.
747 2727 804 2760 lib.
817 2729 859 2760 11.
875 2727 959 2769 disp.
977 2732 1007 2760 2.
1022 2726 1053 2768 §.
1071 2729 1122 2760 27.
1136 2726 1190 2759 ubi
1202 2725 1388 2767 quindecim
1401 2727 1549 2760 auctores
1563 2735 1622 2769 pro

157 2779 218 2811 hac
231 2779 389 2811 sententia
399 2782 558 2821 recenset3
572 2780 693 2821 quihus
706 2780 815 2821 plures
829 2780 912 2813 alios
925 2779 1044 2814 adiecit
1058 2779 1177 2821 Kugler
1191 2778 1224 2812 iu
1238 2787 1292 2822 op.
1307 2780 1358 2813 Dc
1371 2781 1476 2813 maer.
1493 2788 1527 2814 n.
1548 2781 1620 2813 423.

157 2831 233 2864 item
247 2831 395 2864 Garriere
406 2840 461 2873 op.
475 2832 531 2865 cit.
547 2832 633 2865 Part.
646 2834 703 2865 111.
717 2841 788 2873 cap.
802 2833 827 2864 1.
839 2831 869 2873 ς.
886 2832 927 2865 11.

1540 2907 1561 2938 9
