1912 3180
278 189 365 235 35⁶
540 204 619 234 ΜΒ.
650 202 678 232 1.
708 200 819 231 SECT.
850 199 1020 231 ALTERA.
1051 199 1102 230 DE
1136 200 1311 232 numu.
1341 201 1481 234 cwlm.

273 281 635 330 contrahentibus
669 278 848 341 exigant
877 277 1192 324 documentum
1224 277 1281 324 de
1311 288 1412 325 actu
1440 279 1563 326 civili
1599 297 1746 329 coram

273 354 603 419 magistratibus
640 352 888 409 celebrato,
929 364 1058 417 prout
1091 353 1137 399 in
1171 353 1398 401 nonnullis
1433 354 1602 403 Galliae
1625 356 1750 404 dioe-

274 431 450 480 cesibus
479 447 532 477 ac
566 429 807 494 provinciis
832 429 928 477 fieri
953 431 1184 484 consuevit
1211 430 1269 478 ad
1299 431 1629 496 praecavendas
1653 450 1750 481 mo-

275 507 449 562 lestias,
489 505 529 552 si
564 522 696 553 secus
733 504 857 553 fieret
879 506 996 567 (22).
1021 505 1141 551 Nihil
1175 506 1354 553 demum
1388 507 1600 573 impedit,
1639 526 1751 574 quo-

273 584 420 630 minus
459 582 615 647 poenis
650 581 892 629 multentur
926 582 1002 645 qui
1039 581 1158 629 civili
1190 582 1276 645 legi
1304 599 1393 630 non
1423 583 1743 649 obtemperent,

273 676 387 723 quae
421 656 544 705 iubet
577 657 788 720 coniuges
826 675 875 707 se
908 657 1066 704 sistere
1109 673 1256 703 coram
1303 658 1421 705 civili
1465 658 1613 708 iudice
1652 661 1748 708 sive

274 745 376 782 ante
399 734 495 782 sive
518 745 621 798 post
643 733 982 781 celebrationem
1017 732 1212 796 coniugii
1237 733 1293 781 ad
1319 733 1506 782 sormam
1531 752 1557 782 a
1579 735 1748 784 triden-

271 813 364 859 tino
400 811 743 875 praescriptam.

368 886 441 933 Sic
470 896 591 934 sarta
622 895 738 933 tecta
774 887 871 931 iura
904 883 1050 931 civilis
1085 885 1315 948 regiminis
1344 896 1389 933 et
1414 886 1631 934 ecclesiae
1656 904 1751 936 ser-

273 973 503 1020 varentur,
532 980 613 1010 nec
635 962 729 1009 ulla
752 961 1048 1008 intercederet
1081 962 1379 1009 conscientiae
1413 962 1631 1011 libertatis
1656 964 1751 1012 vio—

273 1040 407 1096 latio;
446 1039 553 1104 quia
586 1039 858 1103 quicumque
903 1036 1162 1101 religionem
1209 1039 1444 1102 positivam
1490 1040 1746 1104 profitetur,

275 1115 406 1165 debet
443 1113 646 1178 religioni
680 1130 789 1160 suae
821 1113 1120 1160 conformari
1109 1131 1155 1160 1n
1185 1113 1357 1162 actibus
1393 1114 1639 1178 religiosis,
1672 1133 1751 1163 cu-

277 1176 471 1238 iiismodi
505 1201 574 1237 est
606 1189 898 1237 christianum
935 1190 1207 1253 coniugium

368 1265 569 1313 Ceterum
604 1264 903 1313 conscientiae
937 1264 1120 1313 libertas
1154 1283 1242 1312 non
1267 1276 1336 1313 est
1359 1266 1446 1313 nisi
1472 1266 1750 1324 velamen'ac

273 1351 525 1406 praetextus
550 1340 810 1388 condendae
835 1340 947 1403 legis
978 1340 1114 1388 huius
1129 1379 1139 1396 ,
1167 1340 1552 1407 legislatoresque,
1573 1342 1630 1389 de
1653 1343 1754 1407 qui-

272 1419 356 1466 bus
384 1419 581 1482 agimus,
610 1417 760 1464 minus
795 1417 974 1473 dicunt,
1010 1434 1147 1481 quam
1183 1418 1330 1482 reipsa
1363 1417 1612 1466 intendant.
1640 1418 1752 1466 Vera

276 1495 388 1542 ratio
431 1506 525 1551 est,
563 1494 671 1558 quia
705 1493 794 1558 ipsi
830 1494 1160 1541 matrimonium
1196 1494 1344 1558 quoad
1380 1511 1508 1541 suam
1542 1494 1753 1542 substan-

277 1573 381 1618 tiam
416 1588 504 1618 non
539 1581 743 1635 spectant
777 1570 865 1617 nisi
900 1571 962 1617 uti
1006 1588 1098 1617 rem
1143 1570 1324 1617 omnino
1370 1570 1574 1628 civilem,
1622 1571 1752 1619 cuius

274 1647 461 1711 proinde
494 1647 731 1711 dispositio
767 1646 900 1712 plena
935 1663 986 1693 ac
1021 1647 1190 1710 integra
1214 1646 1270 1693 ad
1296 1646 1424 1694 civile
1456 1647 1681 1710 regimen,
1710 1658 1753 1695 et

274 1723 456 1788 quidem
489 1722 712 1770 exclusive
746 1723 979 1787 pertineat.
1023 1722 1118 1770 Hac
1159 1722 1216 1770 de
1245 1740 1382 1770 causa
1422 1723 1492 1771 ius
1523 1723 1753 1771 vindicant

275 1798 394 1846 civili
428 1798 522 1847 soro
557 1799 782 1846 statuendi
815 1798 1135 1863 impedimenta
1160 1800 1347 1864 quaevis
1370 1799 1645 1856 dirimentia;
1682 1800 1752 1847 ius

276 1874 332 1921 ad
366 1874 514 1939 ipsum
548 1885 756 1922 revocant
790 1873 1019 1921 iudicandi
1052 1873 1111 1920 de
1143 1875 1291 1921 causis
1324 1875 1751 1932 matrimonialibus,

276 1951 541 1999 decernendi
576 1951 768 1998 divortia
803 1950 981 2015 aliaque
1010 1951 1283 2015 praestandi,
1311 1962 1441 2016 prout
1466 1951 1553 1999 sibi
1587 1951 1752 1999 bonum

277 2028 423 2074 visum
470 2027 614 2074 fuerit.
664 2026 757 2074 Hac
805 2026 861 2074 de
900 2044 1036 2074 causa
1075 2037 1119 2073 et
1158 2026 1202 2072 in
1250 2027 1454 2074 eumdem
1496 2026 1628 2074 finem
1663 2043 1752 2074 non

277 2103 406 2151 modo
439 2103 746 2166 distinguunt,
778 2103 858 2151 sed
886 2103 1020 2167 plane
1054 2103 1313 2168 discerpunt
1342 2114 1613 2151 contractum
1649 2120 1754 2152 con-

279 2179 470 2242 iugalem
495 2197 522 2226 a
545 2190 820 2226 sacramento
836 2218 845 2234 ‚
874 2197 972 2236 seu,
997 2190 1046 2226 ut
1069 2180 1158 2243 ipsi
1183 2178 1445 2244 loquuntur,
1476 2197 1503 2226 a
1525 2196 1754 2227 consecra-

278 2256 395 2302 tione
424 2255 660 2319 religiosa,
697 2273 833 2321 quam
865 2256 998 2302 unice
1027 2255 1243 2303 ecclesiae
1277 2255 1506 2302 dimittunt
1529 2273 1619 2303 una
1653 2272 1753 2303 cum

279 2331 554 2396 inspectione
577 2332 698 2379 circa
721 2332 1041 2397 dispositiones
1059 2331 1118 2379 ad
1137 2342 1461 2379 sacramentum
1485 2331 1567 2378 rite
1590 2330 1753 2378 obeun-

279 2406 400 2452 dum.
441 2407 508 2454 En
543 2407 653 2472 quid
687 2408 760 2454 isti
796 2407 934 2456 velint
962 2445 971 2465 ‚
1018 2418 1147 2472 prout
1180 2425 1233 2454 ex
1264 2407 1409 2472 ipsius
1441 2405 1552 2469 legis
1600 2405 1751 2453 oblato

280 2481 502 2530 schemate
537 2494 734 2540 constat,
774 2501 826 2532 ac
859 2501 947 2531 non
982 2484 1114 2548 pauci
1150 2494 1346 2531 oratores
1370 2493 1414 2531 et
1437 2481 1628 2529 ministri
1664 2481 1751 2546 ipsi

281 2558 389 2620 regii
414 2559 460 2606 in
483 2560 676 2608 comitiis
705 2560 956 2625 subalpinis
989 2559 1270 2608 declararunt
1291 2560 1407 2622 (23).
1433 2558 1634 2622 Idipsum
1659 2558 1749 2606 iam

381 2662 446 2702 (22)
468 2665 536 2696 Hoc
551 2665 656 2706 ipsum
671 2665 885 2698 constitutum
906 2666 955 2698 est
974 2665 1009 2697 iu
1030 2664 1196 2706 aliquibus
1216 2663 1363 2697 conciliis
1384 2663 1654 2705 provincialibus,
1669 2672 1753 2706 quae

284 2714 319 2746 in
343 2714 448 2747 Gallia
463 2717 555 2749 annis
569 2717 790 2760 superioribus
804 2718 967 2752 celebrata
983 2719 1070 2751 sunt.

379 2767 445 2807 (23)
463 2769 513 2800 cs.
529 2772 654 2803 senato
675 2771 733 2803 del
752 2779 867 2812 reyno.
890 2772 1031 2804 Tor-nata
1052 2770 1104 2804 dei
1133 2776 1180 2804 18.
1202 2769 1346 2803 Dicemb.
1365 2778 1436 2810 pag.
1453 2774 1523 2803 20³.
1547 2770 1610 2803 col.
1628 2775 1656 2803 3.
1676 2771 1754 2803 item

283 2828 355 2861 pag.
374 2824 444 2854 204.
463 2824 524 2854 etc.
