1912 3180
374 224 464 255 cn.
484 222 529 254 11.
548 222 599 253 DE
626 222 749 253 MATR.
772 222 855 253 CIV.
886 222 997 254 oum.
1022 222 1070 253 ΕΤ
1101 222 1246 254 motin.
1267 223 1359 253 ΛΒΤ.
1379 223 1407 253 1.
1546 207 1634 252 263

167 299 383 357 trimonii,
422 311 465 347 et
498 300 780 365 nuptiarum,
820 300 851 345 l.
882 301 960 345 10.
990 300 1064 346 hoc
1100 301 1166 346 tit.
1194 310 1234 346 et
1266 300 1413 346 Instit.
1445 299 1495 346 de
1513 310 1635 363 patr.

158 386 251 439 pot.
280 393 334 423 ex
369 392 456 440 quo
489 375 584 422 loco
619 375 751 420 etiam
787 374 1060 420 consortium
1094 375 1240 422 omnis
1275 375 1392 422 vitae
1426 374 1641 439 interpre-

164 452 247 498 tari
283 452 385 498 licet
406 489 416 506 ,
454 450 731 497 individuam
764 448 880 495 vitae
913 450 1281 498 consuetudinem
1302 489 1312 507 ,
1362 451 1483 516 quod
1525 451 1640 498 vitae

162 528 418 575 societatem
434 563 444 582 ,
473 526 554 588 leq.
581 526 635 571 Si
654 541 813 570 reram.
837 524 901 569 De
924 541 969 569 re
999 525 1090 570 iud.
1109 525 1140 571 l.
1166 528 1210 572 1.
1235 527 1335 573 Ber.
1364 536 1495 573 amot.
1518 526 1639 591 quod

162 601 526 650 Alicarnassaeus
569 591 662 645 {wi
694 592 885 660 ωολλῇ
921 593 1193 646 συνελθεῖν
1230 592 1395 664 τύχῃ,
1430 602 1507 649 ubi
1532 620 1639 650 uxo-

162 695 254 725 rem
287 678 420 725 etiam
454 677 561 724 facit
594 667 824 721 κοινωνόν
864 666 1109 720 ἁπάντων
1143 669 1420 739 χρημάτων
1456 692 1507 722 τε
1547 670 1630 723 καὶ

166 747 343 819 ἱερῶν,
379 753 495 801 idest
527 770 748 800 sacrorum
780 754 962 806 sociam,
1002 769 1134 816 quam
1169 752 1333 809 divini,
1371 766 1414 800 et
1450 754 1635 801 humani

161 831 278 878 iuris
311 830 735 877 communicationem
768 828 1041 876 Modestinus
1073 839 1221 884 vocat,
1250 840 1293 876 et
1322 830 1428 894 imp.
1453 831 1638 877 Gordia-

162 924 245 954 nus
270 906 476 953 similiter
500 905 669 952 sociam
695 905 757 951 rei
789 905 1031 960 humanae,
1059 915 1192 968 atque
1215 903 1419 962 divinae,
1457 906 1637 953 domum

161 983 332 1047 suscipi
362 984 451 1044 (8).
474 983 555 1029 Est
577 991 722 1028 autem
747 981 898 1028 titulus
924 981 997 1027 hic
1019 981 1083 1027 De
1105 982 1195 1027 ritu
1216 983 1489 1045 nuptiarum,
1518 981 1637 1046 quod

160 1058 413 1124 pontificale
441 1057 625 1105 verbum
650 1068 741 1113 est;
771 1075 873 1105 nam
898 1068 940 1104 et
963 1075 1077 1122 quas
1112 1057 1180 1104 sas
1213 1068 1331 1105 esset
1364 1058 1496 1115 duci,
1527 1075 1638 1121 pon-

161 1134 329 1181 tificum
365 1134 587 1181 notionem
623 1133 763 1180 fuisse
797 1132 1087 1195 intelligimus
1122 1150 1174 1179 ex
1204 1133 1353 1180 Tacito
1371 1134 1406 1178 Ι.
1429 1143 1472 1179 et
1493 1133 1635 1180 Dione

164 1210 372 1266 XLvlll.,
396 1227 486 1274 qua
510 1210 612 1256 item
638 1209 931 1262 solemnitate,
958 1208 1077 1255 velut
1100 1208 1366 1255 deductione
1389 1208 1435 1254 in
1459 1207 1637 1255 domum

162 1287 336 1343 mariti,
365 1297 408 1333 et
431 1303 594 1350 aquae,
636 1286 842 1350 ignisque
875 1285 1147 1350 praelatione
1169 1295 1212 1332 et
1234 1285 1489 1349 acceptione
1511 1287 1574 1347 (9)
1588 1305 1630 1331 .»

160 1363 385 1410 Hactenus
422 1362 603 1427 quidem
645 1361 844 1408 eruditus
878 1371 1044 1408 auctor.
1086 1361 1150 1406 Ex
1183 1377 1271 1425 quo
1310 1359 1526 1407 discimus
1560 1360 1630 1408 vel

159 1438 216 1484 ab
250 1438 363 1503 ipsis
399 1437 572 1500 legibus
609 1436 804 1484 romanis
840 1436 1169 1482 matrimonium
1211 1445 1455 1500 spectatum
1492 1435 1633 1482 fuisse

161 1515 223 1562 uti
259 1532 351 1562 rem
386 1530 584 1569 sacram,
625 1529 676 1559 ac
710 1512 963 1574 religiosam
986 1513 1103 1573 (10).

258 1592 347 1637 Nec
376 1590 563 1645 mirum,
600 1588 822 1653 siquidem
848 1588 904 1634 ab
934 1587 1273 1635 immemorabili
1311 1605 1446 1652 penes
1480 1605 1634 1635 omnes

162 1665 348 1730 populos
386 1682 540 1730 persas
559 1702 569 1721 ,
613 1663 842 1747 aegyptios
866 1679 1100 1725 ,graecos
1134 1673 1177 1709 et
1212 1680 1416 1710 romanos
1452 1663 1633 1727 nuptiae

158 1741 243 1789 sub
283 1740 514 1804 religionis
554 1739 755 1803 auspicio
797 1737 1069 1785 caelebratae
1096 1748 1215 1785 sunt.
1247 1737 1528 1803 Quamquam
1564 1756 1634 1785 res

156 1817 391 1864 notissima
416 1817 473 1863 sit
490 1854 499 1872 ,
528 1832 580 1862 ac
603 1814 881 1861 documentis
914 1813 1179 1860 certissimis
1204 1813 1514 1877 comprobata,
1544 1831 1631 1860 non

158 1891 397 1939 abnuimus
423 1890 682 1955 speciminis
708 1889 863 1936 saltem
888 1889 1030 1951 gratia
1053 1889 1266 1935 nonnulla
1289 1889 1448 1935 afferre
1467 1889 1524 1936 ad
1549 1889 1633 1936 hu—

160 1968 230 2014 ius
250 1967 311 2013 rei
329 1965 723 2014 confirmationem.
743 1966 851 2011 Nam
876 1963 1023 2011 nullae
1046 1964 1226 2028 nuptiae
1250 1964 1490 2011 nobiliores
1515 1975 1631 2011 certe

159 2060 210 2091 ac
243 2043 464 2107 legitimae
495 2041 673 2098 fiebant,
704 2040 791 2088 nisi
817 2039 1031 2087 adhibitis
1066 2039 1375 2104 aruspicibus,
1417 2051 1526 2087 teste
1559 2041 1632 2087 Iu-

255 2192 300 2232 (8)
322 2192 362 2223 Et
376 2190 428 2222 hic
443 2189 587 2222 attendat
601 2190 656 2221 cit.
668 2189 814 2221 eruditus
829 2191 981 2229 Senator,
1001 2197 1066 2220 non
1089 2187 1194 2219 solum
1212 2187 1254 2219 ab
1270 2186 1363 2219 initio
1378 2186 1433 2219 sed
1448 2187 1545 2219 etiam
1562 2187 1629 2219 sub

157 2246 316 2286 imperio,
333 2246 454 2276 Romae
469 2242 654 2283 coniugium
669 2242 816 2273 habitum
832 2242 931 2274 fuisse
952 2243 1119 2281 tamquam
1136 2249 1203 2272 rem
1225 2248 1364 2278 sacram,
1382 2248 1456 2272 cum
1473 2239 1629 2285 iurispru·

156 2297 266 2330 dentia
293 2306 388 2329 suum
417 2296 622 2337 perfectionis
649 2295 772 2336 apicem
799 2294 957 2335 attigisset
980 2303 1076 2334 penoe
1097 2302 1257 2325 romanos.

249 2349 295 2390 (9)
316 2351 379 2381 lac.
400 2348 543 2380 Cuiaccii
558 2347 737 2379 Paramla
754 2348 790 2378 in
811 2346 916 2378 libros
929 2347 1184 2387 quinquaqinta
1196 2345 1317 2385 diqest.
1334 2344 1390 2376 lib.
1407 2346 1507 2377 xxn.
1519 2345 1570 2377 tit.
1586 2346 1627 2377 ll.

154 2404 204 2435 De
220 2404 295 2435 ritu
312 2403 477 2442 Nuptiar.
495 2403 578 2441 opp.
592 2400 671 2431 edit.
685 2399 775 2431 Paris
794 2402 880 2431 1617
895 2400 974 2430 tom.
991 2399 1016 2429 Ι.
1033 2398 1096 2430 col.
1115 2402 1186 2430 522.

250 2454 315 2494 (ιο)
338 2452 608 2492 Quandoquidem
631 2459 709 2483 vero
723 2451 892 2483 Cuiaccius
915 2450 949 2482 in
967 2450 1023 2482 cit.
1040 2450 1102 2481 loc.
1119 2450 1225 2481 solum
1239 2449 1395 2480 indicavit
1411 2450 1627 2482 textusTaciti

152 2515 191 2538 ac
203 2506 332 2546 Dionis,
349 2506 407 2538 abs
421 2514 454 2537 re
470 2514 534 2536 non
547 2505 608 2537 erit
622 2504 692 2536 beic
706 2504 850 2545 ipsorum
864 2503 963 2535 verba
977 2503 1168 2535 describere.
1182 2502 1346 2542 sicigitur
1356 2502 1487 2534 Tacitus
1498 2502 1625 2534 Annal.

158 2558 214 2590 lib.
231 2559 257 2590 1.
274 2562 322 2590 10.
335 2557 468 2598 Augusti
494 2556 677 2588 simulatam
703 2555 818 2596 agendi
842 2555 999 2587 rationem
1018 2554 1138 2595 aperit,
1153 2554 1282 2586 dicens:
1309 2553 1482 2587 «Abducta
1493 2554 1629 2586 Neronis

153 2618 252 2641 uxor:
269 2611 303 2642 et
321 2609 474 2642 consulti
495 2617 561 2650 per
588 2607 783 2640 ludibrium
807 2607 1005 2648 pontifices,
1021 2615 1062 2637 an
1076 2607 1249 2647 concepto,
1264 2614 1306 2638 ne
1319 2606 1398 2637 dum
1412 2604 1499 2637 edito
1514 2606 1625 2646 partu,

154 2663 222 2694 rite
234 2662 411 2695 nuberet.»
422 2664 492 2694 Non
506 2661 547 2694 ad
563 2662 710 2695 senatum
723 2663 886 2702 Augustus
898 2669 932 2692 se
947 2659 1045 2691 vertit
1059 2659 1092 2690 in
1104 2667 1201 2691 causa
1214 2658 1372 2698 coniugii,
1387 2657 1443 2690 sed
1457 2657 1500 2690 ad
1521 2658 1625 2699 ponti-

155 2713 242 2745 fices.
256 2713 408 2746 Eamdem
420 2713 599 2754 iisdemque
618 2722 698 2754 pene
717 2712 825 2744 verbis
848 2721 915 2744 rem
940 2711 1036 2744 refert
1059 2710 1119 2742 Dio
1137 2726 1140 2730 ·
1161 2710 1292 2743 Cassius
1304 2711 1396 2742 ,Hi-st.
1410 2709 1467 2742 lib.
1481 2711 1623 2742 vaui.

153 2773 186 2796 n.
197 2766 248 2796 44.
261 2765 460 2807 ·Ambigenti
474 2766 602 2798 caesari
617 2774 655 2797 ac
668 2766 861 2797 sciscitanti
877 2772 899 2796 a
910 2762 1134 2804 pontificibus
1147 2762 1195 2794 sas
1207 2771 1248 2795 ne
1261 2761 1323 2795 sibi
1337 2763 1436 2804 essct,
1453 2771 1523 2795 eam
1536 2771 1625 2804 prae-

154 2819 302 2855 gnantem
317 2817 435 2851 ducere
445 2843 454 2858 ,
473 2827 661 2860 responsum
677 2819 725 2850 est
740 2818 823 2849 etc.»
