1912 3180
266 187 355 233 414
517 200 597 231 un.
627 199 655 229 1.
686 197 800 229 sacr,
828 197 1001 227 Auum.
1030 196 1082 227 nr
1107 196 1281 228 numu.
1311 196 1452 228 elvm.

357 278 558 326 Ceterum
591 274 755 323 veritas
794 273 1009 322 historica
1041 273 1195 330 docet,
1224 274 1345 338 quod
1380 291 1481 321 cum
1507 274 1732 324 Lotharin-

261 356 360 418 gius
388 370 441 400 ex
470 350 590 414 regis
625 349 696 397 sui
731 349 997 397 demandato
1025 349 1258 414 proposuit
1280 349 1469 397 concilio
1493 350 1733 400 tridentino

262 427 550 475 irritationem
595 425 793 488 coniugii
838 424 1104 473 clandestini
1129 463 1138 482 ,
1188 425 1390 472 nonnulli
1431 443 1484 473 ex
1527 425 1731 492 patribus

262 521 311 552 se
336 522 386 552 se
409 512 738 568 opposuerunt,
767 519 819 549 eo
843 501 962 566 quod
987 501 1203 549 hactenus
1234 500 1423 548 ecelesia
1455 501 1611 549 illicita
1632 504 1733 567 qui-

262 580 363 628 dem
403 578 609 626 habuerit
653 577 871 625 eiusmodi
913 577 1146 640 coniugia,
1185 587 1319 642 atque
1353 576 1409 623 ab
1443 577 1509 624 eis
1554 595 1731 642 semper

262 656 566 712 abhorruerit,
594 664 736 720 eaque
759 654 975 702 detestata
1004 654 1089 710 sit,
1118 663 1311 702 attamen
1341 672 1429 703 non
1464 655 1726 711 irritaverit,

266 732 468 797 adeoque
498 730 613 778 nihil
641 748 743 778 esse
771 730 856 777 hac
880 730 925 776 in
950 747 996 776 re
1020 729 1339 777 innovandum.
1367 730 1587 778 Nonnulli
1608 748 1733 795 prae-

261 820 381 857 terea
403 807 815 856 animadvertebant
832 807 877 852 in
896 805 1102 869 coniugio
1120 806 1465 854 christianorum
1489 807 1608 854 idem
1631 823 1733 855 esse

261 895 535 934 contractum
565 895 608 932 et
635 893 960 932 sacramentum
979 921 988 939 ,
1018 882 1205 948 proinde
1228 900 1317 930 non
1342 900 1475 947 posse
1498 882 1732 930 ecclesiam

261 962 433 1010 irritare
476 971 748 1009 contractum
783 960 890 1025 quin
915 959 1107 1007 irritaret
1130 969 1457 1007 sacramentum
1486 961 1603 1022 (98).
1649 959 1730 1006 Ηὶ3

261 1055 391 1103 porro
431 1037 624 1102 aliisque
670 1036 776 1083 hinc
821 1035 926 1083 inde
958 1035 1208 1092 discussis,
1245 1035 1423 1082 tandem
1458 1045 1605 1101 patres
1629 1052 1730 1083 cum

265 1114 517 1180 pluralitate
553 1112 865 1176 suffragiorum
897 1122 1113 1160 venerunt
1147 1112 1204 1158 ad
1245 1112 1467 1159 edendum
1506 1111 1730 1159 decretum

261 1189 318 1236 de
350 1188 730 1237 clandestinorum
754 1188 1059 1252 coniugiorum
1085 1188 1327 1236 irritatione
1350 1190 1467 1250 (99).

358 1265 490 1312 Aliud
521 1264 707 1312 oratoris
743 1277 936 1311 erratum
962 1275 1056 1321 est,
1085 1263 1323 1312 concilium
1349 1263 1637 1310 tridentinum
1664 1263 1735 1309 in—

261 1342 444 1390 ductum
462 1360 507 1407 p.
525 1341 751 1405 Campegii
772 1341 1158 1388 animadversione
1171 1379 1180 1396 ,
1202 1341 1443 1387 seiunoeisse
1460 1348 1732 1386 contractum

263 1436 290 1467 a
307 1428 601 1474 sacramento,
623 1435 677 1465 ex
695 1435 783 1482 quo
802 1417 900 1481 ipse
918 1417 1071 1464 edocet
1089 1417 1210 1463 iuxta
1227 1415 1480 1472 concilium,
1499 1414 1733 1480 potestatis

263 1495 409 1544 civilis
433 1512 533 1542 esse
557 1494 771 1557 attingere
793 1504 1065 1541 contractum
1089 1493 1376 1548 matrimonii,
1404 1492 1735 1539 ecclesiasticae
1805 1509 1810 1514 ·

264 1588 367 1619 vero
403 1570 618 1633 attingere
653 1579 991 1618 sacramentum.
1028 1568 1155 1624 Quod
1190 1568 1371 1633 quidem
1406 1567 1731 1615 alienissimum

264 1646 347 1694 fuit
380 1656 473 1693 tum
508 1664 534 1693 a
568 1656 714 1693 mente
740 1645 995 1709 Campegii,
1025 1655 1116 1691 tum
1152 1662 1179 1690 a
1211 1654 1357 1690 mente
1381 1642 1583 1699 concilii,
1612 1641 1730 1707 quod

264 1722 385 1770 illius
410 1722 621 1769 rationem
649 1721 866 1786 probavit,
885 1722 974 1769 imo
991 1731 1034 1768 et
1057 1731 1256 1768 secutum
1282 1730 1364 1767 est.
1387 1719 1606 1775 Quoniam
1628 1735 1733 1766 vero

264 1809 410 1847 orator
443 1808 594 1846 noster
626 1797 932 1844 difficultatem
962 1797 1078 1844 hanc
1112 1806 1339 1843 mutuatus
1375 1806 1443 1843 est
1476 1813 1503 1842 a
1536 1794 1732 1842 Launoio

264 1874 448 1941 perinde
477 1892 530 1922 ao
561 1873 848 1921 difficultates
876 1873 1072 1938 reliquas
1097 1891 1210 1938 quas
1236 1873 1283 1919 in
1307 1890 1390 1920 sua
1413 1871 1733 1937 disceptatione

264 1952 517 2015 congessit,
546 1969 634 1998 non
664 1950 744 1998 abs
778 1968 825 1997 re
859 1951 942 1997 erit
975 1950 1206 1997 desumere
1236 1949 1435 1996 eiusdem
1470 1949 1731 1997 solutionem

263 2028 320 2075 ab
345 2028 442 2076 eius
467 2028 722 2076 adversario
746 2027 823 2092 qui
853 2044 954 2074 eum
978 2026 1108 2091 plene
1132 2025 1400 2082 confutavit,
1430 2043 1590 2091 nempe
1606 2025 1734 2073 Leul-

264 2104 417 2161 lierio,
458 2104 536 2169 qui
571 2103 644 2151 his
685 2103 834 2151 verbis
870 2120 970 2150 eum
1005 2101 1178 2150 refellit.

364 2200 387 2226 «
407 2180 568 2228 Verum
598 2179 779 2245 quidem
807 2190 899 2236 est,
928 2179 1047 2245 quod
1082 2196 1183 2227 cum
1218 2177 1430 2225 Camillus
1466 2178 1732 2243 Campegius

266 2255 577 2304 dominicanus
612 2256 728 2303 hanc
762 2256 975 2303 rationem
1009 2254 1211 2302 irritandi
1245 2253 1525 2301 matrimonia
1553 2253 1732 2301 clande-

266 2332 408 2390 stina,
442 2342 608 2380 mutata
642 2331 823 2379 minime
859 2331 1123 2379 sacramenti
1153 2341 1328 2387 natura,
1350 2329 1483 2394 paulo
1507 2338 1607 2376 ante
1636 2346 1732 2394 pro·

361 2455 426 2496 (98)
446 2455 523 2490 Vid.
539 2455 729 2488 Pallavicin.
752 2455 843 2487 Dell¹
854 2456 976 2487 istoria
993 2454 1051 2486 del
1066 2454 1211 2486 concilio
1229 2454 1266 2487 di
1285 2455 1408 2490 Tremo
1424 2453 1479 2486 lib.
1495 2454 1595 2485 xxn.
1612 2460 1684 2493 cap.
1699 2454 1729 2485 4.

270 2510 357 2541 luter
378 2510 501 2542 ceteros
512 2509 557 2541 ita
570 2508 791 2540 disseruerunt
804 2510 851 2540 Io.
867 2508 1045 2549 Trivigiani
1061 2507 1242 2548 patriarcha
1250 2508 1363 2540 Venet.
1377 2508 1409 2539 et
1423 2507 1579 2546 castagna
1593 2505 1733 2546 archiep.

269 2569 448 2594 rossanen&
464 2561 522 2602 qui
535 2561 703 2593 dixerunt:
716 2562 805 2593 «Non
818 2561 936 2601 potersi
950 2561 998 2593 far
1012 2560 1103 2592 nullo
1118 2560 1193 2601 quel
1207 2561 1407 2592 sacramento
1418 2583 1428 2598 ,
1444 2558 1467 2590 il
1484 2558 1580 2599 quale
1593 2557 1635 2589 ha
1646 2558 1731 2590 tutta

268 2613 300 2645 la
317 2622 375 2645 sua
388 2622 535 2654 essenza,
559 2613 681 2646 benche
703 2613 746 2654 gli
767 2613 940 2645 manchino
963 2613 992 2645 le
1016 2612 1136 2644 dovute
1160 2612 1415 2644 solennita...0r
1435 2609 1641 2643 consistendo
1655 2610 1731 2643 Ρω-

268 2673 362 2698 senza
377 2666 429 2698 del
445 2666 651 2698 matrimonio
666 2666 716 2698 nel
730 2668 843 2698 mutuo
857 2665 1111 2698 consentimento
1129 2665 1297 2706 sensibile,
1317 2673 1335 2697 e
1355 2660 1591 2696 richiedendosi
1615 2663 1636 2695 l'
1650 2663 1731 2696 altre

267 2717 424 2749 solennita
437 2727 457 2749 o
471 2727 528 2759 per
541 2718 659 2751 decoro
671 2727 691 2750 o
705 2726 760 2759 per
774 2727 891 2759 prove,
907 2718 930 2750 il
943 2718 1056 2751 diretto
1069 2717 1102 2749 di
1117 2726 1186 2750 esse
1200 2726 1264 2750 non
1278 2717 1343 2757 puo
1352 2717 1438 2748 torre
1452 2716 1474 2747 il
1490 2716 1632 2756 valui-ep»
1644 2716 1731 2749 etsie

270 2778 335 2801 non
348 2769 404 2802 alii
418 2771 511 2811 pauci
526 2771 755 2803 disseruerunt.

367 2822 433 2862 (⁹9)
452 2822 535 2855 lbid.
551 2823 607 2855 lib.
622 2825 738 2855 xxln.
755 2833 825 2864 cap.
843 2828 860 2856 5
874 2825 906 2856 et
921 2829 950 2855 9.
