1912 3180
257 214 347 244 mr.
367 213 423 243 iv.
446 212 496 242 nr:
518 212 674 244 iacun.
695 213 771 243 rao
790 212 895 244 mus
911 213 964 244 m:
981 214 1315 246 una.‹:1v.1m·r.
1339 215 1400 246 111.
1507 201 1595 245 417

129 291 219 336 lam
254 307 358 337 vero
390 293 488 355 ipse
522 307 574 337 ex
610 290 782 355 tripode
816 292 1104 355 pronunciat:
1126 292 1299 339 «Unica
1323 292 1439 340 facta
1460 294 1598 340 estin

124 366 315 415 concilio
350 366 593 414 tridentino
626 367 881 430 dogmatica
915 367 1145 427 definitio,
1183 386 1343 435 nempe
1376 371 1601 417 matrimo-

125 444 250 490 nium
269 460 371 490 esse
389 454 734 500 sacramentum;
754 443 926 509 reliqua
942 446 1092 493 omnia
1109 445 1421 511 disciplinaria
1442 457 1595 494 sunt.»

122 519 191 566 Ad
226 519 338 566 haec
370 537 516 584 usque
550 530 774 585 tempora,
803 521 843 568 si
867 539 1005 568 unum
1038 523 1236 588 excipias
1269 522 1600 572 semi—luthera·

124 612 231 643 num
257 596 501 643 Launoium
535 598 684 659 (102),
718 608 762 644 et
796 597 991 662 reliquos
1024 599 1102 663 qui
1136 617 1237 646 eum
1270 600 1600 665 exscripserunt

123 688 290 737 eosque
308 673 606 736 paucissimos
626 672 852 720 sublestae
870 673 975 720 fidei
994 673 1217 731 homines,
1233 674 1450 722 creditum
1467 675 1598 722 estin

122 750 335 795 universa
363 747 554 796 ecclesia
586 748 821 796 duodecim
856 765 1049 797 canones
1083 749 1357 812 dogmaticos
1381 767 1408 797 a
1430 749 1599 797 triden-

124 824 217 872 tino
252 824 298 871 in
338 823 423 871 hac
457 841 573 872 sess.
595 824 744 870 XXIV.
779 824 922 872 editos
957 823 1115 872 fuisse.
1156 824 1284 880 Quod
1320 826 1360 872 si
1395 823 1596 874 nonnulli

122 918 175 948 ex
201 901 276 948 his
304 900 551 948 canonibus
580 900 747 948 habent
774 918 853 966 pro
882 900 1054 949 obiecto
1088 901 1314 948 materiam
1343 902 1599 967 disciplina-

121 994 236 1033 rem,
267 976 521 1024 cuiusmodi
546 988 614 1024 est
637 976 882 1025 caelibatus
918 976 1178 1025 clericorum
1200 986 1244 1025 et
1268 977 1592 1041 religiosorum,

122 1070 224 1101 cum
265 1064 413 1100 tamen
449 1053 561 1100 haec
595 1053 835 1118 disciplina
873 1053 1064 1119 pendeat
1097 1071 1124 1101 a
1156 1054 1283 1110 iure,
1322 1054 1442 1119 quod
1481 1054 1592 1103 divi-

122 1129 242 1178 nitus
276 1129 412 1176 habet
445 1130 635 1178 ecclesia
670 1130 716 1176 in
762 1130 858 1193 lege
892 1130 1133 1178 sancienda
1155 1169 1165 1186 ,
1203 1147 1397 1178 canones
1441 1148 1595 1180 omnes

121 1206 360 1269 dogmatici
390 1218 515 1264 sunt,
544 1224 651 1271 quia
674 1218 778 1254 sunt
810 1224 911 1254 cum
946 1207 1043 1254 iure
1076 1207 1231 1254 intime
1264 1208 1514 1265 coniuncti,
1543 1226 1596 1256 ac

120 1284 286 1332 directe
319 1284 390 1331 ius
425 1283 573 1348 ipsum
602 1301 654 1330 ac
683 1283 846 1346 dogma
880 1283 1080 1330 afficiunt
1110 1294 1154 1331 et
1187 1284 1407 1347 attingunt
1439 1285 1588 1346 (103).

217 1361 272 1408 Et
300 1378 410 1409 sane
439 1360 678 1408 concilium
712 1370 903 1407 mentem
938 1377 1064 1407 suam
1099 1361 1242 1425 aperit
1274 1360 1381 1407 dum
1416 1361 1595 1425 profite-

121 1449 191 1485 tur
214 1455 264 1485 se
285 1436 398 1485 velle
428 1436 642 1502 praebere
676 1437 916 1483 doctrinam
940 1435 991 1482 de
1014 1445 1279 1483 sacramento
1301 1437 1588 1490 matrimonii,

120 1525 163 1561 et
189 1514 371 1579 quidem
406 1514 463 1561 ad
503 1514 758 1577 insiqm'ores
799 1513 987 1560 haereses
1021 1522 1060 1559 et
1094 1529 1255 1559 errores
1293 1514 1523 1576 ‘impiorum
1555 1522 1595 1558 et

116 1591 485 1638 schismaticorum
529 1589 745 1636 hominum
783 1588 1128 1636 exterminandos
1167 1589 1316 1651 (104).
1357 1587 1486 1643 Quod
1521 1587 1590 1636 vel

120 1668 217 1731 ipse
249 1666 414 1714 Paulus
456 1666 641 1730 Sarpius
684 1665 888 1728 agnovit,
933 1665 1039 1711 dum
1081 1664 1298 1712 absonum
1338 1664 1481 1711 visum
1525 1664 1593 1710 fu-

118 1744 211 1792 isse
243 1743 436 1809 politicis
472 1743 602 1789 refert
631 1780 640 1799 ,
689 1741 809 1789 velut
853 1741 1087 1788 articulum
1118 1740 1223 1805 fidei
1261 1740 1390 1796 fieri,
1428 1756 1591 1787 causas

118 1819 465 1869 matrimoniales
511 1829 712 1883 spectare
753 1817 811 1864 ad
856 1817 1028 1864 iudices
1072 1816 1396 1864 ecclesiasticos
1414 1853 1424 1872 ,
1463 1827 1593 1880 prout

119 1897 283 1945 factum
327 1906 396 1944 est
439 1913 466 1942 a
507 1894 694 1943 concilio
736 1910 906 1941 canone
950 1893 1046 1939 xil.
1091 1893 1207 1955 Ergo
1251 1908 1350 1939 cum
1396 1908 1590 1939 canones

118 1973 192 2021 isti
216 1972 324 2020 editi
352 1982 479 2029 sunt,
514 1970 571 2019 ab
604 1970 812 2018 omnibus
844 1970 909 2016 uti
944 1968 1182 2032 dogmatici
1219 1967 1396 2014 suerunt
1424 1966 1582 2015 habiti.

120 2049 174 2096 Et
206 2066 308 2096 ecce
335 2065 454 2095 nunc
480 2058 659 2095 senator
690 2046 960 2094 taurinensis
986 2056 1088 2110 post
1111 2045 1194 2092 tria
1222 2061 1364 2109 eoque
1397 2043 1590 2108 amplius

120 2123 271 2171 secula
304 2141 386 2171 nos
421 2123 601 2180 edocet,
630 2123 667 2170 si
692 2140 829 2169 unum
863 2121 1081 2187 excipias,
1121 2119 1315 2185 reliquos
1344 2137 1497 2167 omnes
1522 2136 1590 2167 ca-

120 2218 259 2249 nones
294 2200 556 2248 tridentinos
587 2216 688 2247 esse
721 2198 1051 2264 disciplinares.
1075 2197 1232 2244 Verum
1257 2196 1312 2244 de
1340 2196 1423 2244 hoc
1457 2214 1588 2260 argu-

121 2288 270 2326 mento
303 2276 417 2325 alias
447 2276 609 2325 redibit
641 2292 804 2324 sermo.

213 2457 300 2497 (102)
321 2458 369 2488 De
390 2455 536 2488 Launoio
555 2456 633 2488 Viro
652 2453 886 2487 lutheranoin
902 2452 1025 2486 habitu
1041 2452 1219 2486 sorbonico
1241 2454 1436 2494 nuncupato.
1460 2452 1511 2484 cr.
1531 2454 1587 2484 Za-

114 2509 258 2542 chariam
275 2510 308 2542 in
324 2508 581 2549 Antv‘ebronio,
596 2507 648 2539 ed.
665 2512 695 2540 2.
712 2507 835 2539 cesena
850 2509 939 2539 1770.
952 2505 1180 2538 lntroduzione
1202 2514 1273 2547 cap.
1292 2507 1348 2538 vl.
1365 2505 1396 2546 §.
1413 2508 1453 2538 x.
1468 2514 1501 2547 p.
1519 2509 1589 2538 256.

116 2564 212 2596 Certe
237 2565 311 2596 Ant.
330 2563 497 2603 Reiserus,
522 2562 635 2593 auctor
656 2561 856 2601 protestans,
884 2559 1028 2599 vulgavit
1049 2558 1294 2591 Amstelodamii
1314 2567 1366 2590 an.
1391 2562 1481 2591 1685.
1507 2566 1589 2599 opus

118 2615 208 2656 quod
232 2615 413 2657 inscripsit:
433 2617 583 2647 Ioannes
603 2615 782 2646 Lauricius
804 2614 899 2645 testis
914 2614 948 2644 et
960 2610 1137 2651 consessor
1150 2612 1311 2644 veritatis
1323 2610 1588 2652 cvanyclicoaea-

119 2668 294 2710 melicae(
308 2677 422 2710 nempe
438 2668 645 2701 lutheranae
658 2666 670 2707 )
682 2668 717 2699 in
731 2665 927 2708 potioribus
934 2664 1021 2706 fidei
1035 2664 1209 2707 capitibus
1224 2665 1454 2697 controversis
1466 2664 1589 2696 contra

121 2722 308 2755 Robertum
324 2721 591 2754 Bellarminwn.

210 2775 296 2815 (103)
321 2775 366 2806 Ut
388 2775 477 2816 patet
491 2782 531 2807 ex
548 2774 669 2806 attenta
684 2772 821 2804 lectione
834 2771 969 2804 canonis
981 2772 1035 2802 lx.

215 2827 302 2868 (104)
328 2830 367 2860 In
383 2829 557 2868 prooemio
572 2835 648 2858 sess.
667 2826 779 2859 xxiv.
