1912 3180
333 191 422 236 384
618 204 697 235 mn.
728 203 757 236 1.
788 202 902 233 sncr.
933 202 1106 233 ALTERA.
1137 202 1189 233 ni:
1212 202 1387 234 numu.
1411 202 1550 235 civim.

424 281 552 328 Nulla
581 281 716 343 igitur
739 280 850 327 ratio
874 291 943 327 est
965 273 1266 345 conquerendi
1286 319 1295 337 ,
1324 281 1444 345 quod
1469 299 1579 329 rom.
1610 283 1799 346 pontifex

329 358 614 406 insurrexerit
637 357 854 404 adversus
879 357 1009 404 talem
1035 357 1174 420 legem
1195 395 1203 414 ,
1233 374 1332 404 cum
1358 357 1605 421 periculum
1631 358 1804 422 ingrue-

328 446 391 482 ret
417 434 594 499 populis
630 433 910 490 christianis,
946 451 1000 480 ne
1034 451 1087 480 ea
1126 451 1153 480 a
1188 433 1373 498 perditis
1414 433 1803 498 pseudo-politicis

328 511 497 558 eisdem
534 511 848 575 imponeretur.
873 511 987 558 Sane
1018 510 1235 575 numquid
1271 510 1687 575 reprehenderetur,
1725 512 1804 576 qui

331 588 690 635 animadvertens
725 588 981 653 quempiam
1006 605 1086 651 per
1109 604 1320 652 praeceps
1357 587 1438 634 iter
1477 588 1621 635 facere
1643 589 1689 634 in
1713 606 1803 652 quo

328 663 429 719 alii,
458 664 536 728 qui
563 675 921 729 praecesserunt,
952 663 1039 710 sibi
1070 663 1244 709 ruinam
1279 663 1556 720 conscivere,
1594 664 1804 712 clamaret

327 758 382 788 ne
407 758 455 787 se
480 740 524 787 in
553 740 670 788 idem
694 740 876 788 evidens
911 738 1154 803 periculum
1182 757 1230 786 se
1254 739 1494 787 collidendi
1520 740 1803 787 immitteret?

328 816 422 863 Hoc
457 833 591 881 porro
627 816 738 863 illud
773 827 859 872 est,
900 815 1018 880 quod
1050 815 1153 862 fecit
1177 832 1287 862 rom.
1310 816 1522 881 pontifex,
1550 816 1656 862 dum
1682 834 1734 863 se
1755 834 1804 863 se

328 891 434 939 huic
458 892 547 956 legi
573 893 795 958 opposuit.
826 892 1022 939 Profecto
1056 892 1133 956 qui
1168 891 1225 938 ob
1260 903 1556 957 peramantem
1583 892 1802 939 eiusmodi

328 968 679 1017 admonitionem
720 978 998 1033 quereretur,
1036 968 1157 1016 velut
1190 969 1419 1016 insaniens
1465 969 1698 1016 habendus
1733 987 1804 1016 es-

329 1057 422 1101 set;
472 1046 609 1092 multo
653 1063 757 1093 vero
797 1045 940 1109 magis
976 1046 1052 1110 qui
1089 1045 1173 1092 hac
1206 1045 1261 1092 de
1295 1062 1431 1092 causa
1464 1045 1680 1093 adversus
1713 1045 1803 1093 sol-

326 1122 502 1169 licitum
547 1122 799 1186 pontificem
842 1122 988 1185 iurgia
1030 1132 1249 1178 moveret,
1296 1133 1424 1187 prout
1458 1140 1483 1169 a
1517 1139 1605 1169 non
1647 1123 1804 1186 paucis

329 1198 494 1244 factum
525 1208 593 1244 est
626 1197 792 1260 insigni
828 1197 988 1261 ingrati
1023 1198 1160 1244 animi
1196 1209 1315 1245 nota.

429 1272 631 1320 Ceterum
656 1290 744 1320 non
768 1274 900 1321 modo
925 1274 1146 1338 principio
1170 1274 1312 1337 logice
1336 1274 1532 1322 absurdo
1557 1275 1805 1322 innituntur

329 1349 703 1414 pseudo-politici,
743 1351 848 1397 dum
875 1351 920 1397 in
946 1351 1197 1398 subsidium
1232 1351 1409 1398 theseos
1445 1369 1555 1399 suae
1589 1351 1807 1399 advocant

328 1426 578 1492 exemplum
603 1426 791 1474 aliarum
815 1428 1010 1491 gentium
1025 1466 1034 1484 ,
1061 1445 1212 1476 verum
1238 1428 1372 1475 etiam
1398 1438 1550 1475 contra
1572 1428 1804 1476 historiam

329 1502 440 1550 falsa
475 1502 890 1550 comminiscuntur.
920 1503 1152 1550 Affirmant
1179 1504 1453 1551 confidenter
1476 1504 1644 1551 nullum
1669 1504 1804 1552 detri-

329 1589 526 1626 mentum
551 1596 841 1643 promanasse
865 1597 916 1626 ex
942 1579 1026 1626 hac
1050 1579 1145 1642 lege
1175 1578 1264 1626 illis
1291 1579 1335 1625 in
1362 1579 1638 1643 regionibus,
1667 1597 1805 1644 penes

329 1672 442 1719 quas
460 1655 595 1718 viget;
620 1655 790 1702 nullum
808 1655 1017 1701 damnum
1037 1655 1131 1702 sive
1149 1655 1194 1700 in
1216 1655 1467 1702 societatem
1488 1655 1581 1702 sive
1600 1655 1644 1701 in
1664 1654 1803 1702 bonos

329 1748 475 1778 mores
490 1769 499 1786 ,
529 1730 623 1778 sive
647 1731 694 1777 in
718 1731 986 1778 familiarum
1005 1749 1160 1796 pacem
1189 1731 1361 1778 illatum
1393 1731 1497 1778 inde
1521 1732 1662 1779 fuisse
1695 1733 1806 1779 effu-

329 1807 459 1854 tiunt.
487 1808 572 1855 Sed
597 1807 659 1854 ita
682 1825 774 1855 rem
799 1826 886 1855 non
910 1825 1010 1855 esse
1027 1807 1156 1855 facile
1175 1807 1418 1864 evincitur;
1444 1808 1554 1855 satis
1573 1808 1702 1855 nobis
1721 1808 1806 1855 erit

329 1884 374 1930 in
393 1883 589 1931 medium
609 1885 819 1949 proferre,
849 1902 964 1950 quae
984 1902 1124 1949 nuper
1147 1885 1232 1933 hac
1256 1902 1392 1949 super
1415 1903 1462 1932 re
1479 1885 1659 1949 vulgata
1678 1896 1797 1932 sunt.

327 2034 399 2058 mus
415 2026 557 2066 pontifex
576 2027 626 2059 his
642 2027 749 2060 verbis
769 2027 851 2060 hanc
870 2027 1016 2060 eamdem
1039 2027 1139 2059 solvit
1159 2026 1403 2059 difficultatem.
1421 2028 1479 2059 «V.
1494 2028 1538 2058 M.
1554 2026 1721 2067 aggiunge‚
1746 2026 1806 2058 che

329 2081 443 2119 queste
460 2081 560 2112 siesse
575 2081 656 2121 leggi
667 2106 675 2122 ,
692 2081 724 2113 le
737 2081 828 2122 quali
842 2090 923 2113 sono
941 2082 973 2113 in
986 2081 1097 2122 vigore
1115 2089 1225 2121 presso
1241 2080 1320 2113 certi
1342 2080 1417 2112 stati
1436 2080 1580 2112 iimitrofi
1594 2080 1625 2111 al
1642 2088 1738 2119 regno
1753 2079 1804 2111 del

330 2133 511 2173 Piemonte‚
539 2142 603 2166 non
631 2135 737 2166 hanno
764 2120 921 2175 impedito
936 2134 1000 2166 alia
1014 2143 1042 2166 s.
1057 2133 1140 2166 Sede
1155 2133 1188 2165 di
1203 2133 1396 2174 riguardarii
1415 2142 1476 2165 con
1491 2133 1606 2165 ocehio
1620 2133 1654 2166 di
1668 2133 1804 2165 benevo-

326 2186 416 2218 lenza
429 2194 447 2218 e
461 2186 495 2218 di
509 2195 630 2219 amore.
648 2191 670 2219 Α
684 2189 800 2228 questo
811 2187 1051 2228 risponderemo
1061 2211 1070 2226 ,
1083 2187 1183 2219 chela
1195 2189 1294 2219 stessa
1306 2195 1333 2219 s.
1345 2186 1426 2219 sede
1438 2195 1504 2219 nou
1518 2188 1549 2218 st
1561 2186 1578 2218 ὲ
1587 2188 1659 2219 mai
1671 2188 1805 2228 acquie-

327 2240 404 2271 tata
425 2241 482 2271 sui
493 2239 585 2279 salli
596 2264 606 2278 ,
622 2241 683 2271 che
698 2240 725 2272 si
740 2241 846 2273 citano
859 2265 867 2280 ‚
885 2249 902 2272 e
915 2249 1048 2281 semprc
1064 2240 1110 2273 Ιια
1122 2240 1313 2272 rec-lamala
1333 2240 1446 2271 contro
1460 2240 1574 2280 queste
1588 2239 1669 2280 ieggi
1686 2248 1809 2280 appena

330 2292 532 2325 ne'conobbe
548 2292 745 2334 l'esistenza,
760 2293 1011 2326 conservandosi
1023 2293 1125 2325 anche
1141 2293 1254 2325 adesso
1267 2293 1318 2325 ne’
1327 2292 1429 2325 nostri
1443 2291 1580 2324 archivii
1596 2292 1607 2323 i
1622 2292 1806 2324 documenti

330 2345 418 2377 dene
431 2345 510 2378 fatte
521 2346 740 2378 rimostranze.
750 2347 802 2378 Ma
811 2347 923 2387 queste
935 2347 1077 2386 proteste
1088 2355 1153 2378 non
1165 2346 1274 2378 hanno
1290 2346 1354 2378 mai
1365 2344 1578 2386 impedito,ne
1587 2344 1807 2385 impediscono

329 2396 363 2429 di
389 2407 498 2431 amare
514 2399 680 2432 icattolici
699 2398 733 2430 di
749 2399 856 2440 queue
876 2399 1002 2431 nazioni
1014 2424 1024 2439 ,
1043 2399 1104 2432 che
1117 2397 1252 2438 surano
1271 2399 1432 2430 costrette
1457 2406 1476 2429 a
1498 2397 1670 2438 sottoporsi
1685 2396 1737 2428 all'
1748 2398 1808 2429 esi-

331 2460 429 2492 genza
449 2451 483 2483 (li
503 2453 617 2492 queste
634 2451 755 2492 leggi...
766 2453 894 2483 intanto
910 2451 988 2493 pero
1004 2459 1068 2483 non
1083 2450 1245 2492 possiamo
1256 2447 1279 2483 ‘a
1293 2459 1406 2488 meno,
1422 2450 1496 2482 anzi
1512 2449 1668 2482 sentiamo
1685 2449 1771 2481 tutto
1788 2450 1809 2481 il

330 2503 441 2536 debito
456 2504 516 2536 che
530 2504 560 2535 ci
573 2513 665 2536 corre
683 2503 718 2535 di
734 2503 902 2545 prevenire
921 2503 946 2535 il
962 2503 1046 2535 maie
1058 2511 1115 2545 per
1130 2504 1252 2544 quanto
1267 2502 1309 2535 da
1322 2503 1384 2535 Noi
1396 2501 1550 2543 dipende,
1565 2509 1583 2533 e
1596 2500 1809 2533 dichiariamo

329 2564 347 2586 a
362 2558 403 2587 V.
420 2558 461 2589 Μ.
480 2557 541 2589 che
556 2557 588 2589 la
607 2566 634 2589 s.
650 2556 733 2589 Sede
753 2557 795 2589 lia
811 2557 987 2589 reclamato
1003 2556 1086 2588 antra
1106 2556 1196 2588 volta
1209 2557 1324 2588 contro
1339 2556 1453 2596 questa
1468 2554 1576 2594 legge,
1593 2553 1666 2594 oggi
1679 2553 1734 2595 piu
1750 2554 1810 2586 che

333 2609 396 2640 mai
412 2609 430 2641 e
442 2610 556 2642 stretta
568 2610 623 2642 dal
639 2609 759 2642 dovere
768 2609 804 2642 di
813 2610 897 2642 farlo
909 2618 1004 2642 verso
1016 2610 1039 2642 ii
1055 2609 1241 2650 Piemonte,
1255 2618 1273 2641 e
1284 2608 1336 2642 nei
1348 2607 1438 2640 modi
1450 2608 1461 2639 i
1472 2607 1528 2648 piu
1542 2607 1684 2647 solenni,
1695 2606 1812 2648 perche

332 2665 475 2702 appunto
501 2663 523 2695 ii
549 2663 717 2696 minister-o
742 2663 776 2695 di
798 2665 839 2695 V.
857 2664 901 2695 M.
916 2662 1035 2695 invoca
1054 2662 1098 2703 gii
1123 2662 1243 2704 esempi
1266 2662 1301 2694 ‹li
1319 2661 1394 2694 altri
1409 2660 1504 2701 stati,
1522 2659 1573 2692 dei
1587 2660 1676 2701 quali
1692 2659 1810 2692 funesti

334 2715 452 2756 esempi
465 2715 614 2748 incombe
623 2725 643 2748 a
651 2716 712 2749 Noi
721 2716 744 2749 il
756 2715 876 2748 dovere
887 2715 918 2747 d’
927 2714 1108 2756 impedit-ne
1121 2715 1153 2747 ia
1166 2713 1422 2756 riproduzione.»
1434 2714 1470 2744 in
1480 2711 1700 2744 Allocuzione
1715 2710 1810 2744 della

333 2765 467 2798 mutim
480 2766 517 2798 di
531 2769 649 2799 nostro
663 2769 800 2809 signore
811 2776 905 2810 papa
914 2768 973 2800 Pio
981 2769 1037 2799 ix.
1051 2767 1109 2800 nel
1121 2767 1308 2799 consistere
1323 2766 1454 2805 seqreeo
1467 2764 1518 2795 dei
1537 2769 1586 2796 29..
1600 2765 1703 2797 Genu.
1719 2768 1806 2795 1855.

337 2821 439 2852 Roma
456 2828 527 2861 pag.
548 2825 599 2852 181
624 2830 717 2861 seqq.
