1918 3186
294 216 384 261 182
581 229 662 259 un.
692 228 720 257 1.
751 224 864 256 sacr.
894 225 923 255 1.
954 225 1006 256 ΒΕ
1030 224 1202 257 numu.
1231 224 1514 257 sxanunN‘ro.

296 307 436 362 illud,
466 304 584 370 quod
619 304 666 350 in
699 302 889 351 ecclesia
915 313 965 350 ut
997 303 1090 351 veri
1124 302 1316 350 nominis
1350 314 1675 352 sacramentum
1700 306 1775 353 ad·

291 382 560 430 mittebatur.
588 380 654 426 Ex
690 396 779 443 quo
813 389 934 443 patet
966 396 1042 427 eos
1076 379 1141 426 uti
1175 389 1501 426 sacramentum
1535 379 1776 428 admisisse

290 458 546 521 coniugium
569 456 896 504 clandestinum
911 494 921 512 ,
946 456 991 502 in
1010 473 1100 520 quo
1119 455 1237 502 idem
1255 466 1325 503 est
1347 466 1602 503 contractus
1626 474 1679 504 ac
1702 474 1776 504 sa-

291 544 564 583 cramentum
583 571 592 589 ‚
621 550 722 580 cum
747 532 870 580 nulla
893 533 939 579 in
963 550 1015 580 eo
1040 531 1324 580 intervenerit
1346 532 1563 580 ecclesiae
1581 550 1663 581 seu
1686 534 1770 581 mi-

290 612 529 659 nistrorum
564 609 662 657 eius
694 609 826 656 actio.

386 686 588 751 Idipsum
613 685 901 733 confirmatur
933 702 987 732 ex
1021 700 1176 732 eorum
1203 684 1518 741 sollicitudine,
1546 686 1623 750 qui
1648 703 1777 734 cave-

288 764 397 811 bant
429 780 486 810 ne
527 761 638 810 tales
673 761 874 810 occultae
916 760 1254 808 coniunctiones
1295 761 1484 818 fierent;
1521 762 1682 810 exinde
1713 772 1779 810 tot

291 839 629 888 constitutiones
669 849 712 886 et
750 854 944 886 canones
991 836 1250 902 prodierunt
1288 837 1345 884 ad
1391 854 1468 885 eas
1515 838 1732 886 vetandas
1760 857 1772 894 ;

290 917 449 964 exinde
483 916 615 964 etiam
649 925 819 963 tantum
848 915 1047 979 ipsorum
1081 913 1278 961 studium
1301 913 1348 960 in
1371 913 1609 961 efferendis
1641 914 1777 962 bene-

290 993 501 1041 dictionis
518 990 808 1040 sacerdotalis
828 989 1065 1047 fructibus,
1088 990 1135 1036 in
1153 989 1358 1053 augendo
1375 989 1579 1037 exteriori
1598 991 1778 1055 nuptia-

292 1087 389 1116 rum
426 1069 513 1116 ritu
549 1079 591 1115 et
626 1077 872 1132 apparatu,
911 1076 963 1113 ut
994 1067 1056 1113 ita
1088 1066 1233 1130 magis
1268 1065 1424 1114 fideles
1459 1065 1690 1115 allicerent
1720 1068 1777 1115 ad

291 1145 376 1192 hoc
422 1143 759 1208 suscipiendum
792 1160 893 1190 cum
926 1141 1122 1190 uberiori
1167 1142 1313 1190 fructu
1357 1154 1684 1191 sacramentum
1717 1143 1775 1191 ob

290 1220 486 1268 debitam
515 1237 621 1284 erga
653 1219 889 1268 ecclesiam
913 1218 1231 1276 obedientiam,
1258 1235 1310 1266 ac
1333 1219 1373 1266 si
1398 1236 1528 1267 secus
1553 1219 1770 1276 facerent,

292 1297 375 1345 etsi
401 1307 727 1345 sacramentum
750 1297 1052 1361 susciperent,
1080 1295 1280 1344 eiusdem
1302 1306 1449 1344 tamen
1472 1297 1617 1360 gratia
1640 1296 1774 1345 desti·

296 1383 535 1420 tuerentur.

388 1449 556 1496 Sensus
591 1460 818 1513 praeterea
851 1448 1128 1513 antiquitatis
1159 1448 1490 1497 ecclesiasticae
1518 1449 1605 1497 hac
1637 1465 1774 1514 super

292 1543 340 1572 re
363 1524 530 1573 clarius
554 1525 704 1574 adhuc
727 1536 848 1590 patet
870 1542 923 1572 ex
947 1535 1123 1589 patrum
1153 1525 1313 1588 agendi
1347 1526 1518 1573 ratione
1551 1526 1670 1574 circa
1702 1543 1775 1574 se-

294 1601 469 1649 cundas
492 1619 545 1649 ac
567 1601 800 1650 ulteriores
826 1601 1005 1667 nuptias
1030 1601 1238 1649 defuncto
1256 1602 1393 1666 priori
1413 1602 1617 1665 coniuge.
1639 1603 1777 1649 Num-

294 1696 427 1743 quam
465 1679 552 1744 ipsi
587 1679 865 1727 affirmarunt
898 1696 1035 1727 novas
1059 1679 1142 1726 has
1166 1679 1347 1744 nuptias
1375 1696 1529 1727 verum
1561 1696 1650 1726 non
1674 1696 1776 1727 esse

292 1755 487 1818 coniugii
528 1766 868 1803 sacramentum.
909 1755 1067 1802 Verum
1106 1772 1207 1802 cum
1241 1771 1317 1801 eas
1352 1755 1502 1802 minus
1536 1754 1777 1819 probarent

293 1830 350 1878 ob
377 1831 617 1896 quamdam
643 1832 991 1880 incontinentiae
1024 1831 1192 1888 labem,
1231 1848 1366 1896 quam
1400 1832 1462 1878 ita
1496 1830 1774 1879 contrahen-

294 1907 414 1955 tibus
449 1907 536 1954 sibi
570 1908 720 1955 videre
752 1908 837 1956 visi
873 1919 1000 1964 sunt,
1039 1908 1122 1955 has
1158 1908 1337 1972 nuptias
1356 1946 1366 1964 ,
1393 1918 1443 1954 ut
1465 1924 1547 1955 suo
1580 1906 1677 1955 loco
1709 1909 1776 1955 vi-

292 1982 440 2031 dimus
456 2021 466 2039 ‚
516 1994 560 2030 et
600 1976 883 2032 coronatiOne
926 1995 970 2032 et
1013 1983 1320 2031 benedictione
1366 1984 1601 2048 privarunt
1627 2022 1638 2041 ‚
1691 1985 1775 2032 etsi

293 2076 440 2106 coram
473 2059 661 2108 ecclesia
707 2060 1047 2108 celebrarentur.
1087 2060 1249 2126 Sicque
1292 2061 1580 2108 ostenderunt
1627 2078 1776 2109 sacra-

292 2146 488 2183 mentum
527 2153 609 2200 per
647 2146 919 2184 contractum
952 2136 1127 2184 confici.

388 2212 443 2259 Ut
465 2223 601 2276 patet,
631 2224 891 2276 argumenta
923 2213 1001 2260 illa
1035 2213 1211 2271 omnia,
1244 2213 1408 2278 quibus
1432 2230 1485 2260 ex
1511 2213 1776 2277 antiquitate

294 2288 571 2336 ostendimus
615 2290 927 2337 contrahentes
972 2290 1161 2337 creditos
1205 2289 1468 2338 sacramenti
1502 2289 1772 2337 matrimonii

295 2365 522 2413 ministros
545 2405 555 2421 ‚
593 2366 747 2413 eadem
783 2378 887 2414 sunt
906 2405 916 2423 ,
955 2384 1072 2431 quae
1106 2367 1336 2423 evincunt,
1375 2366 1564 2414 maiores
1597 2375 1773 2413 nostros

295 2452 437 2489 ratum
461 2442 687 2506 fixumque
714 2442 928 2490 habuisse
952 2460 1087 2490 unam
1114 2443 1404 2508 eamdemque
1427 2460 1519 2490 rem
1542 2459 1643 2490 esse
1667 2459 1772 2490 con—

294 2527 481 2565 tractum
498 2529 542 2566 et
558 2529 886 2567 sacramentum
908 2519 954 2565 in
977 2519 1322 2567 christianorum
1346 2518 1538 2583 nuptiali
1563 2518 1767 2575 foedere3

296 2595 390 2641 sive
424 2595 509 2642 hae
543 2597 724 2660 nuptiae
757 2606 1017 2643 ornarentur
1034 2634 1044 2652 ‚
1073 2595 1168 2643 sive
1190 2595 1538 2643 destituerentur
1566 2595 1769 2643 exteriori

296 2670 459 2717 rituum
493 2672 633 2720 forma
667 2683 710 2721 et
742 2683 977 2738 apparatu.

392 2746 555 2795 luverit
597 2766 715 2796 nunc
765 2748 886 2796 aliud
927 2759 1235 2812 argumentum
1275 2748 1469 2796 adiicere
1502 2765 1591 2813 quo
1625 2747 1769 2811 magis

295 2822 573 2886 antiquitatis
608 2843 768 2873 sensus
802 2826 1051 2874 innotescat
1084 2827 1139 2872 ad
1177 2844 1265 2873 rem
1302 2836 1498 2874 nostram
1535 2825 1770 2873 conficien—
