1912 3180
339 201 430 232 cir.
455 200 516 232 111.
541 200 592 231 ΒΕ
617 200 791 232 nurum.
816 200 964 233 (uvius
987 200 1107 233 man.
1142 201 1234 233 Am.
1257 200 1319 233 111.
1477 187 1568 232 3⁰7

99 275 345 340 legislator;
384 295 500 342 quae
524 288 737 342 perpetuo
762 287 932 341 pugnat
955 294 1055 324 cum
1087 277 1300 341 religione
1324 277 1401 326 illa
1417 316 1429 335 ,
1460 296 1575 344 quac

99 355 144 401 in
171 354 397 420 republica
420 354 491 401 cui
516 354 780 418 proponitur
801 353 1075 410 dominatur,
1104 372 1220 419 quae
1244 354 1452 403 statuitur
1475 372 1575 403 con-

97 442 164 479 tra
187 448 467 479 communem
494 429 785 484 sententiam;
817 446 934 493 quae
957 429 1034 476 ubi
1059 442 1312 479 servaretur
1347 431 1578 480 induceret

100 508 144 554 in
182 524 353 554 morum
388 506 737 570 corruptionem3
771 522 886 572 quae
912 515 1072 553 natura
1106 525 1189 555 sua
1223 508 1365 556 tendit
1397 509 1453 556 ad
1488 508 1577 557 dis-

97 582 362 630 solutionem
398 582 620 638 samiliae,
658 599 711 628 ac
746 581 970 629 societatis
995 581 1113 630 bono
1137 584 1425 642 adversatur;
1459 603 1576 650 quae

97 660 293 725 denique
318 659 450 707 citius
475 660 675 707 seriusve
698 659 892 707 revocari
917 658 1072 715 debet,
1095 671 1172 708 aut
1190 661 1347 709 saltem
1372 663 1435 710 ita
1457 674 1578 710 exte-

100 737 228 784 nuari
246 754 299 784 ac
318 736 572 801 temperari,
588 747 637 783 ut
655 735 828 783 nullum
846 735 1056 783 sortiatur
1072 736 1295 784 effectum.
1310 739 1429 786 Talis
1448 756 1579 805 porro

98 825 168 862 est
192 814 283 871 lex,
312 831 429 879 quae
452 813 597 861 sancit
620 812 954 871 matrimonium
981 812 1243 877 simpliciter
1263 814 1417 872 civile;
1447 815 1580 879 igitur

102 910 156 939 ea
189 892 360 939 censeri
396 908 448 939 ac
486 891 575 938 dici
610 890 742 938 debet
774 907 958 956 prorsus
992 889 1283 954 antipolitica.

201 968 416 1024 Quamvis
451 985 539 1016 non
564 985 708 1032 pauca
734 967 822 1014 iam
846 967 903 1014 de
927 966 1154 1014 nonnullis
1179 984 1232 1014 ex
1256 967 1489 1015 recensitis
1513 985 1579 1015 ar-

102 1045 329 1109 gumentis
358 1045 704 1093 disseruerimus
730 1045 775 1090 in
801 1043 1107 1109 superioribus
1140 1043 1382 1108 capitibus,
1415 1043 1583 1108 placuit

96 1121 396 1168 nibilominus
440 1138 493 1168 ea
538 1121 687 1168 omnia
722 1120 854 1167 simul
889 1137 1127 1183 congerere
1148 1158 1158 1176 ,
1196 1131 1247 1167 ut
1280 1120 1411 1168 unico
1443 1120 1579 1169 veluti

99 1199 258 1246 obtutu
306 1198 499 1263 quisque
546 1198 689 1262 possit
733 1197 995 1262 complecti,
1038 1215 1154 1263 quae
1188 1198 1363 1261 legem,
1402 1198 1459 1245 de
1493 1215 1583 1263 qua

102 1276 301 1339 agimus,
331 1275 651 1339 antipoliticam
677 1275 934 1322 ostendunt.
963 1274 1186 1321 Nonnulla
1209 1284 1438 1338 praeterea
1467 1274 1583 1322 adii-

102 1353 274 1399 ciemus
299 1351 356 1398 ad
379 1351 622 1416 pleniorem
646 1351 863 1398 dictorum
889 1351 1285 1398 confirmationem.
1310 1351 1393 1398 His
1416 1351 1475 1398 ad
1505 1369 1583 1399 no-

103 1441 192 1477 tam
231 1428 582 1494 praecavendam
617 1428 922 1492 repetitionis,
960 1445 1077 1492 quae
1102 1427 1231 1475 nobis
1256 1428 1444 1492 impingi
1479 1445 1583 1492 pos-

104 1517 194 1562 set,
235 1504 496 1570 praemissis
515 1542 525 1560 ,
564 1504 654 1551 iam
687 1504 944 1551 accedimus
969 1505 1027 1552 ad
1054 1515 1334 1553 enumeratos
1368 1504 1581 1552 articulos

105 1581 365 1646 singillatim
399 1581 730 1645 expendendos.

203 1657 265 1705 Ac
300 1657 443 1723 primo
478 1656 660 1722 quidem
698 1674 828 1704 nemo
856 1674 994 1704 sanae
1027 1657 1189 1704 mentis
1218 1657 1444 1721 negaverit
1472 1657 1588 1703 anti-

110 1735 332 1800 politicam
377 1734 520 1797 legem
567 1733 687 1780 illam
724 1750 825 1781 esse
867 1733 1121 1781 habendam
1144 1773 1153 1790 ,
1192 1752 1308 1798 quae
1342 1734 1401 1781 sit
1433 1744 1586 1781 contra

108 1812 254 1874 legum
293 1821 495 1857 naturam
513 1848 522 1865 ,
551 1819 593 1856 et
622 1820 774 1856 contra
808 1809 941 1856 finem
964 1848 973 1865 ,
1013 1827 1145 1875 quem
1182 1810 1364 1874 sapiens
1394 1809 1589 1874 quisque

112 1887 340 1950 legislator
368 1886 414 1932 in
437 1885 611 1949 legibus
637 1885 732 1933 suis
757 1886 1002 1934 condendis
1026 1904 1133 1950 prae
1156 1886 1299 1935 oculis
1328 1885 1493 1933 habere
1516 1886 1589 1933 de—

111 1964 198 2011 bet.
241 1963 373 2010 Porro
405 1962 537 2009 talem
567 1962 707 2025 legem
738 1979 840 2010 esse
862 1962 919 2009 de
941 1963 1164 2027 coniugiis
1205 1962 1413 2010 civilibus
1450 1962 1590 2027 liquet

110 2059 163 2087 ex
197 2057 248 2087 eo
267 2078 277 2095 ,
317 2038 438 2103 quod
472 2038 542 2085 lex
578 2050 737 2086 natura
764 2056 847 2086 sua
875 2038 1042 2086 habere
1076 2038 1332 2086 necessario
1361 2038 1494 2085 debet
1516 2038 1591 2087 bo-

111 2134 216 2164 num
246 2132 298 2163 ac
330 2115 567 2162 honestum
604 2125 830 2180 tamquam
866 2116 999 2163 finem
1036 2115 1122 2163 sibi
1154 2116 1430 2180 propositum
1450 2154 1459 2171 ,
1488 2133 1589 2163 cum

109 2210 162 2239 ea
198 2209 287 2239 non
316 2190 375 2238 sit
405 2191 515 2247 nisi,
545 2202 594 2239 ut
623 2192 683 2239 ita
706 2191 870 2248 dicam,
901 2191 1048 2254 imago
1072 2191 1217 2255 ipsius
1253 2191 1485 2239 rationalis
1512 2209 1591 2239 na-

110 2280 235 2314 turae
266 2284 319 2314 ac
353 2267 563 2323 moralis,
594 2285 673 2314 seu
711 2267 860 2331 potius
895 2267 1090 2314 auctoris
1124 2267 1269 2331 ipsius
1304 2266 1486 2315 moralis
1520 2285 1592 2315 or-

113 2344 234 2392 dinis
259 2361 311 2392 ac
337 2344 567 2391 rationalis
599 2355 810 2399 naturae,
839 2361 955 2409 quae
979 2361 1031 2390 ex
1057 2361 1156 2392 sese
1181 2344 1320 2391 tendit
1343 2344 1399 2391 ad
1425 2343 1591 2391 bonum

111 2421 324 2468 rationale
358 2432 401 2468 et
436 2421 618 2468 morale.
658 2421 825 2486 Ecquis
871 2438 983 2469 sane
1022 2420 1107 2468 hoc
1148 2421 1434 2468 ineluctabile
1469 2421 1593 2486 prin-

111 2498 278 2563 cipium
318 2498 362 2544 in
407 2497 593 2544 dubium
646 2498 915 2545 revocaverit
944 2535 953 2553 ,
1004 2514 1105 2544 cum
1153 2497 1489 2545 fundamentum
1536 2498 1595 2545 sit

112 2574 246 2622 totius
272 2573 606 2637 legislationis?
631 2575 725 2622 Non
752 2574 886 2621 alium
915 2574 1111 2637 profecto
1142 2574 1275 2621 finem
1311 2574 1396 2622 sibi
1434 2575 1596 2639 praefi—

112 2667 215 2713 gere
249 2651 408 2714 poterit
440 2651 636 2715 optimus
666 2651 858 2715 quisque
892 2650 1047 2713 legifer
1070 2651 1114 2696 in
1139 2650 1293 2698 codice
1317 2651 1465 2714 legum
1491 2670 1593 2699 sua-

116 2742 212 2772 rum
248 2726 495 2775 condendo.
527 2728 695 2774 Bonum
720 2744 823 2774 vero
856 2726 1143 2791 praecipuum
1179 2726 1347 2775 morale
1379 2727 1494 2791 legis
1527 2740 1595 2776 est

117 2803 288 2851 iustitia
310 2814 353 2851 et
377 2805 606 2869 aequitas,
647 2804 722 2851 ubi
760 2804 870 2851 haec
903 2804 1113 2862 desuerit,
1144 2805 1213 2853 lex
1238 2816 1389 2870 utpote
1422 2806 1593 2853 inutilis

1504 2882 1529 2908 Χ
