1918 3186
273 192 363 223 cu’.
393 192 454 224 111.
483 192 534 224 DE
558 191 766 225 umls'rno.
789 192 883 223 Aur.
906 192 968 224 111.
992 191 1147 224 Anaua.
1170 188 1442 222 mnowmcn.
1548 175 1603 220 91

144 286 223 334 pro
257 269 314 321 iis
348 269 477 332 signa
510 268 695 333 quaevis
719 267 808 315 alia
830 267 1097 316 substituere
1117 266 1273 324 liceat,
1300 264 1357 314 ad
1378 265 1608 313 materiam

145 345 330 392 fortasse
353 344 638 400 sacramenti,
667 360 910 408 numquam
933 360 1037 391 vero
1060 343 1116 391 ad
1140 343 1285 409 ipsius
1308 342 1494 391 sormam
1516 359 1611 407 per·

146 421 283 469 tinere
313 437 446 485 posse
477 419 666 468 dicenda
699 429 817 467 sunt.

239 497 331 546 lam
365 513 467 543 vero
501 496 603 560 quis
637 512 726 543 non
758 494 903 552 videt,
942 495 1055 543 falsa
1087 496 1268 544 omnino
1301 511 1402 543 esse
1423 504 1467 542 et
1490 511 1610 542 com-

143 571 343 620 mentitia
365 587 480 636 quae
502 571 698 619 iuniores
722 570 914 634 theologi
938 571 1213 628 confinxere,
1234 580 1283 618 ut
1298 570 1473 619 civilem
1491 570 1611 617 hunc

143 647 476 712 humanumque
500 657 770 695 contractum
794 646 960 694 Christi
983 657 1026 694 et
1048 647 1261 695 ecclesiae
1285 656 1608 694 sacramentum

140 739 242 770 esse
264 721 519 770 tuerentur?
539 722 736 779 Quorum
759 722 941 788 quidem
965 722 1177 788 pleraque
1200 722 1458 770 infidelibus
1479 720 1611 771 valde

141 797 372 861 nugatoria
395 807 526 855 sunt,
555 797 763 845 fidelibus
786 808 931 846 autem
955 815 1111 863 parum
1135 796 1294 844 solida.
1317 797 1382 844 Ex
1400 796 1474 845 his
1491 797 1611 844 enim

141 873 360 938 theologis
394 873 523 921 facile
550 873 775 931 invenies,
812 874 890 939 qui
924 873 994 921 vel
1026 873 1333 922 contrahentes
1368 872 1514 938 ipsos,
1541 872 1610 921 vel

141 950 338 1015 ipsorum
372 965 662 1006 consensum,
688 949 758 997 vel
782 959 933 1013 gestus
967 949 1090 1014 ipsos
1124 967 1275 998 eorum
1299 965 1351 997 ac
1373 959 1506 996 nutus
1529 965 1610 1014 pro

142 1026 282 1074 forma
304 1026 439 1074 huius
465 1025 726 1074 sacramenti
751 1026 1000 1091 accipiant;
1028 1026 1196 1091 quique
1219 1025 1332 1073 inter
1353 1025 1612 1073 contrahen-

141 1111 206 1150 tes
239 1103 307 1151 sic
338 1102 638 1165 distinguant,
664 1111 713 1150 ut
746 1101 860 1159 eiuS,
888 1101 966 1166 qui
990 1102 1110 1167 prior
1141 1101 1350 1166 loquutus
1374 1102 1450 1158 sit,
1475 1100 1611 1150 verba

142 1179 370 1231 materiam
405 1178 580 1235 dicant,
618 1177 800 1226 alterius
832 1195 936 1226 vero
966 1178 1043 1243 qui
1068 1178 1369 1243 responderit,
1403 1178 1605 1226 formam.

238 1253 395 1311 Quid?
439 1254 558 1319 quod
601 1254 829 1302 materiam
874 1254 1004 1302 nobis
1037 1264 1080 1302 et
1118 1254 1303 1302 formam
1346 1253 1608 1302 sacramenti

141 1330 459 1396 quaerentibus
476 1369 486 1388 ,
517 1330 603 1378 hoc
636 1341 727 1387 est,
755 1348 825 1379 res
848 1330 1067 1395 quasdam
1103 1330 1315 1394 religione
1347 1346 1520 1387 sacras,
1559 1329 1607 1376 hi

139 1405 196 1453 de
212 1406 353 1454 forma
368 1405 640 1471 materiaque
656 1415 904 1454 contractus
918 1405 1089 1470 profani
1108 1405 1413 1471 naturalisque
1430 1422 1609 1471 respon-

140 1480 278 1529 dent?
311 1482 420 1529 Nam
444 1481 484 1529 si
507 1499 607 1528 cum
635 1481 824 1530 ethnicis
847 1481 904 1529 de
927 1482 1043 1546 pacti
1069 1481 1191 1530 illius
1214 1481 1609 1546 conventionisque

139 1557 323 1606 materia
349 1568 393 1606 et
420 1558 561 1607 forma
592 1557 890 1606 controversia
921 1557 1049 1606 nobis
1083 1568 1223 1616 esset,
1246 1576 1333 1606 non
1351 1557 1479 1605 aliter
1512 1574 1611 1622 pro—

143 1633 255 1681 fecto
284 1632 350 1680 illi
375 1650 428 1681 ac
449 1633 590 1681 nostri
621 1632 812 1697 theologi
847 1633 1143 1698 loquerentur.
1166 1634 1222 1680 Et
1243 1651 1372 1682 sane:
1401 1633 1504 1698 quis
1522 1632 1609 1680 sibi

138 1719 227 1756 tam
260 1709 389 1757 facile
420 1709 687 1775 persuadeat
718 1709 946 1757 materiam
970 1720 1013 1758 et
1035 1710 1217 1757 formam
1251 1709 1398 1758 civilis
1431 1719 1610 1757 natura-

140 1783 287 1849 lisque
318 1795 568 1834 contractus
582 1823 592 1842 ,
624 1803 741 1851 quae
773 1785 890 1851 apud
924 1803 1078 1834 omnes
1112 1796 1265 1850 gentes
1298 1803 1351 1834 ex
1384 1785 1606 1834 communi

142 1860 337 1908 omnium
377 1871 469 1910 tum
511 1861 708 1910 fidelium
753 1872 845 1910 tum
884 1862 1132 1910 infidelium
1166 1862 1261 1911 iure
1293 1871 1502 1928 perpetuo
1540 1861 1608 1909 vi-

140 1945 342 1996 guerunt,
364 1936 564 1986 eamdem
582 1937 763 1986 omnino
791 1939 1020 1986 materiam
1038 1948 1082 1986 et
1097 1938 1281 1986 formam
1305 1954 1421 1994 esse,
1442 1935 1607 2002 quibus

143 2008 312 2072 integra
337 2021 382 2058 et
413 2010 605 2075 perfecta
637 2023 813 2062 nostrae
846 2013 1074 2078 religionis
1107 2014 1428 2062 constituantur
1459 2030 1608 2062 sacra·

143 2096 291 2133 menta
313 2085 337 2132 5'

121 2225 125 2228 ᾖ
237 2161 431 2209 Tandem
449 2162 488 2210 si
508 2162 715 2212 haeretici
743 2176 1124 2230 argumententur:
1153 2167 1482 2216 matrimonium
1503 2183 1604 2215 cum

140 2237 283 2291 sacris
316 2239 602 2296 ceremoniis,
639 2257 737 2288 cum
772 2259 899 2290 sacra
931 2242 1136 2299 materia,
1173 2259 1274 2290 cum
1307 2260 1435 2292 sacra
1466 2243 1606 2291 forma

140 2330 168 2361 a
183 2329 308 2362 sacro
332 2314 535 2363 ministro
559 2315 935 2374 administratum,
963 2318 1334 2383 quemadmodum
1353 2319 1399 2365 in
1416 2318 1607 2368 ecclesia

141 2405 323 2437 romana
355 2407 530 2455 semper
562 2409 706 2457 usque
729 2391 785 2439 ab
809 2393 1021 2457 apostolis
1054 2394 1408 2442 administratum
1437 2404 1528 2451 est,
1564 2395 1603 2443 si

142 2464 247 2521 hoc,
286 2466 490 2531 inquam,
528 2478 908 2531 argumententur,
937 2481 1258 2518 sacramentum
1282 2470 1494 2519 ecclesiae
1516 2487 1604 2519 non

140 2556 263 2598 esse;
291 2551 394 2591 tunc
416 2543 660 2592 catholicus
695 2546 959 2611 respondeat
992 2547 1197 2603 fidenter,
1225 2547 1425 2595 animose
1452 2547 1605 2598 defen-

142 2615 241 2674 dat,
269 2635 422 2667 secure
444 2630 595 2668 contra
618 2632 797 2687 pugnet.
827 2623 989 2672 Poterit
1010 2624 1127 2671 enim
1154 2633 1471 2674 consentaneas
1506 2642 1605 2675 cau-

143 2709 216 2740 sas
234 2695 352 2740 omni
376 2697 572 2760 poscenti
599 2697 782 2745 reddere
798 2698 854 2745 de
871 2716 923 2746 ea
938 2737 948 2755 ‚
970 2716 1084 2763 quae
1101 2709 1167 2746 est
1185 2699 1230 2745 in
1247 2699 1432 2748 ecclesia
1448 2700 1597 2758 firma,

143 2779 371 2833 perpetua,
398 2782 691 2838 constansque
722 2773 933 2822 doctrina.
959 2775 1119 2823 Poterit
1153 2775 1284 2824 fidem
1318 2794 1497 2843 quoque
1529 2795 1603 2825 no-
