1918 3186
370 234 460 266 cn.
483 233 610 266 vum:
635 233 768 266 mser.
798 233 946 266 coNrn.
979 234 1027 266 nr
1052 234 1167 267 sica.
1198 234 1292 267 Αιιτ.
1315 235 1345 267 ι.
1500 220 1585 265 181

114 323 203 370 ret,
238 324 462 378 tamquam
486 313 600 360 duas
624 330 695 361 res
717 322 850 377 atque
880 313 993 361 duas
1018 313 1243 371 entitates‚
1266 312 1592 362 solemnitatem

114 400 157 437 et
173 399 472 445 contractum,
497 406 597 436 cum
615 388 872 436 solemnitas
891 388 968 435 illa
985 390 1064 446 sit,
1088 407 1167 454 per
1182 407 1316 455 quam
1340 399 1593 438 contractus

114 465 264 514 existit
294 482 346 512 ac
378 465 573 512 valorem
603 464 785 512 obtinet.
813 464 864 511 Id
898 482 1028 529 porro
1060 476 1150 522 est,
1183 465 1302 531 quod
1325 466 1371 512 in
1394 465 1594 514 fidelium

116 541 323 604 coniugio
357 540 592 604 contingit;
639 541 861 606 siquidem
894 551 1076 588 mutuus
1111 558 1381 599 consensus,
1420 542 1499 608 qui
1527 542 1596 589 in-

117 617 321 664 teriorem
345 615 616 663 voluntatem
641 617 874 681 patefacit,
897 616 972 663 ille
995 627 1063 663 est
1087 634 1165 682 per
1187 635 1320 682 quem
1344 629 1594 667 contractus

116 703 160 741 et
191 702 516 741 sacramentum
556 693 730 757 exurgit
756 731 766 750 ,
805 711 884 741 seu
919 703 988 740 est
1019 703 1269 741 contractus
1291 732 1301 750 ,
1341 694 1418 760 qui
1452 694 1598 742 induit

116 770 376 836 qualitatem
401 771 665 818 sacramenti
683 788 735 818 ex
753 770 919 818 Christi
940 768 1182 826 voluntate,
1204 770 1282 835 qui
1301 782 1592 828 contractum,

118 849 226 897 dum
250 849 325 906 fit,
355 866 435 896 seu
464 849 510 895 in
545 859 645 896 actu
673 849 773 913 ipso
806 866 896 914 quo
931 848 1003 905 fit,
1042 848 1290 896 sanctificat
1319 849 1461 912 gratia
1493 866 1590 897 sua.

210 925 311 973 Alia
345 925 476 991 plura
514 943 693 991 possem
726 925 945 973 eiusmodi
980 934 1239 988 argumenta
1270 941 1443 988 urgere,
1481 943 1599 990 quae

115 1003 163 1050 in
186 1003 307 1050 idem
330 1002 534 1050 recidunt
556 1005 642 1065 (5).
659 1003 723 1050 Ne
746 1012 893 1049 tamen
916 1001 1085 1049 diutius
1110 1018 1200 1049 rem
1226 1001 1481 1066 protraham
1495 1039 1505 1058 ,
1526 1018 1598 1050 me

113 1089 236 1128 verto
269 1078 327 1127 ad
361 1079 474 1127 alias
507 1079 760 1144 propositas
794 1078 1079 1143 probationes
1113 1077 1429 1126 enucleandas.

214 1156 418 1204 Secundo
454 1156 589 1219 igitur
623 1155 739 1203 hanc
764 1156 809 1202 in
833 1155 1099 1203 sententiam
1132 1156 1386 1203 universam
1419 1156 1599 1221 conspi-

116 1249 213 1280 rare
246 1232 557 1297 antiquitatem
587 1231 708 1279 baud
732 1230 916 1279 difficile
939 1230 1170 1279 evincitur.
1193 1231 1367 1278 Etenim
1395 1231 1599 1296 explora-

118 1318 213 1356 tum
252 1319 321 1356 est
353 1318 500 1373 patres
534 1318 705 1355 veteres
739 1306 1068 1355 distinctionem
1102 1307 1216 1354 inter
1248 1318 1521 1355 contractum
1555 1317 1600 1355 et

117 1394 442 1432 sacramentum
485 1383 530 1429 in
569 1382 789 1447 coniugiis
830 1382 1086 1430 christianis
1121 1382 1297 1447 penitus
1331 1382 1563 1445 ignorasse
1584 1420 1595 1439 ,

117 1477 200 1508 nec
231 1460 366 1507 unius
401 1459 582 1525 quidem
617 1459 920 1507 testimonium
938 1497 948 1515 ,
987 1475 1076 1524 quo
1110 1475 1208 1506 eam
1241 1458 1311 1507 vel
1345 1457 1499 1506 leviter
1531 1458 1599 1505 in-

118 1537 326 1584 sinuasse
355 1536 558 1584 videatur
574 1574 584 1592 ,
622 1535 783 1583 adduci
807 1553 859 1583 ex
882 1534 939 1582 iis
964 1552 1114 1600 posse.
1140 1534 1354 1593 Quamvis
1376 1552 1481 1584 vero
1509 1535 1596 1584 hoc

120 1630 210 1662 non
238 1613 299 1662 sit
330 1612 418 1660 nisi
454 1623 763 1676 argumentum
798 1612 1079 1677 negativum,
1118 1623 1313 1661 attamen
1348 1630 1450 1661 cum
1484 1612 1599 1663 nihil

121 1689 302 1755 positivi
335 1689 377 1737 ei
411 1689 696 1747 adversetur,
735 1688 886 1754 magni
922 1688 1117 1754 profecto
1150 1683 1361 1754 ponderis
1392 1699 1460 1737 est
1494 1705 1598 1737 cen-

121 1766 326 1814 sendum.

215 1841 368 1907 Neque
401 1842 564 1891 desunt
598 1853 882 1907 argumenta,
916 1860 1057 1908 eaque
1087 1842 1368 1891 validissima
1400 1859 1454 1889 ex
1484 1852 1599 1890 vete-

121 1916 247 1965 ribus
282 1917 437 1976 ducta‚
466 1936 583 1985 quae
605 1929 803 1966 nostram
832 1918 1065 1968 adstruant
1087 1918 1346 1966 doctrinam.
1369 1916 1599 1982 Siquidem

121 1994 239 2041 hanc
271 1992 517 2042 doctrinam
550 1995 740 2043 adstruit
769 2012 921 2043 eorum
944 1995 1162 2044 sentiendi
1186 2005 1319 2059 atque
1343 1993 1503 2057 agendi
1527 2010 1598 2040 ra-

122 2070 207 2127 tio,
246 2080 451 2135 respectu
486 2070 662 2118 illorum
696 2071 1000 2135 coniugiorum
1019 2110 1030 2128 ,
1067 2087 1182 2136 quae
1216 2069 1370 2117 fideles
1403 2069 1519 2116 inter
1549 2086 1600 2117 se

121 2146 312 2204 occulte,
343 2164 395 2194 ac
429 2147 571 2195 inscia
603 2147 792 2195 ecclesia
824 2147 1120 2195 celebrabant.
1145 2146 1265 2194 Haec
1293 2146 1462 2211 quippe
1493 2162 1599 2193 con-

121 2222 244 2286 iugia
277 2223 482 2288 quamvis
512 2234 730 2288 perpetuo
762 2223 954 2271 maiores
979 2223 1184 2271 insectati
1208 2222 1297 2270 sint
1319 2239 1372 2270 ac
1394 2222 1598 2270 detestati

123 2310 350 2365 tamquam
389 2299 570 2357 illicita,
621 2299 763 2347 nihilo
802 2310 950 2347 tamen
991 2299 1138 2347 secius
1166 2338 1177 2356 ,
1226 2298 1599 2364 quemadmodum

123 2376 419 2433 ostendimus,
442 2394 495 2424 ea
512 2377 576 2424 uti
594 2394 700 2425 vera
715 2393 767 2424 ac
787 2386 883 2423 rata
904 2375 1156 2423 habuerunt
1169 2414 1179 2433 ‚
1203 2376 1264 2423 ita
1288 2386 1336 2422 ut
1357 2391 1599 2439 numquam

124 2451 359 2503 tribuerint
386 2454 448 2501 ita
477 2454 593 2501 inter
626 2470 675 2501 se
709 2452 927 2518 copulatis
961 2469 1075 2501 nova
1107 2452 1221 2499 inire
1253 2451 1486 2515 coniugia,
1523 2462 1601 2498 aut

125 2544 204 2578 eos
244 2528 302 2579 ad
347 2529 673 2594 separationem
718 2527 1025 2592 compulerint.
1064 2527 1130 2575 Ex
1162 2527 1303 2575 altera
1333 2544 1437 2575 vero
1476 2536 1600 2591 parte

125 2614 299 2652 constat
330 2615 501 2654 veteres
525 2622 613 2654 non
637 2604 758 2653 aliud
782 2603 1020 2668 agnovisse
1048 2602 1397 2658 matrimonium,
1426 2613 1599 2667 praeter

221 2739 267 2780 (5)
288 2739 339 2773 Cf.
355 2741 445 2774 card.
462 2741 573 2774 Gerdil
587 2742 620 2774 in
636 2740 762 2782 egregio
781 2741 939 2773 Trattato
955 2739 1013 2772 del
1027 2741 1259 2773 matrimonio.
1276 2741 1433 2773 Discat-so
1443 2739 1599 2782 prelimi-

126 2800 211 2825 nare
225 2793 259 2824 in
275 2802 340 2834 quo
360 2793 443 2827 hanc
466 2794 569 2836 ipsam
590 2794 772 2827 doctrinam
796 2792 931 2825 mirifice
945 2801 982 2824 ac
998 2793 1066 2825 ruse
1082 2792 1215 2826 evolvit.
1230 2794 1313 2834 opp.
1327 2792 1378 2826 ed.
1394 2794 1487 2826 Rom.
1508 2798 1596 2827 1809.

130 2846 209 2879 tom.
227 2846 298 2879 XV.
