1912 3180
273 184 362 215 cir.
388 184 444 215 iv.
471 185 521 216 nr:
546 185 701 217 Anauni.
727 185 803 217 rno
827 186 930 218 LEGE
955 186 1006 217 ns
1031 185 1251 218 unacum
1269 185 1359 217 mr.
1386 186 1413 217 1.
1522 171 1605 215 341

145 263 280 308 locum
316 263 481 309 habere.
525 263 617 311 Hoc
654 265 863 310 nimirum
898 275 966 311 est
1000 265 1118 330 quod
1151 264 1432 312 vaferrimam
1467 263 1610 329 hypo-

141 338 279 386 crisin
313 339 598 396 vocavimus3
636 340 768 404 quasi
806 338 976 386 scilicet
992 340 1048 387 de
1066 340 1161 388 solo
1186 357 1294 388 casu
1316 339 1607 404 exceptionali

138 426 182 461 et
209 425 359 462 contra
394 415 662 478 legislatoris
696 426 885 462 mentem
920 416 1278 482 voluntatemque
1311 427 1526 480 ageretur,
1559 433 1610 463 ac

136 492 378 553 generatim
410 492 617 555 religiosa
653 491 925 540 consecratio
964 494 1155 540 maxime
1194 493 1317 541 cordi
1353 492 1602 540 haberetur.

137 566 193 613 At
210 567 250 614 si
270 567 391 615 cordi
412 585 554 633 aeque
581 568 740 616 suisset
757 568 830 616 his
846 567 1179 632 legislatoribus
1210 570 1323 617 ritus
1350 587 1430 617 seu
1454 587 1611 617 conse-

134 643 274 691 cratio
309 643 543 708 religiosa,
573 645 803 693 debuisset
820 644 876 692 ob
900 644 1084 692 rationis
1109 646 1342 710 paritatem
1369 646 1603 701 constitui,

137 730 279 767 ratum
304 720 396 768 fore
422 732 693 768 contractum
724 721 984 785 religiosum
1013 721 1103 767 illis
1128 722 1174 767 in
1199 722 1404 777 casibus,
1436 723 1481 769 in
1507 723 1608 787 qui—

134 795 220 843 bus
244 807 366 843 actus
391 798 533 844 civilis
560 798 675 844 haud
687 800 875 862 potuerit
895 799 1031 844 locum
1050 797 1216 844 habere.
1234 798 1313 844 Ast
1331 798 1395 844 illi
1415 800 1605 845 maxime

133 884 344 920 caverunt
377 873 433 921 ab
468 875 552 922 hoc
588 875 856 930 sanciendo,
886 875 994 939 quia
1017 874 1263 921 contrarius
1297 875 1480 921 omnino
1513 886 1607 922 erat

131 947 243 1011 legis
267 950 527 997 statuendae
555 968 740 1014 scopus,
763 967 922 1014 nempe
946 961 993 996 ut
1015 959 1140 997 actus
1164 966 1243 997 seu
1267 961 1517 997 contractus
1542 951 1606 997 ci—

130 1024 235 1071 vilis
260 1024 317 1071 ad
347 1025 648 1072 exclusionem
683 1025 1028 1073 consecrationis
1064 1024 1300 1088 religiosae
1335 1025 1598 1072 sanciretur.

228 1100 458 1147 Praeterea
493 1118 579 1148 non
613 1102 683 1164 agi
721 1102 766 1146 in
802 1101 886 1147 hoc
920 1100 1030 1163 legis
1065 1099 1291 1147 schemate
1314 1100 1370 1147 de
1394 1100 1503 1148 solis
1528 1118 1602 1148 ca—

129 1175 257 1223 sibus
292 1177 697 1241 exceptionalibus,
727 1194 827 1224 cum
852 1187 977 1224 actus
1001 1175 1238 1239 religiosus
1262 1175 1408 1223 locum
1437 1176 1603 1224 babere

129 1252 318 1319 nequit,
357 1271 409 1300 ex
445 1271 496 1302 eo
531 1265 676 1319 patet,
715 1253 836 1319 quod
872 1254 918 1299 hi
955 1252 1230 1316 legislatores
1255 1253 1300 1299 in
1324 1254 1459 1300 totius
1490 1253 1602 1317 legis

128 1329 355 1378 schemate
389 1348 471 1378 nec
504 1331 687 1379 verbum
723 1348 804 1378 nec
838 1330 1057 1395 syllabam
1092 1329 1337 1377 adiecerint
1360 1330 1417 1376 de
1446 1347 1602 1378 neces-

128 1407 259 1460 sitate
283 1417 409 1455 actus
434 1407 654 1471 religiosi,
683 1406 1141 1471 proclamaverintque
1165 1406 1488 1471 separationem
1515 1407 1602 1472 ple-

127 1499 250 1539 nam,
281 1494 414 1548 atque
439 1482 831 1548 independentiam
855 1483 1157 1530 omnimodam
1190 1482 1462 1531 matrimonii
1497 1484 1602 1531 civi-

125 1557 180 1607 lis
198 1578 224 1607 a
242 1560 524 1607 matrimonio
547 1559 773 1624 religioso.
788 1559 916 1616 Quod
935 1559 1206 1624 principium
1224 1576 1326 1606 cum
1347 1559 1599 1608 universale

125 1636 207 1693 sit,
240 1647 413 1685 constat
442 1637 499 1684 ad
536 1654 666 1684 omne
700 1637 954 1700 coniugium
989 1636 1190 1692 extendi,
1219 1647 1262 1683 et
1285 1653 1373 1684 non
1398 1636 1454 1684 ad
1479 1637 1597 1685 solos

123 1730 255 1762 casus
289 1713 617 1779 exceptionales
651 1714 881 1762 coarctari.

218 1790 410 1847 Deinde,
439 1791 478 1837 si
503 1809 555 1838 ex
579 1791 870 1856 ipsorummet
896 1791 1371 1856 pseudo—politicorum
1395 1790 1594 1838 doctrina

123 1866 378 1929 coniugium
416 1884 536 1914 mere
568 1866 700 1914 civile
734 1865 914 1931 plenum
956 1866 1286 1932 perfectumque
1319 1866 1365 1911 in
1400 1866 1595 1913 essentia

125 1960 206 1990 sua
238 1943 507 1990 matrimonii
542 1954 641 1999 est,
677 1943 739 1990 ita
773 1954 822 1990 ut
854 1942 969 1989 nihil
993 1943 1033 1989 ei
1060 1942 1198 1998 desit,
1233 1942 1341 2007 quin
1372 1942 1591 1990 eiusmodi

122 2018 335 2082 coniuges
358 2019 440 2066 tuti
461 2019 507 2066 in
526 2018 798 2067 conscientia
824 2036 905 2066 sua
935 2035 1034 2066 esse
1068 2017 1269 2074 valeant,
1307 2018 1592 2065 manifestum

121 2105 213 2151 est,
245 2112 333 2143 non
357 2096 402 2142 in
427 2095 535 2144 solis
560 2095 739 2143 casibus
763 2094 1146 2160 exceptionalibus
1165 2133 1175 2151 ,
1203 2094 1282 2142 sed
1308 2112 1484 2160 semper
1506 2094 1592 2141 hac

120 2172 293 2220 ratione
310 2172 366 2220 ad
385 2190 583 2221 normam
614 2172 762 2219 civilis
796 2172 909 2236 legis
943 2171 1157 2219 celebrari
1194 2171 1401 2234 coniugia
1437 2188 1584 2235 posse.

215 2249 427 2306 Demum3
468 2249 574 2297 dato
607 2249 767 2305 etiam,
807 2248 925 2312 quod
962 2258 1165 2311 ageretur
1198 2257 1368 2295 tantum
1393 2247 1439 2294 in
1463 2249 1587 2312 praxi

117 2326 173 2373 de
206 2326 387 2373 casibus
422 2324 825 2390 exceptionalibus,
865 2324 1083 2371 eiusmodi
1121 2324 1340 2372 restrictio
1376 2341 1465 2370 non
1502 2324 1587 2371 iam

116 2421 168 2449 ex
203 2402 301 2466 lege
348 2403 574 2468 proposita
619 2401 895 2456 dimanaret,
941 2399 1019 2448 sed
1061 2399 1194 2448 unice
1227 2418 1279 2447 ex
1315 2399 1588 2447 conscientia

117 2479 411 2526 subditorum.
452 2478 546 2525 Etsi
585 2477 702 2524 enim
737 2476 806 2524 lex
835 2475 964 2524 civile
993 2476 1248 2539 coniugium
1283 2475 1489 2523 omnibus
1524 2475 1588 2522 in-

115 2554 457 2602 discriminatim
477 2564 718 2619 proponat,
741 2563 888 2599 tamen
907 2551 1129 2607 catholici,
1152 2551 1198 2597 in
1216 2568 1404 2616 quorum
1423 2551 1585 2598 animis

117 2630 230 2677 fides
264 2631 453 2679 extincta
489 2630 635 2677 adhuc
671 2646 758 2675 non
792 2639 880 2684 est,
909 2646 935 2675 a
960 2627 1131 2675 ludicra
1161 2626 1237 2674 illa
1265 2627 1577 2683 celebratione,

115 2723 231 2770 quae
271 2724 418 2754 coram
455 2707 549 2754 solo
584 2705 732 2752 iudice
765 2705 880 2752 laico
915 2705 1012 2751 sine
1046 2715 1145 2751 actu
1182 2704 1388 2767 religioso
1424 2704 1578 2758 fieret,

117 2783 285 2846 passim
320 2784 582 2846 refugerent.
624 2783 782 2829 Verum
819 2799 895 2845 per
929 2799 993 2837 se,
1032 2791 1077 2828 et
1110 2798 1163 2827 ex
1197 2780 1438 2830 intentione
1471 2780 1583 2842 legis
