1918 3186
314 183 403 230 136
577 199 655 230 un.
684 199 714 229 1.
742 197 854 229 sacr.
883 197 912 227 1.
943 197 995 229 nn
1019 197 1189 231 numu.
1220 199 1500 232 sxcnmznro,

404 275 560 322 Verum
589 274 707 339 quod
741 273 883 337 magis
916 273 971 321 ad
1006 292 1096 322 rem
1130 286 1324 323 nostram
1348 276 1477 332 facit,
1504 286 1571 324 est
1593 278 1767 325 concilii

313 350 535 398 tridentini
558 349 796 397 auctoritas
815 388 825 406 ,
853 350 971 414 quod
997 361 1099 415 post
1121 352 1300 398 allatum
1331 352 1560 416 paulinum
1585 362 1765 409 textum,

312 426 562 472 immediate
593 442 645 472 ex
677 442 728 473 eo
756 425 907 474 infert:
940 426 1088 473 «Cum
1112 427 1245 490 igitur
1267 427 1594 475 matrimonium
1611 428 1656 474 in
1674 428 1770 492 lege

310 500 563 565 evangelica
585 502 807 549 veteribus
830 502 1063 550 connubiis
1087 514 1303 567 praestet:
1326 504 1481 552 merito
1504 503 1618 551 inter
1633 521 1772 552 novae

309 577 419 640 legis
444 588 719 625 sacramenta
743 579 1121 626 annumerandum
1145 581 1286 627 sancti
1311 590 1459 644 patres
1483 580 1643 636 nostri,
1666 597 1771 628 con-

309 652 411 700 cilia
428 663 472 700 et
487 654 752 702 universalis
775 654 988 702 ecclesiae
1006 655 1183 703 traditio
1202 673 1377 720 semper
1392 656 1636 703 docuerunt
1650 658 1767 718 (1).»

404 728 628 777 Habemus
660 729 793 792 igitur
825 747 878 776 ex
911 729 1173 787 tridentino,
1221 730 1444 779 Christum
1478 730 1588 778 illud
1622 731 1769 796 ipsum

308 804 594 861 connubium,
621 805 739 870 quod
763 806 955 869 primum
989 823 1015 853 a
1039 806 1130 853 Deo
1164 806 1411 854 institutum
1447 818 1540 864 est,
1579 807 1623 854 in
1658 824 1771 855 nova

308 880 404 944 lege
435 881 575 944 gratia
607 881 808 938 auxisse,
841 892 885 929 et
913 881 969 928 ad
1002 882 1095 931 veri
1132 882 1389 947 propriique
1417 882 1680 931 sacramenti
1703 883 1773 931 di-

309 958 520 1020 gnitatem
555 959 769 1005 evexisse.
813 958 876 1006 Ac
909 969 1167 1023 propterea,
1203 959 1323 1023 quod
1357 975 1635 1024 consequens
1674 970 1764 1016 est,

308 1032 525 1080 eiusmodi
558 1034 827 1081 evectionem
860 1050 914 1080 ex
946 1034 1112 1082 Christi
1141 1034 1415 1082 institutione
1438 1051 1539 1083 esse
1563 1035 1650 1099 ipsi
1674 1052 1773 1083 con-

310 1109 468 1156 tractui
514 1109 796 1157 intrinsecam
836 1109 947 1158 adeo
981 1127 1034 1158 ac
1066 1111 1367 1158 inhaerentem
1391 1148 1402 1167 ,
1437 1121 1486 1158 ut
1518 1111 1775 1175 coniugium,

308 1184 598 1232 christianum
623 1185 914 1250 praeseferret
935 1186 1111 1250 signum
1136 1186 1572 1251 repraesentationis,
1600 1204 1680 1234 seu
1705 1204 1773 1234 re-

252 1285 255 1288 ·
309 1259 441 1308 ferret
469 1278 549 1326 per
576 1278 625 1309 se
657 1262 863 1310 unionem
889 1261 1053 1310 Christi
1089 1280 1190 1310 cum
1218 1262 1420 1310 ecclesia.
1445 1262 1568 1318 Quae
1590 1262 1771 1327 quidem

310 1335 474 1384 Christi
507 1337 612 1385 unio
635 1354 736 1385 cum
760 1338 923 1403 duplex
951 1339 1036 1396 sit,
1063 1339 1256 1404 ,physica
1272 1376 1282 1395 ‚
1310 1338 1494 1394 scilieet,
1520 1338 1648 1386 Verbi
1671 1355 1771 1386 cum

309 1410 582 1460 humanitate
605 1431 684 1478 per
705 1414 1050 1462 incarnationem
1067 1452 1078 1471 ,
1105 1426 1147 1463 et
1169 1414 1349 1463 moralis
1366 1452 1377 1471 ‚
1404 1432 1578 1479 nempe,
1607 1414 1771 1463 Christi

309 1505 418 1548 cum¹
441 1488 629 1537 ecclesia
661 1507 742 1555 per
771 1491 955 1553 gratiam
987 1508 1139 1547 suam;
1173 1491 1501 1539 matrimonium
1525 1491 1582 1538 ad
1605 1502 1773 1540 utram-

309 1581 397 1628 que
430 1565 639 1613 unionem
672 1566 1009 1630 significandam
1043 1566 1126 1615 fuit
1159 1585 1185 1615 a
1217 1567 1392 1615 Christo
1425 1568 1614 1616 Domino
1646 1568 1773 1616 insti-

309 1650 467 1688 tutum.

405 1716 489 1764 Sed
508 1728 701 1783 praestat
722 1718 1040 1784 expositionem
1064 1720 1242 1776 afferre,
1264 1737 1398 1785 quam
1422 1720 1612 1783 insignis
1636 1720 1770 1768 huius

311 1791 481 1856 paulini
505 1804 648 1842 textus
666 1795 721 1842 ad
741 1812 831 1843 rem
855 1806 1049 1844 nostram
1075 1796 1299 1861 praeclare
1321 1796 1455 1844 habet
1471 1796 1769 1843 Bernardinus

310 1889 335 1919 a
368 1873 569 1929 Piconio,
601 1890 805 1938 quaeque
826 1884 1146 1938 argumentum,
1172 1873 1291 1939 quod
1313 1890 1557 1930 versamus,
1585 1873 1771 1920 mirifice

310 1948 515 1997 illustrat.
538 1951 895 1997 «Sacramentum
919 1950 992 1997 hoc
1015 1967 1218 2014 maqnum
1233 1959 1320 1997 est:
1347 1967 1421 2013 eqo
1444 1959 1585 1996 autem
1608 1949 1701 1996 dico
1724 1951 1770 1996 in

313 2028 482 2074 Christo
499 2028 601 2074 etin
617 2027 807 2074 ecclesia.
830 2026 942 2074 Hinc
964 2025 1204 2089 colligitur,
1232 2025 1294 2072 ait
1316 2026 1413 2090 ipse
1428 2063 1438 2082 ,
1465 2025 1584 2090 quod
1608 2026 1772 2073 sancti-

311 2114 378 2151 tas
395 2114 438 2151 et
453 2102 710 2151 excellentia
731 2103 997 2151 matrimonii
1020 2102 1248 2150 christiani
1273 2102 1475 2150 consistit
1490 2102 1535 2149 in
1554 2119 1622 2159 eo,
1650 2103 1768 2167 quod

311 2180 637 2228 matrimonium
671 2190 844 2227 emanet
874 2179 932 2227 ab
962 2179 1125 2227 unione
1147 2179 1310 2226 Christi
1335 2196 1434 2226 cum
1458 2178 1665 2234 ecclesia,
1692 2195 1769 2225 cu-

313 2254 381 2301 ius
399 2254 578 2302 unionis
603 2255 747 2318 imago
764 2265 855 2312 est,
885 2255 1150 2319 signumque
1179 2254 1614 2319 repraesentativum.
1645 2253 1768 2300 Hanc

311 2339 456 2377 autem
477 2329 641 2378 Christi
664 2330 871 2378 unionem
894 2347 994 2378 cum
1017 2329 1204 2378 ecclesia
1226 2329 1549 2377 matrimonium
1566 2328 1768 2375 christia-

313 2424 419 2454 num
453 2406 582 2471 quasi
615 2405 827 2470 adimplet
849 2417 891 2454 et
914 2407 1109 2471 perficit,
1146 2423 1246 2454 cum
1277 2406 1353 2453 dat
1383 2405 1596 2453 ecclesiae
1622 2404 1762 2461 filios,

311 2482 573 2546 Christoque
604 2481 801 2529 membra
828 2482 1029 2547 mystica.
1053 2481 1133 2529 Est
1164 2499 1267 2544 ergo
1299 2480 1477 2528 unionis
1510 2479 1673 2527 Christi
1707 2480 1767 2527 ita

312 2558 654 2622 repraesentatio
672 2597 682 2616 ,
709 2570 758 2607 ut
780 2558 839 2607 sit
866 2568 909 2606 et
941 2557 1196 2623 adimpletio
1213 2594 1223 2614 ,
1260 2567 1393 2622 atque
1426 2557 1761 2605 consummatio.

309 2634 632 2682 Sacramentum
665 2634 739 2682 hoc
771 2651 974 2700 maynum
1005 2643 1089 2681 est:
1123 2651 1197 2698 eqo
1230 2643 1371 2681 autem
1403 2632 1496 2679 dico
1525 2634 1571 2679 in
1598 2632 1766 2680 Christo

310 2719 350 2756 ot
381 2710 428 2756 in
460 2710 654 2766 ecclesia,
693 2711 822 2777 quasi
861 2711 1048 2760 diceret:
1086 2710 1171 2759 hoc
1203 2719 1521 2759 sacramentum
1556 2708 1763 2772 magnum

404 2808 450 2849 (l)
468 2809 552 2842 Sess.
569 2812 681 2844 XXIV.
