1918 3186
290 152 379 185 cir.
400 153 429 184 1.
446 153 538 187 aar.
555 153 600 185 11.
618 153 671 184 nn
688 152 886 185 vmunn:
905 155 1079 188 sicam.
1097 155 1150 188 nx
1166 155 1313 188 nocra.
1331 157 1476 190 senor.
1568 143 1623 193 31

160 231 452 296 approbatum
492 242 535 279 et
572 231 878 279 confirmatum
907 270 917 288 ,
962 244 1005 279 et
1045 233 1207 282 sactum
1239 236 1407 298 gratiae
1441 237 1630 288 causatis

158 324 259 354 vum
279 309 376 369 (90)
388 345 396 354 .
408 326 431 351 ))

252 383 490 439 Diu-andus
523 401 550 431 a
581 392 728 431 monte
771 383 984 436 Porciano
1026 386 1264 451 episeopus
1305 386 1548 441 meldensis
1582 387 1627 441 in

156 460 399 516 Commeat.
428 460 474 506 in
509 461 551 508 4.
582 459 661 506 lib.
693 460 887 509 Sentent.
919 478 946 508 a
978 461 1162 526 reliquis
1206 463 1424 523 descivit,
1462 463 1523 521 ita
1560 473 1628 521 ta·-

154 554 257 585 men
274 575 285 594 ,
312 546 361 584 ut
382 536 492 601 quin
528 536 809 585 traditionem
843 537 1058 594 infirmet,
1096 555 1193 589 eam
1220 540 1368 604 potius
1402 540 1630 598 confirmet

156 613 300 676 magis
333 613 575 678 pugnando
609 629 789 669 secum,
827 623 870 662 et
900 630 1002 661 cum
1037 615 1211 662 ceteris.
1249 616 1423 668 Etenim
1457 617 1626 682 ipsein

154 688 258 739 dist.
300 690 344 736 1.
385 707 430 754 q.
475 690 518 735 4.
559 690 761 753 agnoscit
793 690 1035 739 discrimen
1067 690 1182 738 inter
1226 704 1505 746 sacramenta
1552 710 1628 742 ve-

152 765 257 819 teris
291 765 404 830 legis
438 776 482 815 et
516 778 794 816 sacramenta
827 782 968 820 novae
1001 766 1112 830 legis
1142 805 1152 822 ,
1200 768 1320 833 quod
1361 769 1437 816 illa
1474 771 1626 819 saltem

143 859 224 905 per
257 860 300 893 se
333 861 419 890 non
453 845 715 893 continerent
754 845 971 908 qratiam,
1010 842 1121 898 haec
1154 860 1258 900 vero
1289 844 1405 895 dent.
1434 844 1548 898 Ibid.
1577 847 1624 901 in

148 936 268 984 resp.
306 919 362 966 ad
407 921 450 965 4.
488 920 690 967 concedit
723 938 802 985 per
835 922 978 968 omnia
1015 938 1154 975 novae
1192 920 1304 984 legis
1347 934 1625 976 sacramenta

143 997 316 1059 plenius
339 997 527 1061 gratiam
545 998 734 1049 conferri
758 1014 892 1062 quam
916 1014 997 1062 per
1019 1009 1296 1050 sacramenta
1313 999 1473 1048 veteris
1491 998 1617 1063 legis.

148 1072 197 1119 In
231 1073 338 1123 diat.
377 1091 481 1124 vero
516 1076 560 1121 2.
589 1092 636 1139 q.
668 1076 711 1121 2.
739 1075 970 1126 constituit
1002 1085 1172 1140 septem
1205 1093 1307 1126 esse
1339 1092 1478 1125 novae
1511 1075 1623 1140 legis

146 1161 423 1199 sacramenta
438 1189 448 1207 ‚
472 1162 515 1198 et
535 1151 911 1216 quemadmodum
935 1151 991 1201 ad
1015 1151 1129 1203 alias
1151 1152 1336 1203 virtutes
1360 1152 1449 1205 alia
1474 1165 1623 1205 saera-

144 1235 291 1273 menta
324 1226 528 1275 ordinata
552 1238 680 1284 sunt,
709 1227 771 1274 ita
793 1227 1122 1277 matrimonium
1147 1228 1377 1277 ordinatur
1399 1229 1458 1278 ad
1481 1240 1623 1283 aetum

145 1305 471 1366 temperantiae:
499 1304 790 1368 praemiserat
811 1305 929 1355 enim
949 1324 957 1352 :
985 1325 1008 1350 α
1022 1305 1079 1353 ad
1104 1315 1230 1357 actus
1252 1305 1480 1362 virtutum,
1506 1323 1622 1370 quae

143 1389 249 1427 sunt
281 1390 467 1444 septem,
498 1391 586 1428 tres
610 1380 904 1444 theologales‚
932 1391 976 1431 et
998 1392 1190 1445 quatuor
1221 1381 1471 1434 cardinales
1493 1399 1622 1445 empe—

142 1453 269 1505 diunt
301 1472 433 1504 nos.»
460 1456 541 1504 His
574 1457 620 1505 in
654 1457 911 1507 universum
950 1457 1203 1509 constitutis
1236 1458 1355 1510 circa
1387 1476 1620 1511 numerum

140 1541 184 1579 et
216 1531 460 1581 efficaciam
497 1543 876 1583 sacramentorum
911 1551 1052 1583 novae
1084 1533 1195 1597 legis
1215 1572 1226 1591 ,
1254 1534 1311 1586 ad
1342 1534 1447 1583 dist.
1474 1536 1550 1581 26.
1574 1534 1619 1585 in

140 1624 232 1671 qua
265 1625 410 1657 sermo
443 1619 512 1658 est
543 1609 601 1658 de
632 1610 916 1659 matrimonio
950 1610 996 1658 in
1031 1611 1181 1675 speeie
1213 1621 1297 1659 art.
1329 1613 1374 1657 3.
1411 1627 1620 1676 expresse

139 1682 354 1732 affirmat:
387 1705 410 1730 «
432 1686 687 1733 Tenendum
712 1696 781 1733 est
804 1685 1006 1734 absolute
1040 1686 1159 1751 quod
1194 1686 1522 1741 matrimonium
1551 1696 1621 1737 est

138 1772 462 1810 sacramentum
478 1799 488 1819 ,
521 1779 623 1810 cum
647 1762 733 1810 hoe
755 1762 1018 1813 determinet
1038 1762 1226 1813 eeclesia
1250 1762 1420 1823 (Eaecra
1442 1762 1494 1815 de
1518 1762 1618 1809 hae-

136 1837 294 1885 reticis.
332 1838 399 1885 Ad
430 1838 737 1899 Abolendam),
776 1838 855 1887 ubi
887 1849 1102 1891 memorat
1133 1838 1462 1891 matrimonium
1504 1838 1617 1889 inter

137 1911 226 1959 alia
248 1926 525 1964 sacramenta
539 1953 550 1972 ‚
572 1926 615 1963 et
631 1915 790 1963 docere
806 1916 1062 1980 oppositum
1085 1926 1148 1964 est
1170 1916 1477 1967 haereticum.»
1499 1914 1616 1966 Hac-

138 1998 266 2036 tenus
298 1988 429 2037 bene.
469 1991 550 2039 Ast
583 1992 718 2056 paulo
751 1992 869 2040 infra
901 2003 1100 2042 autumat
1141 1991 1471 2042 matrimonium
1505 1993 1617 2043 citra

139 2065 347 2111 haeresim
379 2065 467 2113 dici
501 2084 636 2130 posse
668 2079 994 2118 sacramentum
1028 2070 1253 2132 aequivoce
1292 2067 1462 2118 ratione
1495 2067 1614 2131 signi

137 2141 200 2188 rei
224 2158 400 2198 sacrae,
433 2154 637 2206 respectu
660 2154 903 2192 ceterorum
927 2155 1301 2193 sacramentorum
1316 2181 1327 2200 ‚
1354 2160 1441 2193 non
1464 2153 1612 2195 autem

136 2219 326 2273 univoce,
343 2228 578 2283 quatenus,
602 2219 718 2266 sicut
733 2230 877 2267 cetera
895 2230 1186 2276 sacramenta,
1204 2220 1389 2283 gratiam
1406 2236 1494 2267 non
1512 2237 1614 2284 pro-

137 2293 259 2340 ducit
281 2311 336 2341 οτι)
359 2312 480 2358 opere
500 2305 697 2358 operat0,·
723 2295 802 2343 sed
821 2295 964 2344 solum
983 2313 1037 2343 ex
1053 2313 1187 2360 opere
1208 2296 1433 2360 operantis
1457 2296 1607 2357 (91).»

231 2368 313 2417 Ast
346 2370 391 2416 in
426 2370 511 2417 hoc
538 2387 625 2417 non
652 2370 858 2419 cohaeret
882 2371 995 2427 sibi,
1017 2371 1129 2419 tollit
1162 2372 1281 2419 enim
1315 2371 1611 2418 differentiam

136 2463 269 2510 quam
304 2446 402 2510 ipse
439 2446 743 2510 assignaverat
775 2448 820 2494 in
856 2447 961 2495 dist.
992 2449 1037 2494 1.
1067 2459 1110 2495 et
1133 2450 1176 2494 2.
1201 2448 1315 2495 inter
1337 2455 1611 2495 sacramenta

231 2613 298 2653 (90)
318 2617 429 2655 Super
450 2615 604 2656 quatuor
626 2614 732 2647 libros
752 2617 1007 2648 sententiarum
1030 2617 1127 2648 Petri
1150 2612 1345 2646 Lombardi.
1370 2613 1498 2647 Brixiae
1519 2616 1607 2646 1591.

136 2666 214 2698 tom.
230 2667 285 2699 lv.
299 2666 333 2700 'm
345 2666 422 2700 dist.
440 2672 491 2700 26.
503 2668 565 2700 art.
580 2669 612 2700 4.
623 2676 658 2709 q.
671 2673 700 2700 2.

230 2718 299 2759 (912
317 2721 364 2753 ln
375 2722 473 2753 Petri
480 2720 667 2757 bernhardi
680 2722 868 2754 sententias
886 2721 1091 2762 theolooicas
1106 2720 1431 2764 commentariorum
1442 2717 1519 2751 libri
1532 2718 1607 2751 ull.

137 2773 248 2804 venet.
269 2774 357 2805 1571.
375 2772 430 2804 rol.
449 2775 519 2805 367.
538 2774 643 2813 teryo.
