1912 3180
319 195 409 225 cn.
427 194 485 226 ιν.
505 194 556 225 »Ε
574 194 730 226 mcum.
751 194 827 226 rao
849 194 951 225 tem:
971 194 1023 225 ni:
1042 194 1166 225 nnn.
1185 194 1267 225 mv.
1286 195 1377 225 Λιιτ.
1403 195 1431 225 ι.
1540 181 1628 226 3Ἷ3

159 271 331 328 firmat,
364 272 473 337 quin
509 289 585 319 eos
620 271 774 334 legerit
798 310 806 327 ‚
847 271 1171 335 separationem
1196 281 1337 318 status
1363 271 1422 318 ab
1442 272 1631 319 ecclesia

159 349 405 396 docuerint.
1524 352 1527 353 ⁷

255 427 370 472 Sane
393 426 618 472 unanimis
643 436 817 490 patrum
841 425 1047 472 doctrina.
1067 437 1156 481 est,
1180 443 1267 473 non
1293 426 1436 473 solum
1463 427 1630 474 ratione

162 501 263 547 finis
281 518 333 547 ac
351 501 674 565 praesidiorum
694 500 906 563 distingui
931 511 1092 547 statum
1115 502 1342 565 politicum
1360 519 1439 549 seu
1458 502 1630 550 civilem

159 575 215 622 ab
238 576 452 633 ecclesia;
481 588 702 641 quatenus
727 576 800 623 ille
825 576 956 623 habet
990 594 1069 640 pro
1105 577 1192 624 fine
1216 579 1469 626 immediato
1494 579 1632 626 felici-

159 663 292 699 tatem
328 653 611 718 temporalem
647 653 811 700 civium
828 691 837 708 ,
865 652 1065 717 adeoque
1089 663 1131 699 et
1156 655 1378 718 praesidia
1396 693 1405 711 ‚
1434 673 1550 720 quae
1574 655 1630 701 ad

158 747 259 776 eum
295 729 554 793 perducant,
579 729 762 785 idonea;
792 729 980 776 ecclesia
1002 747 1106 776 vero
1132 729 1385 777 felicitatem
1409 742 1630 778 aeternam

159 823 211 853 ac
257 806 405 852 media
440 806 495 852 ad
531 823 636 852 eam.
663 805 947 853 obtinendam
991 816 1270 870 opportuna;
1308 823 1463 853 verum
1498 807 1634 854 etiam

161 882 293 928 finem
319 899 371 928 ac
395 881 619 945 praesidia
653 881 798 928 civilis
833 880 1055 928 societatis
1090 890 1248 945 suapte
1283 892 1440 928 natura
1474 882 1631 929 subura

160 957 313 1004 dinata
341 974 443 1004 esse
471 958 675 1021 potestati
705 956 947 1012 ecclesiae,
988 967 1215 1021 quatenus
1241 956 1428 1004 felicitas
1464 967 1631 1022 tempo-

161 1034 268 1081 ralis
291 1034 501 1081 ordinata.
525 1045 593 1081 est
616 1034 671 1080 ad
697 1034 947 1081 felicitatem
973 1044 1212 1081 aeternam.
1247 1034 1361 1081 Hinc
1390 1034 1633 1082 docuerunt

162 1121 311 1174 patres
346 1111 486 1157 Deum
523 1110 772 1157 instituisse
806 1121 1064 1175 potestatem
1099 1109 1274 1157 civilem
1296 1148 1306 1167 ‚
1344 1121 1395 1157 ut
1427 1110 1631 1158 subsidio

157 1197 279 1234 esset
303 1186 544 1242 ecclesiae,
575 1197 707 1251 atque
740 1186 955 1234 ecclesiae
988 1186 1221 1233 inserviret
1254 1196 1478 1251 tamquam
1504 1204 1632 1250 prae-

158 1262 324 1310 sidium
359 1262 416 1309 ad
451 1262 781 1327 assequendum
816 1261 946 1310 finem
983 1261 1028 1309 ei
1057 1262 1283 1327 proprium
1308 1300 1318 1318 ,
1357 1279 1518 1326 nempe
1552 1278 1630 1308 su-

161 1357 387 1403 premum..
415 1339 480 1385 Ita
514 1356 552 1385 s.
577 1337 854 1385 Caelestinus
877 1339 1056 1400 (40)‚.s.
1079 1339 1164 1384 Leo
1183 1338 1239 1383 M.
1268 1338 1386 1399 (41),
1410 1355 1448 1384 s.
1471 1337 1631 1400 Grego-

162 1415 255 1462 rius
275 1416 519 1477 M..(42)‚s.
534 1414 731 1462 Isidorus
753 1414 1026 1479 hispalensis
1050 1414 1246 1476 (43)‚sic
1270 1413 1429 1478 reliqui
1453 1430 1624 1461 omnes.

258 1491 347 1538 Nos
371 1490 429 1537 ad
454 1489 565 1537 haec
598 1489 905 1536 confirmanda
931 1507 1069 1535 unum
1100 1488 1341 1536 alterumve
1365 1488 1412 1534 in
1434 1488 1630 1535 medium

160 1566 639 1632 proferemus..ltaque
672 1566 1016 1629 s..Augustinus
1054 1565 1241 1612 scribit:
1285 1585 1307 1609 «
1328 1564 1464 1612 Aliter
1497 1566 1633 1612 servit

163 1646 272 1706 (rex
300 1643 491 1691 Domino
514 1646 550 1704 ),
580 1643 687 1708 quia
711 1643 843 1690 homo
868 1654 956 1699 est,
989 1643 1118 1690 aliter
1148 1643 1254 1707 quia
1285 1642 1418 1689 etiam
1443 1660 1518 1689 rex
1546 1654 1630 1690 est.

160 1720 277 1775 Quia
304 1720 438 1768 homo
463 1730 552 1775 est,
577 1719 616 1765 ei
637 1719 774 1766 servit
796 1719 986 1766 vivendo
1011 1719 1220 1775 fideliter;
1245 1719 1351 1784 quia
1374 1736 1477 1766 vero
1500 1719 1632 1766 etiam

160 1815 235 1844 rex
253 1808 342 1853 est,
366 1796 501 1844 servit
517 1796 638 1859 leges
656 1797 771 1843 iusta
791 1797 1128 1862 praecipientes,
1152 1808 1194 1844 et
1210 1795 1437 1844 contraria
1447 1796 1635 1859 proscri-

160 1873 315 1920 bentes
350 1872 629 1920 convenienti
664 1872 816 1935 vigore
851 1872 1107 1919 sanciendo.
1147 1873 1268 1919 Sicut
1312 1871 1494 1918 servivit
1524 1871 1634 1918 Eze—

161 1949 309 2005 chias,
338 1948 463 1996 lucos
487 1959 529 1995 et
552 1947 716 2012 templa
740 1947 978 2003 idolorum,
1008 1958 1050 1994 et
1073 1947 1149 1994 illa
1172 1947 1363 2003 excelsa,
1390 1963 1507 2012 quae
1529 1963 1632 1994 con-

162 2037 228 2073 tra
256 2035 493 2090 praecepta
525 2025 604 2071 Dei
640 2025 814 2071 fuerant
847 2034 1119 2079 constructa,
1147 2023 1633 2071 destruendo....Sicut

162 2102 343 2149 servivit
359 2119 435 2147 rex
452 2101 739 2148 ninivitarum
764 2100 1017 2147 universam
1042 2101 1261 2148 civitatem
1286 2100 1342 2148 ad
1367 2099 1633 2165 placandum

160 2178 397 2225 Dominum
437 2177 825 2242 compellendo....
844 2177 967 2224 Sicut
1002 2177 1182 2225 servivit
1222 2176 1634 2224 Nabuchodonosor

160 2271 314 2302 omnes
340 2254 383 2300 in
412 2272 545 2317 regno
581 2271 661 2300 suo
690 2253 858 2318 positos
883 2270 910 2299 a
933 2252 1289 2317 blasphemando
1312 2253 1406 2299 Deo
1427 2252 1524 2315 lege
1545 2262 1633 2299 ter-

161 2329 278 2376 ribili
304 2329 580 2395 prohibendo
609 2330 758 2390 (44).»
781 2329 825 2373 S.
850 2326 1086 2391 Gregorius
1117 2329 1173 2373 M.
1204 2328 1303 2374 «Ad
1329 2328 1413 2374 hoc
1430 2365 1439 2383 ‚
1467 2327 1627 2391 inquit,

162 2416 358 2469 potestas
394 2423 529 2470 super
563 2421 715 2451 omnes
751 2403 957 2451 homines
993 2404 1272 2451 dominorum
1312 2420 1508 2451 meorum
1543 2403 1633 2467 pie·

161 2481 237 2529 tati
273 2481 459 2529 caelitus
494 2480 598 2528 data
632 2491 720 2536 est,
750 2491 798 2528 ut
821 2480 906 2545 qui*
924 2480 1042 2528 bona
1066 2490 1311 2545 appetunt,
1339 2479 1627 2534 adinventum

258 2611 325 2651 (40)
347 2613 459 2652 Epist.
475 2610 522 2643 ad
544 2609 779 2642 Theodosium.

256 2663 322 2703 (41)
344 2664 455 2704 Epist.
473 2662 520 2695 ad
538 2664 683 2695 Leonem
698 2663 910 2702 mmmmm.

255 2716 322 2755 (42)
341 2716 411 2747 Lib.
427 2717 468 2747 11.
484 2716 584 2757 Epist.
599 2717 694 2747 va.
704 2714 751 2747 ad
766 2716 978 2748 Mauritimn
992 2715 1113 2755 imper.

257 2769 322 2808 (43)
344 2767 415 2800 Lib.
434 2769 491 2800 111.
507 2769 650 2800 sentent.
668 2775 739 2808 cap.
754 2769 806 2799 LI.

258 2821 324 2861 (44)
346 2821 455 2862 Epist.
474 2819 521 2851 ad
536 2819 695 2859 Bonisac.
715 2821 879 2852 Comitem
893 2820 1078 2852 CLXXXV.
1092 2818 1175 2851 alias
1188 2820 1224 2851 L.
1239 2817 1290 2850 ed.
1307 2819 1408 2850 Maur.
1427 2826 1458 2851 n.
1481 2822 1529 2851 19.
