1912 3180
322 181 411 227 292
574 196 653 254 ¹:¹¹³·
683 195 712 227 1.
741 194 854 227 sacr.
885 194 1056 227 ALTERA.
1087 191 1139 227 nt:
1174 195 1348 229 mrum.
1379 196 1520 230 crvm.

316 273 534 322 lemnibus
568 273 712 335 gentis
749 272 1010 321 islamiticae
1041 273 1314 322 Machometo
1349 276 1592 341 prophetae
1625 279 1787 331 oblatis

313 351 527 397 interesse
562 349 792 414 precibus,
831 350 1053 415 simulque
1087 368 1219 416 posse
1254 361 1481 416 tamquam
1515 353 1789 405 christianos

312 425 538 472 Christum
569 424 714 473 colere
743 426 930 491 eiusque
964 426 1105 490 legem
1142 428 1354 491 profiteri.
1386 429 1507 476 Idem
1542 440 1638 478 esto
1672 432 1793 481 iudi-

313 501 431 547 cium
453 502 510 548 de
533 502 735 567 principe
759 502 997 559 haeretico,
1025 504 1104 567 qui
1129 503 1375 552 catholicos
1412 516 1636 570 quatenus
1670 511 1791 556 cives

311 588 417 625 sunt
439 578 496 624 ad
519 595 574 626 ea
596 579 816 641 adigeret,
843 597 960 644 quae
984 595 1085 626 cum
1109 579 1333 627 catholica
1368 581 1646 645 professione
1670 601 1792 632 com-

312 655 416 719 poni
452 673 540 703 non
574 666 776 721 possunt.

407 731 621 779 Eiusdem
651 732 828 796 generis
856 743 925 779 est
954 749 1088 780 casus
1107 770 1117 790 ,
1155 749 1289 797 quem
1325 751 1431 798 prae
1465 735 1674 783 manibus
1709 737 1790 784 ha-

310 807 484 856 bemus.
510 809 875 874 Pseudo-politici
909 808 1006 872 lege
1028 826 1055 856 a
1079 826 1128 856 se
1151 808 1240 856 lata
1257 847 1267 866 ,
1295 819 1374 857 aut
1395 810 1576 858 ferenda
1609 822 1790 859 conten-

308 884 421 931 dunt
449 886 630 950 nuptias
665 902 812 933 coram
847 883 943 933 solo
977 885 1238 949 magistratu
1262 885 1382 933 civili
1407 886 1550 947 inscia
1573 887 1789 936 ecclesiae

309 959 468 1018 initas,
497 961 560 1008 uti
584 960 729 1008 licitas
747 997 757 1016 ,
787 959 953 1024 legales
979 971 1188 1025 ratasque
1212 961 1443 1009 habendas
1467 979 1568 1010 esse
1585 981 1612 1010 a
1629 963 1787 1011 subdi-

270 1050 272 1053 ’
310 1036 393 1092 tis,
442 1048 572 1101 prout
610 1036 728 1084 cives
772 1046 897 1093 sunt,
949 1037 1146 1085 sobolem
1181 1037 1286 1085 inde
1318 1048 1459 1086 ortam
1506 1039 1673 1103 pariter
1716 1041 1781 1087 uti

308 1112 546 1175 legitimam
565 1151 575 1169 ,
608 1130 724 1177 quae
749 1113 942 1177 politicis
966 1113 1173 1161 omnibus
1206 1114 1369 1162 civium
1395 1115 1591 1179 propriis
1615 1115 1787 1180 privile-

306 1187 392 1251 giis
423 1205 502 1235 seu
537 1189 709 1236 iuribus
745 1189 953 1254 potiatur.
982 1190 1045 1236 Ac
1069 1190 1107 1236 si
1134 1201 1360 1255 praeterea
1394 1190 1636 1254 legislatori
1672 1192 1786 1240 ulte-

306 1265 399 1312 rius
425 1265 631 1329 progredi
656 1265 829 1323 lubeat,
857 1266 1082 1330 permittat
1105 1267 1347 1331 perfectum
1373 1267 1429 1314 ab
1453 1267 1578 1315 hisce
1615 1269 1786 1333 nuptiis

305 1341 569 1398 divortium,
608 1353 743 1407 atque
776 1342 943 1390 idcirco
977 1342 1110 1390 etiam
1145 1343 1468 1408 polygamiam,
1508 1344 1783 1391 materialem

306 1417 461 1465 saltem
498 1436 576 1483 per
610 1419 843 1466 transitum
878 1419 934 1466 ad
971 1437 1084 1466 nova
1119 1430 1242 1467 vota:
1278 1420 1595 1485 impedimenta
1633 1422 1784 1468 matri-

303 1493 516 1540 monialia
554 1493 784 1551 immutet,
824 1494 970 1551 tollat,
1008 1495 1261 1542 constituat.
1304 1496 1472 1542 Norunt
1506 1495 1552 1542 hi
1589 1497 1783 1560 pseudo-

305 1569 497 1633 politici,
531 1571 799 1636 quibuscum
835 1571 1039 1634 agimus,
1074 1570 1183 1618 haec
1223 1570 1372 1618 omnia
1411 1570 1557 1618 aliena
1598 1590 1783 1635 prorsus

304 1664 405 1694 esse
428 1665 454 1694 a
478 1647 691 1711 religione
726 1647 970 1703 catholica,
1000 1657 1167 1695 etcum
1203 1647 1286 1703 iis,
1325 1647 1403 1711 qui
1439 1664 1537 1694 eam
1572 1647 1783 1711 profiten-

304 1733 388 1778 tur,
409 1734 559 1787 aperte
577 1741 798 1789 pugnare,
827 1724 1029 1788 adeoque
1047 1722 1104 1770 ab
1121 1722 1277 1769 eadem
1302 1722 1551 1786 repudiari,
1575 1721 1778 1769 damnari

303 1811 436 1863 atque
459 1800 726 1847 execrationi
751 1799 922 1848 haberi.
957 1800 1287 1854 Verumtamen,
1316 1798 1425 1862 quin
1451 1798 1773 1862 perterrefiant‚

301 1875 513 1922 audacter
536 1893 585 1923 se
609 1876 857 1940 sapientiae
880 1875 1053 1940 apicem
1083 1874 1286 1937 attigisse
1315 1873 1586 1922 arbitrantur
1608 1892 1688 1939 per
1709 1892 1781 1922 ce-

303 1951 467 1998 lebrem
502 1970 629 1999 suam
664 1952 1024 2009 distinctionem,
1064 1951 1184 2016 quod
1220 1968 1380 2015 nempe
1403 1950 1449 1996 in
1474 1950 1546 1997 his
1571 1950 1780 1998 omnibus

301 2027 386 2092 ipsi
424 2046 511 2076 non
548 2039 751 2093 spectent
778 2028 1108 2076 matrimonium
1126 2065 1136 2084 ,
1165 2026 1252 2074 nisi
1278 2037 1502 2091 quatenus
1526 2037 1781 2075 contractus

300 2103 446 2151 civilis
479 2114 548 2152 est
583 2116 716 2170 atque
740 2123 766 2152 a
789 2104 963 2152 civibus
998 2102 1245 2158 ineundus,
1284 2102 1394 2166 quin
1431 2120 1563 2149 curae
1586 2102 1699 2167 ipsis
1723 2103 1782 2150 sit

298 2181 355 2228 de
379 2182 675 2238 conscientia,
716 2193 793 2229 aut
826 2181 882 2228 de
917 2180 1094 2245 pietatis
1130 2179 1404 2243 integritate,
1434 2197 1459 2226 a
1483 2197 1572 2244 qua
1596 2179 1778 2227 omnino

299 2258 618 2322 praescindunt
653 2258 1022 2322 abstrahuntque.

395 2334 513 2391 Quid
551 2352 679 2399 porro
712 2334 953 2382 absurdius
989 2333 1074 2380 hac
1107 2333 1268 2396 agendi
1304 2332 1471 2379 ratione
1505 2332 1771 2394 excogitari,

301 2422 378 2459 aut
412 2412 519 2475 fingi
558 2410 744 2476 potest?
778 2412 932 2458 Nonne
965 2411 1011 2456 in
1045 2410 1202 2457 ordine
1237 2409 1371 2466 reali,
1410 2426 1513 2464 seu,
1541 2418 1589 2455 ut
1611 2408 1739 2455 aiunt
1761 2447 1770 2465 ,

299 2489 343 2534 in
368 2498 572 2536 concreto
601 2487 737 2534 iidem
761 2486 895 2534 simul
919 2487 1039 2534 cives
1063 2497 1168 2534 sunt
1185 2496 1229 2533 et
1246 2483 1517 2533 christiani?
1541 2484 1774 2540 Quomodo

298 2574 346 2609 ut
373 2553 498 2611 cives⁴
528 2563 573 2610 id
609 2574 752 2611 ratum
788 2563 953 2610 habere
987 2571 1200 2627 possunt,
1230 2560 1349 2625 quod
1374 2578 1400 2607 a
1422 2560 1668 2608 christiano
1692 2577 1772 2608 seu

297 2639 514 2687 catholico
555 2640 735 2688 nomine
769 2637 1016 2687 abhorret?
1050 2637 1281 2693 Quaenam
1315 2647 1383 2684 est
1415 2637 1635 2683 eiusmodi
1671 2636 1767 2692 lex,

298 2732 413 2778 quae
446 2715 790 2764 christianorum
821 2716 985 2763 civium
1020 2713 1301 2763 matrimonia
1333 2713 1496 2771 sancit,
1525 2732 1576 2762 ac
1601 2713 1637 2763 si
1663 2713 1772 2761 meri

298 2801 447 2840 essent
482 2792 643 2840 civium
680 2792 969 2841 contractus?
