1912 3180
310 196 399 242 300
571 209 652 240 un.
681 207 712 239 1.
741 206 855 239 sacr„
884 208 1056 240 Arrana.
1086 208 1139 240 nr:
1162 208 1336 241 mrum.
1367 208 1509 241 c1v1u.

308 288 429 352 lique
452 285 772 350 approbatione
790 303 869 333 seu
885 297 986 334 voto
1009 303 1061 333 ac
1085 286 1317 349 suffragio.
1334 287 1428 334 Hos
1451 287 1607 351 itaque
1629 304 1782 337 omnes

307 361 559 424 gravissimi
607 377 753 407 coram
793 360 886 409 Deo
919 362 1088 426 peccati
1127 378 1226 409 reos
1263 362 1357 408 fieri
1393 361 1614 418 dicimus,
1655 375 1784 427 prout

310 438 556 485 voluntarie
597 438 928 504 deliberateque
962 439 1157 503 quisque
1192 449 1362 503 partem
1397 456 1526 486 suam
1561 439 1770 488 confert.'

407 513 560 560 Plures
585 513 771 561 forsitan
795 532 848 561 ex
872 514 1259 580 pseudo-politicis
1294 515 1351 561 ad
1386 515 1609 563 eiusmodi
1644 533 1786 563 enun-

308 590 547 637 ciationem
568 590 882 648 subridebunt,
910 602 986 638 aut
1008 592 1140 638 etiam
1165 591 1398 639 cachinnis
1420 609 1518 639 eam
1544 593 1777 658 excipient.

311 666 441 723 Esto;
480 678 783 715 verumtamen
817 667 903 715 hoc
937 683 1020 713 nos
1054 666 1301 715 absterrere
1333 685 1421 715 non
1455 667 1586 716 debet
1619 669 1677 715 ab
1709 669 1784 716 ad-

308 742 522 790 struenda
552 743 738 791 veritate
771 742 1021 791 cuiusmodi
1056 743 1101 789 in
1137 759 1186 790 se
1219 754 1311 800 est3
1350 761 1433 791 nec
1467 744 1585 791 enim
1625 744 1782 808 impio-

310 837 408 866 rum
427 819 547 867 risus
571 830 768 868 avertere
791 836 874 866 nos
899 818 1056 876 debet,
1086 819 1175 867 imo
1199 836 1281 867 nec
1302 820 1536 867 minimum
1558 820 1784 869 dimovere

308 895 368 943 ab
409 896 575 944 officio.
610 896 723 943 Huic
768 895 878 942 risui
913 912 996 943 nos
1030 896 1313 943 assuevimus
1348 896 1481 944 etiam
1528 897 1676 961 quoad
1711 913 1783 944 res

307 972 490 1020 maioris
523 973 750 1020 momenti.
780 972 969 1036 Insuper
1001 972 1255 1020 istiusmodi
1290 972 1466 1030 irrisio,
1493 983 1571 1020 aut
1594 973 1784 1021 subsan-

309 1048 431 1095 natio
454 1066 507 1096 eo
535 1048 694 1096 melius
729 1047 1037 1112 comprobaret
1070 1047 1440 1114 confirmaretque
1471 1049 1591 1114 quod
1626 1050 1671 1095 in
1706 1051 1782 1097 Su-

308 1124 470 1188 periori
506 1122 693 1171 articulo
727 1124 949 1181 diximus,
977 1124 1185 1170 nimirum
1216 1124 1476 1173 huiusmodi
1501 1125 1706 1173 homines
1730 1142 1782 1171 ex

306 1199 398 1246 illis
421 1217 521 1247 esse
538 1238 547 1256 ‚
576 1199 654 1264 qui
679 1200 725 1245 in
750 1199 1019 1264 profundum
1050 1200 1290 1265 impietatis
1324 1200 1497 1266 delapsi
1534 1201 1778 1265 practicum

308 1275 570 1339 profitentur
592 1275 860 1322 atheismum
877 1313 887 1332 ,
915 1275 1083 1322 nullam
1101 1276 1204 1333 Dei,
1233 1276 1441 1341 propriae
1464 1276 1777 1333 conscientiae,

306 1361 385 1398 aut
411 1351 586 1399 futurae
611 1352 729 1399 vitae
753 1352 969 1399 rationem
993 1351 1225 1399 habentes.
1255 1352 1484 1417 Siquidem
1509 1352 1782 1417 exploratum

306 1437 401 1483 est,
440 1444 529 1474 non
562 1435 728 1491 'paucos
762 1444 815 1474 ex
849 1427 921 1473 his
956 1427 1344 1492 pseudo-politicis
1375 1427 1432 1475 ad
1461 1439 1655 1476 secretas
1681 1445 1783 1493 per-

307 1501 447 1549 tinere
481 1512 622 1550 sectas
641 1540 651 1560 ,
689 1512 767 1549 aut
799 1502 1068 1567 quandoque
1101 1503 1236 1550 etiam
1271 1505 1670 1561 communismum‚
1704 1515 1782 1552 aut

307 1576 610 1625 socialismum
644 1577 898 1642 complexos
934 1595 1050 1626 esse.

405 1653 633 1718 Quidquid
667 1671 798 1718 porro
832 1653 888 1700 de
920 1653 1006 1701 hoc
1040 1654 1119 1711 sit,
1147 1654 1209 1702 ita
1243 1672 1325 1703 nos
1360 1655 1631 1720 propositam
1665 1656 1782 1703 veri-

308 1740 441 1778 tatem
466 1730 740 1778 adstruimus
760 1749 770 1778 :
800 1731 878 1796 qui
901 1721 1069 1778 violant
1091 1730 1308 1779 ecclesiae
1331 1731 1499 1795 legem3
1529 1733 1606 1797 qui
1631 1743 1783 1780 aucto-

308 1825 379 1854 res
413 1806 515 1854 aliis
550 1818 675 1863 sunt,
702 1818 752 1854 ut
774 1824 873 1854 eam
898 1807 1307 1871 transgrediantur3
1336 1807 1414 1872 qui
1437 1807 1550 1856 alios
1580 1808 1783 1856 alliciunt

307 1882 364 1930 ad
399 1892 561 1930 statum
597 1882 840 1929 habitualis
876 1883 1071 1946 peccati;
1099 1883 1175 1948 qui
1203 1882 1316 1931 alios
1344 1883 1561 1931 obiiciunt
1588 1884 1781 1933 evidenti

304 1958 504 2024 periculo
533 1969 761 2007 aeternum
784 1958 967 2006 exitium
991 1959 1268 2016 incurrendi3
1287 1960 1333 2006 hi
1349 1960 1543 2024 profecto
1566 1978 1666 2009 reos
1689 1978 1783 2008 ma-

306 2036 465 2084 nifeste
488 2053 538 2083 se
560 2035 835 2083 constituunt
868 2053 1017 2084 coram
1045 2036 1137 2083 Deo
1171 2036 1425 2099 gravissimi
1462 2037 1658 2085 sceleris.
1689 2038 1781 2085 lam

306 2130 410 2161 vero
444 2112 554 2160 tales
589 2129 690 2160 esse
722 2129 800 2160 eos
834 2128 1006 2170 omnes,
1035 2129 1150 2177 quos
1173 2129 1316 2178 nuper
1349 2114 1655 2162 recensuimus
1674 2151 1684 2171 ,
1720 2113 1781 2161 ita

309 2189 398 2237 iam
424 2189 684 2253 'singulatim
708 2189 1004 2237 ostendimus.

352 2307 354 2309 ,
403 2266 466 2313 Ac
499 2268 546 2312 1.
570 2266 768 2313 Graviter
795 2283 980 2330 peccare
1013 2283 1120 2323 eos,
1159 2266 1236 2331 qui
1270 2265 1487 2313 ecclesiae
1518 2265 1660 2328 legem
1692 2266 1782 2313 vio-

306 2342 425 2399 lant,
463 2359 652 2407 eamque
685 2342 866 2389 maximi
901 2343 1134 2399 momenti,
1172 2342 1379 2390 videlicet
1411 2342 1457 2388 in
1492 2358 1566 2398 re,
1604 2358 1657 2388 ex
1692 2359 1781 2406 qua

308 2418 473 2484 pendet
489 2418 558 2467 vel
574 2418 821 2482 legitimum
846 2418 1172 2484 honestumque
1207 2419 1487 2482 coniugium,
1523 2428 1601 2465 aut
1638 2417 1781 2482 turpis

310 2495 564 2553 fornicatio,
603 2512 733 2543 nemo
751 2533 761 2552 ,
784 2499 838 2542 'ut
861 2494 1077 2552 arbitror,
1109 2495 1186 2560 qui
1222 2494 1544 2559 professionem
1574 2493 1782 2541 christia-

308 2589 410 2618 nam
444 2573 634 2620 fateatur
666 2573 826 2638 poterit
851 2576 1023 2636 ‘negare
1040 2609 1051 2629 ‚
1090 2582 1168 2619 aut
1200 2571 1333 2619 etiam
1362 2571 1410 2617 in
1432 2570 1619 2618 dubium
1655 2587 1781 2618 revo-

308 2664 424 2695 care.
462 2650 556 2697 Iam
587 2654 692 2698 vero
727 2649 830 2697 talis
855 2653 933 2697 'est
966 2647 1207 2696 tridentina
1246 2646 1446 2703 sanctio,
1486 2646 1607 2694 iuxta
1645 2664 1779 2711 quam

309 2723 555 2772 redduntur
597 2726 823 2775 inhabiles
857 2726 915 2773 ad
934 2729 1241 2774 contractum
1271 2722 1515 2772 ineundum
1557 2729 1691 2788 atque
1724 2722 1779 2770 ad

311 2799 562 2849 faciendum
590 2802 844 2866 coniugium
861 2840 871 2860 ,
899 2802 976 2867 qui
1001 2818 1149 2850 coram
1184 2799 1379 2866 parocho
1402 2817 1454 2848 ac
1477 2798 1676 2857 duobus,
1704 2809 1780 2846 aut
