1912 3180
191 190 281 221 cm).
301 190 357 220 iv.
377 189 429 220 m:
445 188 601 220 Ancum.
628 188 703 219 ruo
729 187 832 219 Leon
850 187 902 219 nr.
927 187 1052 219 una.
1075 186 1160 219 civ.
1178 186 1271 218 aar.
1289 187 1323 217 ι,
1417 170 1514 216 349

40 268 217 323 nistris,
240 267 328 314 sibi
346 265 456 313 solis
474 266 545 313 ius
563 275 840 312 reservantes
865 264 1161 328 intelligendi,
1190 263 1510 329 interpretandi

37 355 80 389 et
102 341 359 408 applicandi
391 341 508 388 idem
539 341 757 387 Statutum
777 339 834 386 ad
853 339 966 387 fines
991 357 1128 398 suos;
1151 357 1201 388 se
1218 331 1343 405 ipsos
1362 356 1511 388 sacra-

39 430 187 466 mento
222 418 452 480 religionis
496 416 755 463 devinciunt
792 415 847 461 ad
884 417 1112 480 proprium
1147 416 1236 465 sibi
1270 415 1519 464 demanda-

39 506 132 541 tum
169 510 336 539 munus
370 493 543 539 sincere
577 490 856 545 obeundum;
893 501 938 537 et
971 492 1034 538 ita
1064 509 1212 555 porro.
1247 492 1335 540 Vae
1364 502 1516 540 autem>

36 570 126 616 illis
145 605 155 625 ,
190 568 267 632 qui
302 568 540 616 violatores
573 585 626 616 ac
655 567 865 614 fractores
900 566 1088 614 huiusce
1120 569 1410 616 iurisiurandi
1434 569 1511 616 de—

34 644 433 711 prehenderentur!
452 646 502 691 ln
521 645 605 692 hos
622 644 741 691 enim
759 643 895 690 veluti
915 643 962 689 in
978 642 1131 690 violati
1150 645 1386 692 iuramenti
1411 662 1512 694 reos

36 722 397 770 animadvertunt
440 720 721 784 gravissimis
758 719 932 785 poenis.
971 719 1018 766 Si
1059 720 1136 784 qui
1169 737 1273 768 vero
1308 721 1421 784 legis
1460 739 1513 769 ac

33 798 325 846 iurisiurandi
361 798 570 845 fractores
594 797 819 861 propriam
848 795 1091 844 obtendant
1117 798 1443 852 convictionem,
1470 798 1510 845 si

37 875 281 922 libertatem
304 875 584 921 conscientiae
613 890 693 939 pro
717 890 767 921 se
792 873 1056 929 reclament,
1079 889 1156 920 eos
1181 889 1269 920 non
1293 873 1481 920 audiunt
1498 911 1508 929 ,

33 951 112 998 sed
139 951 262 999 iuxta
290 950 439 1013 legum
470 951 660 1013 rigorem
684 949 896 1015 plectunt.

132 1027 345 1083 Quinimo
374 1027 420 1074 in
446 1027 632 1074 istorum
668 1026 1148 1091 pseudo-politicorum
1182 1026 1392 1075 manibus
1418 1027 1513 1074 ius-

34 1103 273 1152 iurandum
310 1103 654 1151 instrumentum
683 1115 754 1151 est
787 1103 1096 1168 potissimum,
1134 1103 1254 1169 quod
1284 1104 1399 1168 ipsis
1428 1104 1514 1150 mi-

35 1180 158 1227 rifice
191 1180 379 1227 inservit
402 1180 458 1227 ad
482 1180 709 1228 vexandos
743 1180 959 1228 ecclesiae
987 1180 1233 1228 ministros.
1264 1179 1516 1227 Identidem

33 1257 153 1304 enim
189 1257 278 1321 ipsi
308 1268 386 1304 aut
412 1256 534 1320 leges
567 1257 787 1314 condunt,
817 1266 894 1304 aut
916 1257 1094 1304 decreta
1128 1257 1266 1304 edunt
1297 1255 1514 1304 ecclesiae

35 1333 120 1380 iuri
144 1350 197 1382 ac
220 1333 414 1381 libertati
444 1333 688 1390 contraria,
711 1351 828 1398 quae
845 1333 1012 1398 optime
1030 1344 1220 1381 noscunt
1238 1333 1359 1380 haud
1379 1349 1519 1397 posse

31 1427 58 1456 a
82 1409 303 1457 catholico
327 1409 576 1467 sacerdote,
599 1420 676 1456 aut
693 1427 720 1456 a
738 1409 962 1473 religiosis
983 1410 1115 1466 viris,
1140 1409 1265 1458 salva
1282 1409 1514 1458 conscien-

34 1485 121 1540 tia,
151 1484 336 1532 servari.
375 1484 580 1532 Attamen
615 1502 694 1532 eos
729 1496 893 1547 cogunt
927 1485 984 1531 ad
1019 1485 1338 1549 praestandum
1367 1484 1511 1532 iusiu—

36 1559 248 1616 randum,
275 1576 365 1624 quo
390 1559 560 1625 iniquis
596 1559 685 1607 illis
720 1560 895 1624 legibus
925 1578 1026 1608 sese
1056 1560 1352 1624 obstringant.
1382 1560 1512 1616 Quod

32 1638 70 1684 si
100 1647 334 1692 recusent,
367 1636 488 1684 velut
517 1638 562 1683 in
594 1636 800 1701 publicos
831 1637 1058 1685 societatis
1088 1637 1242 1685 hostes
1267 1654 1320 1684 ac
1343 1637 1513 1702 patriae

37 1713 284 1777 proditores
310 1713 356 1760 in
380 1731 457 1761 eos
482 1713 634 1760 furunt
650 1730 703 1760 ac
721 1713 1068 1770 debacchantur,
1091 1731 1169 1762 eos
1192 1713 1372 1770 officiis,
1395 1730 1514 1778 quae

30 1789 248 1846 obtinent,
275 1790 549 1846 destituunt,
577 1800 656 1836 aut
673 1790 924 1854 impediunt
940 1790 1182 1855 quominus
1200 1808 1253 1838 ea
1270 1807 1513 1854 assequan-

36 1875 107 1911 tur
129 1875 304 1929 praeter
328 1864 548 1930 reliquum
570 1882 812 1930 poenarum
831 1877 1096 1931 apparatum
1115 1867 1172 1914 ad
1190 1883 1267 1914 eos
1285 1867 1508 1915 insectan-

35 1940 117 1988 dos
141 1943 259 2002 (18).

133 2125 197 2165 (18)
220 2127 266 2156 En
283 2125 363 2165 quid
382 2125 478 2158 refert
490 2126 659 2168 Ephemer.
678 2125 809 2160 L’Echo
826 2126 869 2158 du
885 2128 976 2158 Mont
996 2127 1096 2159 Blanc
1123 2135 1223 2159 mens.
1239 2126 1315 2159 Feb.
1336 2131 1424 2160 1855.
1441 2139 1455 2154 κ
1467 2129 1512 2159 Le

36 2177 200 2210 minister-e
210 2178 296 2210 vient
305 2179 478 2220 d'envoyer
489 2179 509 2211 a
517 2188 571 2212 ces
580 2180 691 2220 agents
705 2188 768 2212 une
781 2180 961 2218 circulaire,
975 2188 1034 2221 par
1050 2180 1188 2221 laquelle
1199 2180 1224 2212 il
1238 2180 1309 2212 leur
1323 2180 1516 2212 commande

33 2230 63 2261 la
79 2229 292 2262 surveillance
304 2230 336 2262 la
349 2231 422 2271 plus
445 2232 550 2264 active
572 2233 684 2263 contre
699 2231 745 2263 les
764 2232 897 2272 pretres.
916 2234 966 2263 On
978 2231 1048 2264 doit
1061 2233 1108 2264 les
1120 2233 1208 2273 epier
1223 2231 1305 2264 dans
1321 2232 1368 2264 les
1379 2240 1511 2264 conver·

29 2283 151 2315 satians
160 2283 331 2324 publiques
339 2285 372 2316 et
384 2284 596 2325 particuliers,
607 2285 640 2316 et
650 2285 779 2316 surtout
793 2284 875 2316 dans
890 2285 936 2317 les
949 2284 1096 2317 discours
1106 2285 1164 2325 qui
1175 2284 1361 2326 pourraient
1373 2292 1511 2326 pronon-

32 2343 86 2367 cer
100 2344 141 2368 en
155 2336 276 2368 chaire.
296 2338 361 2369 Des
378 2336 493 2369 affides
507 2338 618 2369 seront
632 2337 771 2377 envoyes
786 2338 917 2378 parwut
931 2336 993 2369 afin
1009 2337 1050 2369 de
1062 2337 1217 2370 chercher
1239 2337 1298 2370 des
1321 2337 1413 2370 bases
1428 2337 1512 2370 d’ac-

33 2387 212 2420 cusation.»

130 2441 209 2473 Tale
228 2443 277 2473 est
299 2443 439 2482 systema
461 2441 692 2481 persecutionis
705 2442 737 2474 in
751 2441 932 2484 subalpinis
954 2444 1066 2475 contra
1092 2443 1273 2476 libertatem
1298 2443 1513 2477 conscientiae

33 2501 108 2533 erga
118 2493 313 2527 sacerdotes.

134 2545 254 2579 Eadem
280 2547 444 2588 ephemer.
466 2548 563 2579 refert
588 2549 698 2580 textus
713 2549 927 2581 articulorum
942 2549 1021 2589 legis
1035 2554 1066 2582 5.
1082 2550 1157 2582 Iulii
1174 2553 1263 2583 1854.
1279 2550 1366 2582 circa
1380 2550 1513 2591 modifi-

31 2600 182 2631 cationes
196 2600 323 2633 codicn's
334 2601 493 2642 poenalis
506 2625 517 2639 ,
537 2609 620 2641 quae
636 2601 830 2642 applicanda
847 2602 1049 2643 proponitur.

130 2653 198 2684 Art.
211 2657 240 2684 2.
260 2666 276 2681 «
290 2654 352 2686 Les
366 2653 530 2685 ministres
551 2653 609 2685 des
628 2653 750 2694 cultes,
768 2655 844 2695 qui,
864 2654 946 2686 dans
970 2654 1139 2687 l'exercice
1157 2655 1198 2688 de
1215 2655 1302 2688 leurs
1324 2656 1485 2690 fonctions
1499 2682 1509 2697 ,

34 2706 272 2745 prononceront
286 2714 327 2739 en
339 2706 515 2738 assemblee
528 2706 684 2747 publique
699 2715 745 2738 un
760 2707 907 2740 discours
920 2707 1119 2741 renfermant
1129 2717 1195 2741 une
1205 2717 1342 2742 censure
1352 2710 1410 2743 des
1424 2711 1511 2743 insti·

34 2755 157 2839 ἓυῑίοιιε
171 2758 204 2789 et
216 2756 274 2790 des
288 2757 350 2791 lois
365 2758 406 2791 de
418 2758 525 2798 l'etat,
550 2760 661 2792 serent
679 2759 775 2799 punis
798 2760 877 2792 d’un
899 2761 1196 2801 emptisonnement
1212 2761 1254 2795 de
1273 2762 1354 2797 trois
1379 2763 1465 2796 mois
1490 2765 1510 2795 a

57 2816 117 2839 eux
134 2817 224 2841 ans.»
