1912 3180
377 177 467 209 cir.
495 177 557 209 111.
583 177 634 209 nr.
665 178 838 210 mrum.
874 177 1023 210 civlus
1053 176 1173 209 unes.
1197 177 1290 209 Ant.
1317 177 1346 208 1.
1508 160 1598 208 295

215 254 437 303 Secundo:
461 256 598 303 immo
617 273 722 303 vero
739 272 793 303 ea
810 254 880 303 lex
897 265 1198 320 contemptum
1217 253 1366 319 prodit
1381 254 1598 302 ecclesiae

121 349 212 379 non
248 332 430 379 tacitum
466 331 624 387 modo,
663 331 742 378 sed
778 340 982 394 apertum
1016 332 1148 378 etiam
1182 340 1317 396 atque
1351 330 1596 379 formalem.

119 408 323 456 Assumit
357 407 475 454 enim
510 424 644 472 posse
678 406 934 471 quempiam
970 406 1154 471 impune
1187 406 1232 454 id
1269 407 1443 464 facere,
1481 407 1600 473 quod

118 484 203 532 sub
225 483 429 546 gravium
459 482 758 547 spiritualium
791 498 1033 547 poenarum
1068 483 1428 531 interminatione
1462 484 1603 532 eccle-

117 561 187 608 sia
215 577 271 607 ne
301 559 379 606 fiat
415 559 655 607 interdicit.
685 558 914 607 Ecclesiae
936 558 1058 622 leges
1077 576 1130 607 ac
1147 560 1186 607 si
1204 561 1415 625 nuspiam
1438 560 1602 609 existe-

120 647 217 684 rent
249 637 532 700 ignorantur,
561 636 630 683 vel
655 636 803 701 potius
839 635 1031 683 scienter
1062 636 1349 701 volenterque
1382 654 1603 702 spernun-

118 724 226 770 tur;
272 714 508 762 auctoritas
551 713 651 778 ipsa
693 730 772 777 pro
818 711 959 760 nihilo
993 711 1196 759 habetur.
1243 713 1324 760 Est
1358 731 1414 760 ne
1447 714 1533 761 hoc
1575 731 1603 761 a

121 789 338 853 religione
371 789 590 837 catholica
634 788 948 854 praescindere
982 787 1332 853 abstrahet-eque
1360 827 1370 846 ,
1415 807 1472 837 an
1514 807 1602 838 non

118 866 270 931 potius
304 884 402 915 eam
437 877 588 930 aperte
631 877 914 914 contemnere
936 864 961 911 ⁶?
1006 866 1088 914 Est
1128 883 1186 913 ne
1228 865 1340 913 haec
1387 865 1602 913 innocens

118 942 339 1008 quaedam
366 942 436 990 lex
470 960 581 1007 pure
613 942 787 999 civilis,
826 960 881 990 an
918 942 1067 1007 potius
1100 941 1172 991 lex
1204 941 1523 990 anticatholica
1550 959 1603 990 ac

121 1017 295 1084 impia?

213 1095 384 1144 Tertio:
413 1095 620 1143 latentem
646 1096 792 1161 prodit
816 1095 1194 1151 incredulitatem,
1223 1106 1359 1161 atque
1384 1106 1598 1144 secretam

119 1189 146 1220 a
165 1189 270 1219 vera
293 1170 508 1235 religione
537 1172 830 1237 apostasiam.
853 1172 985 1228 Sane,
1008 1172 1168 1220 coniici
1186 1172 1260 1220 vix
1278 1182 1426 1237 potest
1453 1188 1606 1236 quem-

120 1248 242 1312 piam
286 1248 403 1295 serio
446 1248 626 1296 credere
670 1249 930 1312 religionem
972 1248 1234 1296 catholicam
1278 1249 1411 1296 unice
1451 1265 1601 1297 veram

118 1342 218 1374 esse
235 1363 245 1382 ,
277 1343 358 1373 seu
381 1342 534 1372 verum
562 1325 836 1391 unicumque
869 1325 1255 1373 christianismum
1284 1325 1500 1375 divinitus
1523 1324 1603 1372 da-

117 1413 235 1457 tum,
265 1401 342 1466 qui
363 1412 513 1451 tamen
549 1402 733 1449 firmiter
765 1401 886 1466 apud
922 1419 971 1451 se
1004 1402 1243 1449 constituat
1266 1402 1313 1448 in
1338 1401 1473 1450 talem
1498 1418 1601 1467 pec-

117 1477 204 1525 cati
248 1476 491 1524 habitualis
527 1487 692 1527 statum
738 1495 787 1525 se
822 1478 1042 1526 coniicere
1081 1496 1136 1525 ex
1169 1496 1259 1543 quo
1283 1516 1293 1533 ,
1333 1479 1420 1526 nisi
1454 1477 1603 1526 doleat

118 1552 363 1618 aliquando
400 1563 445 1600 et
480 1552 732 1617 resipiscat,
771 1564 890 1601 certo
924 1554 1050 1602 novit
1080 1571 1131 1601 se
1164 1565 1393 1601 aeternum
1422 1553 1604 1602 damna-

120 1641 212 1677 tum
237 1629 291 1676 iri
316 1630 439 1677 iuxta
467 1629 670 1677 eiusdem
705 1630 921 1678 ecclesiae
945 1629 1191 1678 doctrinam
1218 1648 1270 1678 ac
1294 1630 1601 1678 firmissimum

119 1706 297 1770 dogma.
350 1708 443 1754 lam
487 1724 590 1755 vero
636 1707 738 1755 talis
782 1718 850 1755 est
895 1724 1048 1754 eorum
1085 1718 1256 1765 status,
1295 1708 1373 1773 qui
1410 1707 1599 1771 nuptiali

118 1783 287 1831 foederi
311 1783 431 1831 civili
456 1794 626 1830 tantum
659 1784 852 1831 contenti
883 1783 995 1830 nihil
1030 1784 1219 1835 ulterius
1254 1794 1486 1847 satagunt,
1520 1801 1601 1831 nec

120 1875 170 1905 se
205 1857 364 1905 sistere
406 1876 556 1905 coram
590 1858 780 1906 ecclesia
826 1859 1111 1922 pertinaciter
1159 1860 1340 1916 volunt,
1385 1876 1438 1907 eo
1478 1859 1599 1923 quod

120 1952 147 1997 a
182 1933 278 1997 lege
319 1934 437 1982 civili
473 1952 560 1982 non
595 1935 935 1999 compellantur.
974 1935 1030 1981 Hi
1067 1936 1211 1992 enim,
1251 1947 1300 1983 ut
1335 1935 1467 2001 paulo
1499 1946 1602 1982 ante

117 2011 420 2067 ostendimus,
459 2011 503 2058 in
539 2022 691 2077 aperto
714 2030 766 2059 ac
790 2011 960 2059 nefario
993 2012 1290 2060 concubinatu
1325 2012 1519 2075 degunt,
1547 2029 1599 2059 ac

121 2087 309 2151 proinde
344 2088 389 2133 in
426 2087 616 2135 lethiferi
652 2089 998 2153 gravissimique
1032 2089 1200 2154 peccati
1235 2099 1368 2136 statu.
1404 2089 1460 2135 Hi
1501 2105 1603 2152 pro-

122 2164 235 2211 fecto
263 2165 430 2211 nemini
462 2165 667 2229 prudenti
696 2165 1052 2229 persuadebunt,
1081 2183 1130 2213 se
1160 2165 1393 2213 ecclesiam
1421 2165 1602 2212 credere

121 2240 310 2305 eiusque
344 2240 612 2297 doctrinam,
652 2241 858 2305 quamvis
894 2241 1087 2288 exterius
1122 2241 1386 2288 catholicam
1423 2240 1602 2303 religio-

117 2335 217 2364 nem
238 2318 551 2382 profiteantur,
575 2317 654 2364 sed
677 2317 893 2364 increduli
916 2317 1178 2382 plerumque
1196 2328 1321 2374 sunt,
1354 2318 1425 2364 sin
1450 2318 1599 2364 minus

118 2390 357 2442 theoretice
377 2432 387 2452 ,
421 2394 615 2458 practice
652 2390 825 2441 saltem.
867 2393 984 2449 Quid
1020 2410 1151 2458 porro
1184 2393 1267 2441 erit
1301 2394 1595 2450 sentiendum,

117 2481 193 2519 aut
220 2471 459 2519 dicendum
494 2471 550 2518 de
585 2470 642 2518 iis
677 2469 1084 2535 pseudo-politicis,
1124 2470 1202 2535 qui
1238 2470 1381 2533 legem
1416 2470 1598 2517 immani

119 2547 268 2595 furore
301 2559 461 2612 urgent
494 2558 843 2613 promoveatque
878 2547 980 2594 totis
1010 2546 1208 2603 viribus,
1235 2564 1325 2611 qua
1359 2547 1601 2594 fornicaria

122 2623 198 2671 illa
225 2624 403 2672 vivendi
439 2625 551 2672 ratio
586 2623 901 2672 cohonestetur
934 2639 1082 2670 coram
1118 2622 1329 2671 societate
1357 2621 1600 2683 christiana

124 2710 166 2746 et
204 2701 463 2748 catholica?
497 2700 722 2765 Numquid
764 2700 874 2748 istos
917 2700 1113 2747 sinceros
1157 2698 1314 2747 fideles
1356 2699 1523 2747 dixeris
1557 2710 1600 2745 et

121 2775 333 2833 habebis,
361 2788 403 2826 et
427 2795 514 2826 non
542 2777 689 2841 potius
716 2775 958 2824 catholicos
984 2785 1245 2841 personatos
1264 2814 1275 2835 ,
1302 2776 1379 2841 qui
1404 2775 1597 2824 exterius
