1912 3180
230 200 319 231 cn».
340 200 396 230 iv.
417 200 468 230 nr.
492 199 647 232 Ancum.
675 199 750 231 rao
775 199 879 231 taen
904 200 954 231 nn
980 200 1104 232 nnn.
1122 200 1204 232 etv.
1225 201 1316 233 mr.
1339 202 1368 233 1.
1476 187 1566 232 337

98 294 242 342 neque
260 294 341 326 nos
361 278 401 325 ei
422 278 722 325 sinceritatem
754 278 872 326 hanc
901 279 1078 325 crimini
1114 280 1328 327 vertimus
1352 318 1361 336 ,
1401 297 1571 346 nosque

94 370 196 401 cum
215 353 292 400 illo
310 354 500 401 fatemur
520 352 847 417 legislationem
874 353 1140 402 catholicam
1167 372 1268 403 cum
1298 355 1375 403 tali
1409 356 1570 422 spiritu

94 429 216 477 nullo
248 429 382 477 modo
416 446 552 493 posse
586 428 848 477 consistere.

188 505 269 553 Ast
301 505 404 570 quis
440 505 559 553 hunc
592 505 768 553 induxit
795 504 1003 569 spiritum
1022 544 1031 562 ‚
1060 508 1161 570 quis
1191 518 1439 572 promovet,
1467 509 1569 574 quis

92 581 280 629 dilatare
297 581 444 629 modis
462 581 669 630 omnibus
687 579 957 630 connititur?
969 581 1004 627 li
1024 581 1129 646 ipsi,
1153 584 1230 648 qui
1250 601 1408 632 novam
1427 585 1568 649 legem

92 669 360 723 proponunt.
385 657 441 705 Hi
467 669 571 707 sunt
587 697 597 716 ,
624 658 701 724 qui
725 675 808 706 ova
831 657 1041 714 fundunt,
1063 659 1140 723 qui
1158 676 1212 708 ea
1227 660 1389 718 fovent,
1417 679 1470 709 ac
1492 662 1571 710 de—

93 751 214 781 mum
243 733 500 782 excludunt.

187 811 383 876 Spiritus
418 811 723 876 exquisitioris
748 810 906 859 aetatis
929 821 999 858 est
1020 811 1253 867 relativus,
1282 824 1325 860 et
1347 831 1447 861 cum
1471 831 1570 878 opi-

91 887 226 935 nione
258 886 437 953 publica
465 887 736 936 immutatur.
766 887 892 935 Alius
918 887 1000 935 fuit
1021 887 1096 936 hic
1120 888 1305 954 spiritus
1333 899 1477 937 aetate
1506 908 1570 938 re-

91 962 298 1011 bellionis
335 963 522 1027 gallicae
554 963 639 1011 sub
672 963 813 1029 elapsi
850 963 1016 1011 saeculi
1050 963 1243 1021 exitum3
1276 964 1392 1013 alius
1426 966 1569 1013 extitit

93 1038 179 1087 sub
212 1040 558 1095 restauratione,
597 1057 732 1104 quam
766 1050 956 1096 vocant;
996 1039 1110 1088 alius
1143 1040 1322 1087 demum
1357 1040 1442 1088 sub
1477 1058 1569 1089 me-

93 1115 217 1163 dium
251 1115 499 1181 praesentis
535 1115 718 1163 saeculi.
758 1115 980 1180 Spiritus,
1018 1116 1094 1180 qui
1129 1116 1271 1180 viguit
1298 1115 1474 1164 labente
1497 1134 1568 1164 su-

93 1190 257 1255 periori
290 1190 471 1239 saeculo
493 1229 507 1253 ,A
542 1202 636 1238 erat
668 1191 1014 1239 voltaerianismi
1050 1191 1234 1257 spiritus
1266 1201 1310 1239 et
1331 1191 1561 1249 atheismi;

92 1267 178 1315 sub
197 1268 520 1333 restauratione
543 1268 627 1315 suit
650 1268 1085 1324 semi-christianus3
1109 1268 1214 1315 huic
1238 1268 1455 1316 successit
1473 1269 1566 1334 spi—

89 1345 201 1392 ritus
235 1344 586 1409 protestantis'mi
623 1344 843 1408 negativi,
883 1361 962 1391 seu
997 1344 1307 1391 rationalismi.
1348 1344 1566 1401 Quocirca

89 1421 128 1468 si
162 1421 232 1468 lex
267 1421 591 1469 accommodari
620 1420 752 1468 debet
781 1421 955 1485 spiritui
986 1420 1208 1486 politioris
1241 1421 1371 1477 aevi,
1408 1431 1459 1468 ut
1491 1421 1564 1468 isti

88 1496 392 1553 contendunt,
437 1514 569 1561 quem
604 1496 957 1544 turbulentorum
992 1497 1222 1544 hominum
1258 1498 1410 1562 opinio
1439 1514 1565 1562 prae-

88 1572 242 1621 valens
284 1573 472 1637 ingerit,
511 1591 565 1620 ea
603 1572 756 1621 debuit
794 1591 895 1621 esse
929 1573 1060 1621 athea
1094 1573 1141 1620 in
1182 1574 1353 1640 epocha
1384 1574 1560 1639 prima,

89 1650 481 1698 semi-christiana
508 1651 553 1697 in
581 1651 719 1698 altera
736 1689 746 1707 ,
774 1661 902 1715 prout
925 1668 1042 1698 nunc
1071 1651 1282 1716 temporis
1308 1650 1439 1698 debet
1464 1669 1564 1698 esse

90 1727 451 1792 protestantismo
486 1727 692 1791 negativo
718 1727 968 1775 informata.
1003 1727 1100 1775 Huc
1135 1728 1344 1775 nimirum
1379 1728 1565 1775 tendunt

91 1804 334 1867 generatim
367 1804 546 1852 comitia
573 1803 810 1869 subalpina
834 1814 877 1851 et
898 1803 1069 1868 aliquot
1090 1804 1291 1867 gubernii
1323 1804 1444 1851 illius
1469 1821 1564 1851 mo-

90 1880 333 1928 deratores.
363 1881 500 1940 Quod,
527 1881 566 1927 si
601 1880 926 1945 praevaluerint
965 1881 1156 1928 decursu
1190 1881 1400 1945 temporis
1445 1897 1563 1927 mor-

91 1956 362 2012 monismus,
399 1954 750 2004 communismus
780 1973 832 2003 ac
866 1956 1171 2011 socialismus,
1202 1966 1250 2003 ut
1275 1956 1343 2003 lex
1372 1956 1431 2004 sit
1456 1956 1562 2003 huic

89 2033 270 2095 spiritui
305 2032 636 2079 accommodata
664 2071 673 2088 ,
720 2031 899 2079 debebit
940 2032 1205 2096 patrocinari
1242 2031 1520 2098 polygamiae
1549 2071 1556 2087 ,

91 2109 227 2156 immo
249 2126 354 2156 vero
377 2119 420 2156 et
442 2109 745 2157 communitati
770 2126 955 2156 uxorum
974 2109 1031 2156 ad
1051 2126 1251 2156 normam
1270 2109 1556 2174 reipublicae,

89 2201 222 2249 quam
253 2185 375 2232 Plato
401 2185 637 2233 somniavit
668 2186 752 2246 (4),
775 2195 818 2232 et
842 2185 901 2231 ita
926 2202 1070 2249 porro.
1095 2184 1214 2232 Talis
1246 2195 1314 2232 est
1343 2186 1560 2250 sapientia

91 2260 403 2310 nonnullorum
438 2262 715 2310 conditorum
753 2262 864 2324 legis
900 2262 945 2308 in
983 2260 1248 2326 subalpinis.

179 2403 224 2442 (4)
242 2405 325 2435 Sane
348 2403 439 2434 Plato
462 2402 517 2433 lib.
537 2405 575 2433 V.
598 2405 643 2434 De
667 2402 927 2446 r·ep14ol.11biex
945 2403 1087 2443 professo
1107 2403 1169 2434 hoc
1194 2402 1235 2434 dc
1260 2405 1449 2442 argumento
1476 2403 1558 2442 agit,

89 2456 178 2496 prius
194 2456 307 2488 statuit
326 2456 473 2496 generale
489 2456 682 2496 principium
699 2458 776 2496 pag.v
788 2458 859 2501 449,
871 2456 1006 2488 «Omnia
1022 2456 1207 2488 communia
1218 2464 1288 2488 esse
1303 2456 1386 2487 inter
1404 2455 1557 2495 amicos,›·

88 2507 174 2547 quod
189 2508 307 2541 deinde
319 2508 487 2549 paullatim
504 2508 644 2548 evolvit,
662 2509 738 2540 hinc
749 2507 919 2540 constituit
933 2517 1004 2549 pag.
1021 2512 1102 2540 452:

179 2562 309 2593 «Veluti
323 2562 409 2602 gregi
422 2561 571 2594 custodes
584 2563 680 2602 atque
691 2562 847 2602 pastores,
856 2561 900 2593 ita
913 2561 1000 2592 viros
1011 2554 1201 2606 mulieribus
1215 2561 1419 2602 praeficem»
1428 2561 1559 2594 demum

89 2622 161 2655 pag.
176 2616 247 2647 457.
263 2615 394 2647 schema
419 2615 479 2646 hoc
506 2614 584 2655 legis
608 2613 776 2655 proponit:
796 2615 948 2646 «Horum
974 2609 1120 2646 virorum
1142 2622 1258 2645 uxores
1281 2622 1392 2646 omnes
1413 2613 1558 2645 omnium

86 2675 274 2699 communes
295 2668 411 2708 sunto,
441 2667 597 2708 nulloque
625 2666 776 2708 privatim
798 2666 856 2698 ulli
882 2666 1110 2698 consuescitor.
1125 2668 1321 2699 Communoe
1342 2675 1439 2707 porro
1467 2666 1558 2698 liberi

86 2720 194 2759 sunto,
211 2728 317 2761 neque
337 2722 427 2762 pater
449 2720 552 2752 filium
565 2744 574 2760 ‚
592 2727 696 2760 neque
710 2718 796 2751 filius
810 2720 933 2760 patrem
946 2719 1128 2760 agnoscam
1140 2732 1154 2746 u
1165 2721 1197 2751 et
1212 2719 1328 2751 iterum
1343 2719 1453 2760 paullo
1468 2721 1557 2759 posu

91 2785 105 2798 u
122 2772 318 2804 communes
344 2781 414 2804 esse
441 2781 577 2811 uxores,
602 2780 854 2812 communesque
880 2771 1015 2804 liberos:
1045 2772 1073 2804 si
1100 2771 1199 2804 modo
1226 2772 1294 2804 fieri
1324 2772 1425 2813 possit
1441 2783 1477 2812 ;»
1492 2772 1560 2802 tum

86 2831 157 2864 pag.
175 2825 247 2856 460.
265 2838 279 2851 «
295 2825 381 2861 Quin
396 2826 427 2857 et
442 2825 548 2856 laxior
560 2824 775 2856 condonanda
789 2825 837 2856 est
852 2833 927 2855 cum
942 2823 1133 2856 mulieribus
1146 2824 1373 2865 congrediendi
1388 2825 1517 2857 licentia
1527 2836 1555 2861 ;=·

1452 2893 1495 2925 22
