1912 3180
357 201 447 245 324
619 213 698 243 un.
728 211 759 242 1.
789 211 903 243 sacr.
929 208 1100 242 Arriam.
1132 211 1183 243 nn
1208 210 1381 243 numu.
1412 211 1553 244 cwm.

353 287 452 340 cum
486 289 719 355 parochis,
754 306 854 336 cum
883 290 1064 353 optimis
1097 289 1351 355 quibusque
1386 290 1717 339 sacerdotibus:
1749 312 1825 343 eos

352 380 578 431 tamquam
613 366 840 413 invasores
873 365 980 429 regii
1012 365 1123 412 iuris
1147 365 1410 422 traducunt,
1439 366 1494 412 ad
1519 384 1619 414 eum
1641 367 1826 416 modum

349 459 438 507 quo
473 441 606 507 lupus
641 442 854 490 adversus
890 459 1052 506 agnum
1090 442 1349 499 insurrexit,
1377 459 1430 490 eo
1454 443 1573 507 quod
1598 443 1826 492 locumte-

350 535 460 565 nens
495 518 749 566 inferiorem
777 519 834 575 ei,
867 519 944 584 qui
970 519 1178 583 superius
1213 528 1334 566 esset
1366 519 1556 583 positus,
1587 520 1828 568 turbaverit

349 612 528 659 aquam.
557 594 636 651 lis,
668 595 816 660 quiin
842 595 1031 642 historia
1067 594 1265 659 hospites
1302 594 1433 659 plane
1466 613 1555 642 non
1590 597 1707 653 sint,
1748 615 1827 661 pa-

348 670 478 728 tebit,
501 688 570 727 ea,
594 688 711 736 quae
727 671 938 727 dicimus,
962 670 1200 733 genuinam
1221 671 1384 718 referre
1401 671 1633 720 historiam
1651 690 1821 729 eorum,

347 764 462 811 quae
485 746 532 793 in
555 747 774 795 eiusmodi
793 748 888 794 sive
907 746 1054 808 regnis
1074 746 1169 793 sive
1188 746 1519 811 rebuspublicis
1539 747 1699 812 quovis
1716 758 1827 795 tem·

346 841 454 887 pore
475 824 767 888 contigerunt.
789 823 954 870 Verum
978 840 1092 887 opus
1126 840 1213 871 non
1238 833 1306 870 est
1331 834 1381 870 ut
1405 823 1461 870 ad
1487 824 1835 888 praeteritorum

346 910 592 965 temporum
619 901 850 948 historiam
875 916 958 947 nos
982 909 1291 947 convertamus
1307 937 1318 957 ,
1346 916 1447 946 cum
1473 899 1623 947 adhuc
1645 900 1703 948 ob
1726 917 1826 948 ocu-

347 977 414 1025 los
447 978 721 1032 habeamus,
761 993 878 1041 quae
911 993 997 1023 non
1034 976 1094 1023 ita
1129 976 1300 1040 pridem
1336 986 1462 1039 gesta
1497 986 1602 1023 sunt
1624 993 1725 1023 cum
1756 994 1826 1024 ar-

345 1053 632 1119 chiepiscopo
671 1053 938 1116 friburgensi
964 1053 1010 1098 in
1034 1053 1264 1115 Bisgovia,
1293 1070 1372 1100 seu
1397 1053 1442 1098 in
1467 1069 1627 1116 magno
1659 1053 1823 1101 ducatu

344 1128 559 1186 Badensi,
598 1145 680 1175 nec
713 1145 800 1175 non
835 1145 936 1176 cum
971 1128 1072 1175 aliis
1107 1128 1333 1192 episcopis
1363 1139 1407 1175 et
1432 1128 1741 1176 sacerdotibus
1775 1129 1822 1175 in

344 1204 508 1251 ducatu
542 1204 820 1252 nassaviensi
839 1243 848 1260 ‚
878 1205 924 1250 in
949 1204 1176 1261 Helvetia,
1214 1204 1260 1251 in
1295 1204 1525 1268 republica
1558 1205 1824 1269 Neo-grana-

343 1280 484 1336 tensi,
524 1280 717 1345 aliisque
750 1280 1018 1336 ditionibus,
1056 1290 1104 1327 ut
1138 1279 1227 1327 alia
1262 1290 1556 1345 praeteream,
1595 1297 1712 1345 quae
1745 1298 1823 1327 an·

343 1356 414 1403 nis
443 1356 751 1420 superioribus
776 1357 823 1403 in
847 1373 984 1420 regno
1009 1357 1246 1404 Borussiae
1270 1366 1313 1403 et
1335 1355 1443 1403 alibi
1479 1355 1619 1404 oculis
1655 1356 1819 1404 nostris

342 1432 671 1496 conspeximus.
700 1433 756 1479 Et
779 1432 889 1480 haec
912 1432 1094 1496 quidem
1123 1432 1235 1478 nihil
1265 1431 1470 1479 obstante
1500 1431 1680 1497 publica
1703 1431 1817 1489 fide,

345 1508 609 1572 interposita
643 1509 777 1556 etiam
812 1509 1080 1574 quandoque
1114 1508 1403 1555 iurisiurandi
1442 1508 1656 1572 religione
1679 1507 1736 1555 de
1759 1525 1824 1556 ec-

341 1583 505 1632 clesiae
528 1585 775 1633 catholicae
810 1585 983 1633 iuribus
1018 1595 1174 1633 sancte
1206 1584 1460 1633 servandis.

441 1660 566 1708 Hanc
601 1661 744 1726 ipsam
783 1661 942 1725 agendi
979 1661 1194 1709 rationem
1235 1660 1490 1707 didicerunt
1523 1660 1644 1708 haud
1681 1678 1822 1725 pauca

342 1736 657 1784 catholicorum
703 1737 953 1802 gubernia;
999 1755 1103 1784 nam
1135 1737 1292 1785 eadem
1328 1735 1543 1783 ecclesiae
1575 1735 1821 1784 catholicae

346 1813 443 1860 iura
478 1813 719 1871 invadunt,
759 1825 808 1861 ut
840 1815 880 1861 ei
916 1813 1226 1869 dominentur,
1266 1811 1627 1876 archiepiscopos
1657 1823 1700 1859 et
1726 1813 1821 1876 epi-

342 1906 528 1954 scopos,
567 1890 644 1954 qui
680 1907 788 1937 suae
821 1890 1127 1955 obsequuntur
1161 1888 1484 1944 conscientiae,
1513 1905 1595 1935 nec
1625 1905 1711 1936 non
1743 1906 1821 1954 pa-

345 1964 532 2021 rochos,
573 1965 973 2030 sanctissimosque
1002 1964 1252 2012 sacerdotes
1286 1963 1417 2012 bonis
1447 1963 1700 2028 expoliant,
1739 1974 1821 2011 tor—

342 2051 502 2105 quent,
531 2056 706 2098 vexant,
731 2041 863 2089 exilio
891 2040 1105 2097 multant,
1134 2057 1186 2087 co
1215 2040 1334 2103 quod
1359 2038 1495 2086 velint
1518 2038 1703 2086 reddere
1726 2039 1819 2087 Deo

341 2134 457 2181 quae
483 2117 564 2163 Dei
594 2128 718 2172 sunt,
748 2135 829 2165 nec
859 2135 937 2174 ea,
971 2134 1086 2182 quae
1119 2116 1199 2163 Dei
1236 2126 1361 2171 sunt,
1401 2115 1587 2180 prodere
1613 2114 1811 2163 Caesari.

438 2192 571 2240 Dirae
596 2193 850 2242 istiusmodi
878 2193 1021 2241 luctae
1044 2192 1265 2239 interdum
1297 2209 1377 2256 per
1406 2208 1548 2239 annos
1583 2208 1636 2239 ac
1669 2190 1820 2239 secula

341 2269 608 2333 perdurant,
659 2270 822 2319 donec,
845 2270 1024 2317 tandem
1071 2269 1263 2317 ecclesia
1298 2285 1380 2316 sua
1426 2268 1527 2332 ipsa
1566 2267 1818 2316 resistentia

341 2346 435 2394 sive
454 2347 607 2410 potius
628 2347 841 2411 patientia
871 2346 1033 2409 iugiter
1061 2346 1245 2393 vincens
1270 2344 1449 2410 plenum
1479 2343 1639 2391 referat
1663 2344 1818 2391 trium—

341 2422 502 2486 phum.'
539 2422 742 2470 Attamen
772 2440 855 2471 vae
884 2422 991 2470 filiis
1008 2461 1017 2479 ,
1052 2423 1130 2487 qui
1155 2423 1370 2470 moestitia
1392 2431 1493 2468 sum
1514 2421 1668 2468 matris
1691 2438 1809 2476 suae,

342 2510 434 2545 tum
470 2498 515 2545 in
548 2499 771 2563 praesenti
807 2509 898 2546 tum
924 2499 970 2545 in
995 2499 1140 2546 futuro
1170 2498 1362 2546 saeculo.
1392 2497 1565 2545 Etenim
1594 2496 1813 2545 eiusmodi

343 2575 497 2622 furiosi
527 2575 742 2623 ecclesiae
766 2575 918 2623 hostes
942 2574 1162 2622 bullarum
1194 2575 1334 2622 instar
1358 2591 1492 2637 super
1515 2590 1656 2637 aquas
1679 2591 1815 2621 emer-

342 2652 538 2712 gentium
576 2651 697 2699 brevi
734 2662 964 2701 transeunt
986 2662 1119 2716 atque
1143 2661 1439 2705 evanescunt,
1473 2649 1814 2714 districtumque

342 2726 557 2774 iudicium
591 2729 711 2793 apud
756 2729 900 2793 ipsius
937 2728 1153 2776 ecclesiae
1186 2729 1408 2793 Sponsum
1443 2726 1814 2791 aliquando'sub-

343 2801 483 2849 ibunt.
515 2804 685 2852 Interea
723 2823 866 2853 nonne
902 2806 1180 2871 tyrannicum
1212 2814 1305 2852 cst.
1338 2803 1551 2851 ecclesiae
1587 2803 1813 2851 ministros
