1912 3180
284 222 374 253 cn.
398 222 455 252 iv.
479 222 531 253 m:
550 221 705 254 Anauni.
729 222 806 254 rao
831 222 934 254 iser.
959 222 1011 254 ni:
1036 222 1161 255 iura.
1184 223 1268 255 c1v.
1291 223 1383 256 Aur.
1403 223 1464 256 ιιι.
1540 210 1628 255 429

155 299 326 347 licitum
347 338 357 356 ,
402 299 525 347 aliud
565 317 670 348 vero
702 317 805 348 esse
845 299 1041 348 validum
1076 311 1154 349 aut
1186 300 1448 349 invalidum.
1489 301 1635 359 Quae-

156 377 315 424 stionis
351 375 572 423 obiectum
607 376 792 423 vertitur
824 377 943 423 circa
977 376 1252 424 validitatem
1278 387 1356 424 aut
1383 377 1637 428 invalidita·

158 464 246 500 tem
273 453 548 499 matrimonii
574 469 686 518 pure
710 452 871 500 civilis.
900 452 1104 500 Ecclesia
1127 452 1349 501 catholica
1370 453 1503 502 docet
1523 454 1635 503 illud

157 544 258 574 esse
289 545 475 592 prorsus
512 528 758 575 invalidum
800 527 876 575 ubi
913 528 1199 577 tridentinum
1234 529 1459 578 decretum
1493 530 1640 596 publi·

155 614 304 650 catum
340 614 424 651 est.

255 678 365 726 Cum
390 680 649 727 canonistae
673 680 954 744 distinguunt
975 681 1304 728 matrimonium
1329 699 1483 729 verum
1502 699 1553 729 ac
1579 682 1638 730 le-

157 756 361 820 gitimum
398 774 424 804 a
458 757 740 805 matrimonio
781 767 877 805 rato
897 795 909 813 ‚
949 757 1066 804 hanc
1099 757 1431 806 distinctionem
1465 770 1637 824 ponunt

157 833 215 880 ad
250 843 443 881 mentem
478 834 724 881 Innocentii
755 835 833 881 Ill.
869 834 946 899 qui
976 835 1153 882 vocavit
1185 835 1467 883 matrimonia
1500 852 1632 893 vera,

160 909 362 975 adeoque
395 909 594 973 legitima
618 948 627 966 ‚
665 927 780 975 quae
803 910 861 957 ab
884 910 1132 976 infidelibus
1164 911 1510 969 contrahuntur3
1537 923 1638 960 rata

159 996 306 1033 autem
323 987 600 1051 nuncupavit
616 987 902 1034 matrimonia
917 987 1113 1052 fidelium
1124 1025 1136 1042 ‚
1159 988 1266 1052 qnia
1284 999 1388 1036 sunt
1409 995 1640 1053 praeterea

159 1073 455 1110 sacramenta.
495 1063 561 1110 Ex
596 1081 685 1127 quo
722 1063 942 1128 principio
982 1063 1198 1111 inferebat
1230 1064 1425 1129 pontifex
1458 1065 1639 1130 sapien-

161 1139 386 1197 tissimus,
410 1139 693 1187 matrimonia
717 1139 967 1187 infidelium
995 1150 1145 1205 utpote
1168 1151 1339 1187 tantum
1362 1158 1481 1195 vera,
1504 1157 1639 1206 posse

160 1214 348 1263 dissolvi
380 1233 460 1280 per
493 1215 750 1264 alterutrius
785 1215 991 1279 coniugis
1021 1215 1355 1263 conversionem
1379 1215 1436 1262 ad
1460 1214 1639 1279 religio—

161 1309 265 1339 nem
300 1291 624 1348 christianam3
663 1302 815 1339 contra
847 1308 951 1339 vero
986 1292 1270 1339 matrimonia
1303 1291 1500 1339 fidelium
1534 1308 1640 1339 con-

163 1378 386 1416 summata
402 1407 412 1425 ‚
434 1378 586 1433 utpote
606 1378 906 1424 sacramenta,
936 1366 1057 1416 nullo
1080 1385 1293 1433 umquam
1311 1368 1358 1414 in
1375 1384 1486 1416 casu
1504 1384 1639 1432 posse

162 1444 349 1493 dissolvi
379 1447 530 1508 (114).

259 1521 431 1568 Exinde
471 1532 625 1585 patet,
665 1520 898 1568 ecclesiam
939 1532 1087 1568 tenere
1129 1521 1311 1586 quidem
1344 1521 1408 1568 uti
1442 1519 1640 1567 validum

163 1597 500 1645 matrimonium
534 1615 683 1645 verum
717 1615 797 1645 seu
832 1597 1079 1661 legitimum
1122 1598 1236 1645 inter
1278 1596 1483 1644 infideles
1505 1634 1516 1654 ‚
1555 1597 1640 1644 etsi

164 1691 253 1721 non
286 1683 431 1720 ratum
440 1694 454 1730 ,·
482 1673 665 1720 minime
690 1690 794 1720 vero
820 1674 1149 1721 matrimonium
1181 1673 1395 1730 fidelium,
1424 1672 1544 1738 quod
1561 1711 1571 1729 ‚
1599 1672 1637 1720 si

164 1767 318 1798 verum
354 1767 406 1797 ac
439 1749 687 1812 legitimum
725 1750 814 1805 sit,
853 1766 906 1797 eo
940 1749 1042 1813 ipso
1074 1761 1142 1797 est
1173 1759 1334 1797 ratum.

264 1825 383 1881 Quid
418 1825 631 1872 traditum
667 1825 726 1872 sit
748 1863 757 1881 ,
796 1835 872 1871 aut
906 1824 1148 1872 etiamnum
1185 1824 1381 1871 tradatur
1407 1824 1454 1870 in
1488 1823 1642 1872 acade-

166 1902 257 1949 mia
286 1901 533 1949 taurinensi
558 1901 615 1948 de
638 1901 734 1948 iure
757 1901 971 1948 canonico
990 1900 1122 1965 plane
1146 1901 1316 1963 ignoro.
1349 1899 1465 1947 lllud
1493 1910 1641 1947 tamen

166 1979 270 2026 novi
289 1996 377 2026 non
395 1996 549 2026 omnes
567 1979 844 2043 professores
864 1978 980 2025 hanc
1004 1977 1190 2025 eandem
1216 1977 1457 2025 tradidisse
1479 1976 1642 2024 doctri-

169 2071 271 2101 nam
289 2092 299 2111 ,
334 2071 416 2101 nec
439 2054 527 2101 nisi
562 2072 588 2101 a
624 2053 895 2119 quibusdam
924 2053 1045 2102 sedis
1073 2052 1344 2118 apostolicae
1378 2052 1641 2100 adversariis

168 2147 222 2179 ac
255 2131 544 2178 iansenianae
572 2130 752 2178 factioni
782 2130 974 2177 addictis
1005 2129 1223 2177 novitates
1262 2128 1486 2193 coepisse,
1524 2145 1638 2193 quas

169 2219 351 2256 secutus
385 2218 479 2264 est,
519 2208 654 2256 immo
678 2217 721 2255 et
744 2206 873 2269 longe
908 2217 1262 2271 praetergressus
1303 2217 1372 2255 est
1405 2206 1467 2254 lo.
1500 2205 1644 2269 Nepo-

266 2411 352 2452 (114)
375 2412 412 2442 ln
426 2419 496 2451 cap.
513 2410 584 2441 vn.
602 2411 739 2446 Quanto
765 2409 808 2441 dc
834 2408 1014 2441 divortiis:
1030 2410 1066 2441 si
1085 2408 1176 2440 alter
1199 2406 1396 2448 infidelium
1418 2408 1483 2439 etc.
1503 2406 1538 2438 et
1561 2405 1645 2437 hanc

169 2464 302 2497 elhibet
315 2463 491 2496 rationem:
511 2477 527 2491 n
540 2464 623 2495 Nam
635 2462 696 2495 etsi
711 2462 954 2494 matrimonium
970 2469 1093 2494 verum
1107 2460 1190 2493 inter
1207 2459 1356 2493 infideles
1372 2459 1508 2498 existat,
1523 2466 1590 2491 non
1600 2459 1647 2491 tn.-

166 2527 241 2551 men
256 2519 307 2551 est
320 2519 459 2551 ratum:
477 2517 562 2550 inter
577 2516 688 2550 fideles
699 2518 810 2549 autem
832 2523 956 2548 verum
972 2517 1006 2547 ct
1028 2516 1150 2547 ratum
1170 2514 1299 2554 existit,
1317 2514 1395 2555 quia
1412 2512 1650 2546 sacamentum

168 2571 260 2613 fidei,
276 2572 366 2613 quod
379 2571 478 2605 semel
494 2573 544 2603 est
556 2570 752 2610 admissum,
773 2578 951 2610 numquam
974 2568 1153 2609 amittitur,
1171 2567 1227 2601 sed
1242 2569 1363 2600 ratum
1383 2565 1485 2599 efficit
1507 2565 1648 2607 coniugii

170 2625 408 2657 sacramentum
419 2648 429 2664 ,
445 2625 481 2656 nt
495 2623 601 2665 ipsum
617 2622 650 2654 in
663 2621 856 2663 coniugibus
870 2621 928 2654 illo
940 2620 1080 2653 durante
1090 2619 1275 2661 perduret.»
1286 2618 1407 2651 Eadem
1420 2617 1522 2650 ferme
1532 2616 1648 2658 repetit

173 2678 205 2708 in
224 2684 296 2718 cap.
313 2676 511 2709 Gaudernus
522 2675 584 2709 sub
598 2675 711 2708 eodem
724 2674 821 2708 titulo
835 2675 920 2707 xlx.

269 2728 332 2760 Ubi
355 2728 535 2762 notandum
558 2729 650 2760 iuxta
673 2728 896 2761 innocentium
908 2751 918 2768 ,
933 2726 1175 2759 matrimonium
1194 2725 1339 2758 fidelium
1352 2733 1422 2757 esse
1436 2724 1543 2757 ntum
1555 2724 1589 2756 et
1599 2732 1648 2756 sa·

173 2783 376 2815 eramentum
396 2781 476 2823 quin
499 2781 651 2824 baptizati
677 2781 771 2821 sunt,
797 2788 855 2813 seu
880 2779 923 2812 ob
948 2779 1144 2820 baptismum
1159 2779 1446 2817 (sacramentum
1460 2775 1548 2816 fidei
1557 2776 1575 2815 )
1594 2785 1647 2808 su·

174 2837 330 2876 scemam,
347 2843 411 2866 non
426 2835 533 2866 autem
548 2835 590 2866 ob
608 2832 864 2866 benedictionem
881 2831 1123 2864 sacerdotalem.
