1918 3186
354 196 411 239 78
640 210 719 240 un.
749 209 778 239 1.
809 205 921 238 sacr.
941 206 969 236 1.
999 206 1052 237 mi
1076 206 1248 239 iuram.
1277 205 1560 238 SAGRAMENTO.

345 285 711 351 independentes,
750 299 864 347 quae
898 282 982 330 sub
1015 283 1193 332 diverso
1220 293 1421 348 respectu
1446 283 1564 331 idem
1591 284 1810 333 obiectum

345 363 576 425 attingunt.

443 437 615 483 Octavo.
652 434 719 480 Ex
752 433 837 482 hac
881 434 1079 483 doctrina
1120 435 1305 484 ulterius
1354 435 1691 501 progrediuntur
1734 437 1812 501 qui

345 513 499 560 dicunt
530 521 787 576 potestatem
814 510 985 562 civilem
1020 521 1221 577 spectare
1246 529 1381 577 posse
1406 511 1683 560 subditorum
1717 530 1821 561 suo-

345 605 441 636 rum
475 587 728 650 coniugium
758 586 843 635 sub
874 587 1007 634 unico
1042 597 1242 651 respectu
1275 597 1527 635 contractus
1562 587 1656 635 sive
1690 597 1817 636 natu—

344 664 472 721 ralis,
511 664 605 711 sive
638 663 806 720 civilis,
835 663 958 710 nulla
982 662 1150 710 ratione
1183 663 1334 711 habita
1367 663 1424 711 ad
1461 674 1809 720 sacramentum,

344 739 463 805 quod
496 739 686 797 accedit,
715 739 844 788 cuius
877 756 1027 787 curam
1063 738 1315 787 universam
1340 740 1551 804 permittit
1573 739 1812 795 ecclesiae;

345 832 397 863 ac
429 815 614 880 proinde
647 815 881 863 decernere
915 831 1048 879 posse
1087 814 1388 871 conditioneS‚
1427 833 1543 880 quae
1575 816 1632 862 ad
1669 816 1816 880 ipsum

346 891 663 940 moderandum
697 900 964 956 opportunas
998 889 1186 946 iudicet,
1220 900 1579 956 contractumque
1613 892 1819 955 coniuga—

346 967 433 1015 lem
461 968 618 1015 initum
642 985 669 1014 a
691 967 923 1024 fidelibus,
953 967 1046 1015 sive
1067 984 1095 1014 a
1113 967 1304 1015 subditis
1335 967 1381 1014 in
1405 967 1500 1016 foro
1528 985 1610 1015 suo
1639 967 1817 1014 firmum

347 1054 579 1109 ratumque
611 1043 796 1100 habeat,
829 1042 950 1090 nullo
974 1043 1106 1090 etiam
1135 1043 1449 1091 interveniente
1474 1043 1682 1106 religioso
1709 1043 1811 1090 ritu.

347 1119 475 1175 Quod
511 1119 549 1167 si
584 1119 736 1166 fideles
766 1128 990 1184 praeterea
1018 1129 1066 1166 ut
1091 1118 1293 1184 propriae
1321 1119 1619 1167 conscientiae
1652 1136 1816 1167 consu—

345 1194 439 1242 lant
461 1195 556 1243 sive
578 1205 701 1251 ante,
734 1195 826 1242 sive
850 1204 948 1259 post
970 1211 1235 1242 consensum
1254 1212 1402 1243 coram
1419 1195 1539 1242 civili
1556 1195 1815 1258 magistratu

345 1286 625 1336 expressum,
653 1280 799 1335 petere
821 1281 865 1318 et
889 1270 1089 1336 excipere
1113 1270 1465 1319 benedictionem
1495 1270 1816 1319 sacerdotalem

345 1346 503 1403 velint,
531 1346 578 1393 id
601 1346 647 1392 in
673 1363 823 1393 eorum
858 1345 1039 1394 arbitrio
1072 1346 1218 1394 civilis
1252 1357 1446 1412 potestas
1477 1347 1657 1394 omnino
1684 1346 1817 1394 relin-

346 1432 469 1487 quat.
491 1421 630 1469 Verbo
653 1421 821 1478 dicam;
851 1421 1008 1486 poterit
1031 1422 1238 1487 princeps
1261 1422 1459 1471 validum
1483 1422 1820 1487 legitimumque

346 1498 581 1547 decernere
613 1500 942 1548 matrimonium
968 1518 1088 1548 mere
1114 1501 1266 1555 civile,
1301 1501 1421 1565 quod
1454 1511 1634 1558 vocant,
1675 1501 1736 1548 ita
1770 1512 1819 1548 ut

347 1574 476 1640 pleno
500 1575 595 1623 iure
618 1576 925 1624 contrahentes
954 1576 1208 1624 cohabitare
1235 1576 1368 1624 simul
1392 1577 1588 1634 valeant,
1611 1587 1655 1625 et
1673 1577 1820 1643 proles

346 1651 403 1698 ab
437 1651 492 1698 iis
521 1652 748 1717 progenita
783 1663 1007 1718 tamquam
1041 1652 1236 1716 legitima
1280 1670 1430 1700 coram
1467 1652 1563 1716 lege
1596 1653 1820 1701 declarata

348 1745 449 1776 esse
482 1739 729 1776 censeatur.

441 1803 579 1852 Nono.
614 1805 721 1851 Inde
754 1806 953 1870 sequitur
980 1806 1112 1854 etiam
1129 1844 1139 1862 ,
1177 1805 1297 1870 quod
1334 1805 1372 1852 si
1408 1804 1563 1852 fideles
1597 1815 1822 1852 contractu

348 1878 467 1926 civili
502 1881 717 1937 contenti,
757 1881 994 1945 negligant,
1034 1892 1109 1929 aut
1142 1882 1275 1930 etiam
1317 1881 1455 1929 nolint
1498 1891 1820 1928 sacramentum

348 1955 591 2020 suscipere,
629 1958 747 2022 quod
782 1958 938 2006 abillo
960 1958 1154 2024 dispesci
1189 1968 1353 2023 potest,
1382 1957 1428 2004 id
1456 1975 1607 2006 eorum
1642 1957 1821 2005 arbitrio

349 2031 641 2096 relinquatur3
671 2035 929 2099 praesertim
954 2051 1053 2081 cum
1082 2033 1204 2081 nulla
1237 2034 1390 2081 divina
1413 2033 1530 2096 lege,
1559 2033 1645 2080 hac
1669 2033 1714 2078 in
1738 2032 1821 2097 hy—

348 2107 537 2172 pothesi,
554 2109 611 2156 ad
629 2109 739 2156 illud
758 2110 1090 2175 suscipiendum
1108 2110 1364 2173 adigantur3
1383 2110 1438 2156 ad
1459 2126 1680 2157 summum
1699 2108 1817 2155 enim

349 2202 398 2232 se
426 2185 607 2250 speciali
635 2185 711 2232 illa
741 2187 1044 2235 sacramentali
1075 2187 1216 2250 gratia
1249 2186 1507 2252 privabunt,
1541 2185 1651 2231 citra
1676 2183 1817 2230 ullum

350 2261 646 2309 conscientiae
679 2262 920 2326 piaculum.

444 2337 631 2383 Decimo.
655 2336 769 2384 Hinc
795 2339 1078 2396 concludunt,
1107 2340 1183 2404 qui
1209 2340 1294 2386 hac
1318 2337 1534 2386 sententia
1550 2336 1810 2383 abutuntur:

350 2429 450 2458 cum
477 2422 725 2461 contractus
745 2413 829 2460 iste
848 2414 941 2462 sive
959 2415 1195 2471 naturalis,
1227 2416 1321 2463 sive
1346 2414 1489 2462 civilis
1518 2411 1816 2461 omnimodam

350 2487 598 2535 firmitatem
628 2506 714 2536 non
745 2488 930 2545 habeat,
966 2479 1072 2536 fieri¹
1089 2490 1330 2554 aliquando
1354 2506 1501 2555 posse,
1529 2499 1577 2535 ut
1599 2486 1817 2535 eiusmodi

349 2564 598 2612 coniunctio
615 2565 829 2612 maritalis
848 2565 1149 2630 abrumpatur,
1161 2566 1349 2612 maxime
1364 2565 1402 2613 si
1417 2565 1519 2610 finis
1531 2564 1811 2629 praecipuus,

350 2640 426 2703 qui
445 2640 709 2698 intenditur,
734 2641 920 2689 obtineri
951 2651 1162 2705 nequeat,
1196 2641 1275 2705 qui
1303 2650 1370 2688 est
1396 2639 1533 2704 prolis
1569 2639 1812 2703 suscepti03

350 2724 427 2765 aut
458 2715 588 2762 etiam
614 2717 651 2763 si
678 2717 924 2764 animorum
949 2716 1208 2772 concordia,
1238 2726 1311 2762 aut
1337 2714 1567 2777 coniugale
1591 2714 1812 2768 debitum,

350 2789 526 2855 aliaque
558 2792 773 2841 eiusmodi
809 2794 962 2842 haberi
1001 2811 1086 2840 non
1122 2792 1306 2857 possint.
1342 2791 1557 2846 Quocirca
1592 2789 1818 2853 legislator
