1918 3186
344 211 436 257 132
615 223 695 254 Lm.
724 221 753 253 1.
782 219 893 252 sacr.
923 221 952 252 1.
976 221 1028 252 ni:
1050 221 1221 254 numu.
1245 220 1523 255 Slcmunmo.

299 288 303 293 .
339 310 498 348 nentur
530 298 752 344 Christum
788 296 898 343 illud
933 314 1020 345 non
1056 297 1316 345 instituisse.
1356 298 1443 345 Nec
1477 298 1595 344 enim
1629 299 1799 362 privata

338 375 510 423 illorum
545 373 692 438 opinio
727 372 915 420 destruit
951 373 1070 436 quod
1105 373 1307 420 Christus
1343 373 1489 437 reipsa
1523 373 1729 421 instituit.

430 450 564 497 Multo
596 459 700 496 vero
734 448 882 495 minus
914 448 1051 496 officit
1083 448 1449 496 administrationi
1485 448 1620 496 huius
1657 466 1800 497 sacra·

336 526 496 582 menti,
526 525 564 572 si
585 525 698 571 inter
730 523 882 573 fideles
915 524 1053 588 aliqui
1087 525 1385 588 reperiantur,
1416 524 1492 589 qui
1516 524 1687 589 absque
1708 524 1799 571 ulla

335 618 545 665 expressa
578 600 839 648 sacramenti
872 599 1132 647 conficiendi
1163 600 1403 648 intentione
1428 601 1606 666 nuptias
1629 601 1796 648 ineant.

334 677 579 725 Dummodo
611 676 727 723 enim
754 675 842 740 ipsi
871 685 1038 740 ponant
1059 692 1175 739 quae
1199 676 1482 741 requiruntur
1503 687 1547 724 et
1570 677 1802 725 sufficiunt

333 753 389 800 ad
413 762 683 800 contractum
712 751 986 815 coniugalem
1010 750 1290 798 efficiendum
1305 790 1316 810 ‚
1338 752 1423 801 hoc
1441 754 1542 817 ipso
1559 752 1799 801 conficiunt

333 838 677 885 sacramentum,
715 827 834 892 quod
861 845 886 874 a
909 836 1135 874 contractu
1169 826 1282 875 inter
1314 827 1582 876 christianos
1619 828 1799 892 insepa-

334 904 473 953 rabile
505 915 599 960 est,
639 920 781 968 neque
814 903 859 949 in
893 902 1086 950 hominis
1119 912 1187 950 est
1219 912 1434 966 potestate
1459 902 1643 950 alterum
1663 901 1799 950 abal-

334 992 425 1028 tero
457 977 967 1045 dispeseere.1gnoratio
998 996 1127 1042 porro
1163 978 1297 1026 huius
1333 978 1630 1042 speculativae
1661 996 1799 1044 quae-

333 1056 490 1104 stionis
509 1093 519 1112 ‚
547 1055 666 1119 quod
699 1054 786 1118 ipsi
811 1054 902 1101 sint
931 1052 1120 1101 ministri
1155 1054 1420 1102 sacramenti
1454 1071 1535 1102 neo
1564 1071 1646 1111 ne,
1676 1053 1798 1102 nullo

333 1132 463 1181 modo
495 1131 633 1179 officit
665 1130 838 1178 veritati
873 1129 1115 1178 obiectivae
1147 1130 1232 1187 rei,
1269 1130 1325 1177 de
1360 1147 1448 1195 qua
1480 1131 1640 1194 agitur.
1680 1130 1797 1179 Satis

333 1207 451 1254 enim
482 1218 582 1264 est,
618 1218 668 1254 ut
698 1207 832 1254 velint
863 1205 1188 1254 matrimonium
1221 1206 1494 1255 contrahere.
1530 1207 1659 1263 Quod
1692 1224 1798 1255 vero

331 1283 510 1331 additur
539 1284 595 1331 de
635 1283 800 1331 carnali
844 1282 1196 1331 contrahentium
1229 1294 1376 1331 mente
1409 1283 1580 1348 puerile
1612 1301 1797 1348 prorsus

332 1369 428 1416 est,
460 1359 671 1423 gravique
704 1357 905 1420 theologo
936 1359 1032 1406 viro
1065 1357 1315 1421 indignum.
1349 1359 1576 1423 Siquidem
1600 1359 1656 1406 ad
1680 1375 1798 1406 sum-

331 1452 451 1481 mum
474 1434 584 1482 haec
607 1434 841 1498 dispositio
863 1433 1083 1482 evinceret
1106 1434 1231 1499 ipsos
1260 1434 1442 1497 indigne
1475 1445 1797 1482 sacramentum

331 1520 516 1558 tractare
549 1526 738 1574 reosque
771 1509 886 1556 effici
920 1526 1066 1557 eoram
1093 1509 1185 1556 Deo
1218 1509 1363 1572 gravis
1399 1509 1618 1572 sacrilegii
1641 1510 1758 1571 (47).

425 1585 549 1641 Quae
573 1586 611 1633 si
636 1586 716 1632 rite
740 1585 1047 1650 perpendisset
1074 1584 1236 1632 Bened.
1259 1585 1461 1642 Stattler‚
1489 1585 1685 1649 profecto
1706 1601 1795 1632 non

328 1661 438 1709 adeo
477 1660 663 1709 fidenter
697 1661 1070 1726 pronunciasset,
1105 1660 1338 1725 doqmatice
1375 1661 1435 1708 ab
1464 1660 1653 1708 ecclesia
1685 1661 1797 1708 defi-

426 1810 492 1852 (47)
513 1811 604 1842 Hanc
618 1809 841 1842 difficultatem
856 1810 898 1842 cl.
913 1810 1082 1851 Avogadro
1095 1809 1181 1842 della
1193 1811 1295 1842 Motta
1309 1809 1460 1842 dissolvit
1470 1810 1502 1841 in
1517 1818 1575 1841 sua
1590 1810 1712 1842 Teoria
1721 1806 1793 1840 del·

332 1862 355 1894 l’
369 1864 566 1896 istituzione
583 1862 641 1895 del
664 1864 886 1895 matrimonio
900 1864 978 1895 tom.
996 1865 1023 1895 1.
1039 1872 1109 1904 cap.
1123 1864 1195 1895 vn.
1209 1871 1282 1904 pag.
1294 1868 1360 1903 82„
1375 1862 1431 1896 ubi
1449 1863 1527 1895 haec
1542 1861 1705 1903 praeclare
1718 1859 1796 1893 scri·

326 1914 388 1946 bit:
402 1914 481 1947 «Νοί
495 1913 730 1947 consideriamo
746 1916 858 1956 questa
874 1915 1025 1947 essenzial
1040 1914 1177 1947 divinita
1186 1914 1238 1948 del
1252 1914 1462 1947 matrimonio
1471 1922 1564 1947 come
1577 1913 1708 1955 propria
1722 1921 1798 1952 sua,

328 1977 346 2000 e
355 1976 420 2000 non
429 1976 521 2000 come
532 1968 661 2009 propria
674 1967 726 2000 dei
741 1967 931 2001 conti-aienti.
944 1968 1110 2002 consideri
1114 1977 1188 2001 amo
1201 1968 1351 2010 religioso
1364 1969 1385 2000 il
1396 1968 1603 2000 matrimonio
1615 1975 1706 2000 oome
1716 1975 1794 1999 eon-

327 2021 460 2055 siderasi
482 2021 630 2062 religioso
643 2021 668 2053 il
684 2021 884 2062 giuramento
909 2021 1244 2063 indipendentemenle
1261 2021 1348 2053 dalla
1370 2020 1458 2061 rede,
1476 2020 1561 2062 pieta
1573 2029 1593 2053 o
1606 2019 1743 2061 empieta
1761 2019 1795 2052 di

327 2074 379 2107 clii
395 2074 428 2106 lo
442 2074 632 2116 protei-isne,
648 2083 666 2107 e
679 2083 736 2116 per
749 2074 802 2107 cio
815 2075 885 2107 solo
900 2074 959 2107 che
974 2075 1025 2107 nel
1040 2075 1241 2116 giiii-amento
1258 2075 1284 2107 ε’
1294 2075 1410 2107 invoca
1429 2074 1490 2106 Dio
1509 2074 1609 2106 stesso
1628 2081 1683 2114 per
1705 2071 1794 2105 toetl·

327 2127 449 2161 monio.
465 2127 578 2160 Niente
593 2127 626 2159 di
640 2128 697 2169 piu
713 2127 874 2169 naturale,
897 2127 932 2161 di
949 2129 1006 2169 pin
1024 2128 1179 2169 profano,
1203 2128 1264 2161 ohe
1284 2127 1447 2161 chiamare
1460 2135 1504 2160 un
1520 2125 1722 2160 testimonio:
1739 2133 1795 2158 ma

327 2179 459 2220 quando
482 2180 506 2212 il
526 2180 687 2212 chiamato
701 2180 719 2213 e
733 2180 811 2221 Dio,
831 2181 912 2214 sialo
927 2189 984 2222 per
997 2181 1148 2222 essequio
1160 2190 1182 2213 o
1197 2190 1254 2222 per
1268 2181 1408 2221 insulto,
1423 2179 1445 2212 1⁹
1452 2181 1520 2212 atto
1534 2180 1623 2211 veste
1636 2186 1678 2210 un
1692 2179 1795 2210 carat-

326 2234 394 2265 tere
408 2232 568 2273 religioso.
584 2233 660 2266 cosi
672 2233 774 2266 diensi
788 2233 841 2266 del
856 2233 1081 2274 matrimonio;
1095 2241 1153 2275 per
1164 2234 1286 2275 quanto
1299 2233 1328 2266 si
1340 2232 1446 2274 voglia
1457 2231 1591 2274 profano
1602 2231 1624 2264 il
1638 2239 1793 2264 consenso

325 2293 346 2316 o
365 2284 525 2317 contratto
541 2284 589 2316 de’
601 2285 747 2326 coniugi,
768 2286 828 2318 che
849 2285 1037 2319 s’uniscono
1058 2286 1382 2318 matrimonialmente
1396 2285 1430 2317 in
1442 2284 1562 2317 societa
1575 2282 1757 2323 individua,
1774 2290 1794 2314 e

299 2379 304 2384 θ
327 2336 354 2368 si
369 2336 477 2369 danno
489 2337 760 2378 reciprocamente
774 2339 803 2370 le
817 2347 952 2379 persone
966 2339 1055 2380 loro,
1068 2339 1207 2380 siccome
1222 2339 1253 2371 lo
1271 2338 1426 2380 sappiano
1441 2338 1503 2370 essi
1518 2346 1538 2370 ο
1553 2337 1612 2376 no,
1625 2336 1644 2368 ὲ
1660 2335 1719 2368 Dio
1731 2335 1793 2367 che

328 2396 393 2419 non
403 2388 473 2420 solo
485 2388 628 2421 sancisce
641 2397 661 2420 a
674 2389 803 2421 termini
815 2389 848 2421 di
858 2391 1006 2431 giustizia
1021 2392 1135 2432 questo
1147 2399 1239 2423 come
1251 2390 1326 2423 tutt’
1334 2390 1418 2423 altro
1431 2390 1542 2422 onesta
1552 2388 1723 2427 contratto,
1738 2395 1792 2418 ma

327 2440 360 2472 lo
377 2442 521 2473 cementa
534 2450 554 2474 e
569 2441 640 2482 lega
654 2450 716 2474 con
731 2450 776 2473 un
790 2442 919 2474 vincolo
933 2451 1025 2476 sacro
1040 2452 1059 2475 e
1072 2443 1298 2484 irrevocabile3
1313 2442 1365 2475 cie
1377 2442 1469 2475 basta
1483 2449 1540 2482 per
1554 2439 1638 2472 dirlo
1650 2439 1790 2471 eminen-

326 2493 465 2525 temente
478 2501 587 2534 sacro,
607 2492 839 2534 quand’anche
857 2502 923 2526 non
947 2494 976 2526 si
1000 2494 1123 2536 spieghi
1145 2495 1197 2527 nei
1220 2495 1399 2527 contraenti
1415 2501 1538 2526 veruna
1556 2491 1701 2534 esplioita
1717 2491 1792 2524 idea

327 2543 362 2575 di
381 2544 550 2586 religione,
572 2545 613 2578 ne
632 2546 695 2578 essi
707 2545 826 2578 mirino
839 2554 859 2578 a
873 2546 941 2579 tare
952 2554 1014 2578 con
1029 2546 1080 2579 cio
1094 2547 1161 2578 atto
1174 2546 1208 2578 di
1220 2547 1309 2578 culto
1321 2555 1340 2578 a
1354 2546 1435 2587 Dio,
1444 2546 1608 2587 operando
1621 2544 1654 2576 in
1669 2552 1728 2576 suo
1740 2552 1790 2576 os·

325 2596 455 2637 sequit»,
471 2598 666 2639 pregandole
679 2597 822 2639 d’aiuto,
838 2598 1027 2640 pratioando
1051 2598 1190 2639 qualche
1209 2599 1272 2631 rito
1291 2598 1439 2640 religioso
1460 2606 1516 2639 per
1538 2596 1599 2629 dar
1617 2597 1723 2629 torma
1743 2596 1790 2628 al·

325 2649 346 2680 l'
356 2650 424 2681 atto
446 2650 534 2683 dello
549 2651 729 2692 sposalizio.
749 2653 796 2685 La
811 2652 898 2684 virtu
912 2651 986 2684 dell'
1000 2652 1162 2693 operante
1174 2650 1193 2683 ὸ
1206 2651 1402 2692 necessaria,
1423 2649 1540 2692 perche
1553 2649 1731 2690 divengano
1741 2657 1787 2681 re-

324 2699 431 2742 ligiosi
453 2702 496 2742 gli
519 2703 579 2736 atti
593 2703 627 2736 di
643 2704 713 2736 loro
733 2705 851 2737 natura
871 2703 1084 2745 indifferenti,
1102 2703 1229 2744 rituali,
1244 2711 1262 2735 e
1275 2703 1452 2736 solamente
1465 2701 1644 2742 simbolici3
1657 2709 1709 2733 ma
1721 2709 1787 2732 non

324 2752 344 2785 ὲ
357 2755 536 2786 necessaria
548 2755 678 2796 quando
692 2755 820 2798 l’opera
833 2757 977 2798 operata
985 2755 1003 2789 ὲ
1013 2755 1047 2789 di
1057 2764 1113 2798 per
1125 2764 1160 2789 se
1172 2757 1273 2789 stessa
1287 2755 1444 2797 collegam
1457 2754 1649 2788 coll’azIone
1663 2753 1788 2793 divina,

324 2813 343 2837 e
357 2807 634 2841 sostanzialmente
646 2809 677 2840 vi
687 2808 714 2842 si
728 2809 870 2842 riserisce
880 2818 898 2842 e
909 2818 950 2842 ne
961 2808 1132 2850 dipende.»
