1912 3180
288 197 378 229 cn.
394 198 452 229 iv.
468 197 519 228 nn
539 196 693 228 Ancum.
714 195 790 227 vno
809 195 912 227 LEGE
931 195 983 227 ni:
1002 195 1128 227 uun.
1145 196 1227 228 clv.
1247 197 1339 228 Aur.
1360 197 1422 229 111.
1513 183 1602 229 405

129 292 287 324 omnes
305 275 547 323 catholicos
565 273 774 322 omnibus
795 274 840 320 in
859 273 969 321 locis
992 291 1093 322 esse
1116 274 1378 322 doctrinam.
1394 275 1450 322 At
1466 293 1605 341 quum

130 343 281 415 ipsum
305 350 543 397 concilium
572 348 799 405 statuerit,
831 358 881 395 ut
910 365 1041 395 suum
1071 349 1298 397 decretum
1323 349 1384 396 ibi
1411 350 1501 398 vim
1526 351 1606 399 ha-

130 425 276 482 beret,
315 425 392 471 ubi
426 435 545 472 certa
578 441 678 471 cum
713 423 854 471 forma
888 435 1007 471 esset
1042 425 1345 489 publicatum,
1385 426 1488 474 inde
1522 427 1599 480 fit,

132 512 184 549 ut
216 501 273 548 iis
304 501 351 546 in
379 500 489 548 locis
523 501 568 546 in
602 500 766 564 quibus
801 499 1045 564 publicatio
1080 501 1194 549 facta
1229 519 1317 549 non
1352 503 1506 560 suerit,
1538 504 1607 550 di-

128 594 261 625 versa
289 577 347 624 sit
372 576 637 641 disciplina,
673 594 724 623 ac
756 575 905 623 valida
941 575 1030 623 sint
1062 594 1114 623 ea
1148 578 1457 636 matrimonia,
1491 596 1607 644 quae

130 651 237 699 alibi
267 664 372 700 sunt
395 651 610 699 invalida.
634 651 749 698 Hinc
773 650 957 714 intelligi
981 661 1127 716 potest
1150 654 1372 717 quomodo
1397 654 1443 700 in
1469 672 1606 719 regno

132 728 373 793 subalpino
407 728 454 775 id
489 728 633 792 possit
665 745 767 774 esse
800 727 1162 775 anticatholicum
1184 766 1194 785 ,
1234 730 1353 793 quod
1388 730 1495 777 alibi
1531 748 1607 779 ca-

130 803 345 853 tholicum
373 815 442 852 est
466 821 517 851 ac
540 803 814 867 legitimum;
846 813 890 851 et
915 803 1137 868 quomodo
1161 821 1241 869 per
1264 805 1403 869 legem
1428 807 1486 854 de
1510 825 1606 856 ma-

129 882 338 929 trimonio
366 881 485 930 civili
515 881 678 944 dogma
705 880 837 928 simul
863 890 906 927 et
929 880 1170 945 disciplina
1191 880 1238 928 in
1264 881 1505 931 discrimen
1527 901 1606 934 vo-

127 968 299 1006 centur.

223 1033 337 1079 VlIl.
376 1033 579 1098 Denique
596 1032 653 1079 ad
671 1050 746 1089 ea,
774 1049 890 1098 quae
913 1032 1027 1080 alius
1051 1043 1199 1081 orator
1223 1033 1407 1091 adiecit,
1438 1052 1600 1100 nempe

126 1109 384 1166 Christum,
414 1109 664 1173 apostolos,
693 1119 869 1173 patres,
897 1108 1085 1157 concilia
1106 1147 1116 1166 ,
1149 1126 1239 1157 uno
1266 1110 1402 1158 verbo
1419 1148 1430 1167 ‚
1461 1111 1603 1159 Deum

126 1186 275 1234 favere
302 1185 390 1249 legi
425 1203 504 1233 seu
539 1196 656 1232 stare
690 1202 770 1250 pro
803 1185 923 1248 lege,
962 1185 1155 1249 singula,
1194 1203 1310 1251 quae
1343 1186 1383 1234 is
1417 1186 1605 1235 fidenter

124 1261 350 1318 affirmat,
390 1278 471 1308 nos
513 1260 723 1308 fidentius
754 1277 996 1324 negamus,
1034 1277 1087 1307 ac
1121 1261 1216 1308 iure
1248 1261 1431 1319 merito,
1473 1272 1605 1326 prout

126 1355 180 1386 ex
213 1337 368 1394 dictis,
401 1347 443 1384 et
466 1354 519 1384 ex
544 1337 627 1394 iis,
666 1354 782 1401 quac
813 1353 915 1384 mox
945 1336 1160 1394 dicemus,
1201 1336 1377 1384 abunde
1410 1347 1596 1386 constat.

125 1415 298 1461 Interea
322 1413 422 1460 eius
446 1413 603 1460 effato:
630 1413 783 1459 «Deus
807 1422 875 1459 est
899 1412 1132 1460 nobiscum
1147 1432 1170 1458 »
1193 1413 1460 1478 opponimus
1479 1413 1601 1461 aliud

123 1490 308 1538 effatum
333 1489 451 1554 quod
477 1488 771 1552 gravissimus
790 1498 967 1535 senator
981 1490 1077 1550 (86)
1100 1488 1245 1536 eidem
1264 1488 1309 1535 in
1328 1489 1427 1555 ipso
1445 1499 1602 1537 senatu

122 1566 352 1630 sapienter
374 1563 607 1629 opposuit:
635 1582 657 1608 (ι
672 1563 792 1610 Deus
810 1573 878 1611 est
894 1579 995 1610 cum
1020 1562 1236 1612 ecclesia:
1275 1581 1377 1612 cum
1410 1564 1600 1614 ecclesia

125 1651 402 1706 perstemus;
442 1650 534 1687 tum
570 1639 692 1687 Deus
725 1639 810 1686 erit
838 1638 1119 1688 nobiscum.»

795 1784 844 1847 g.
885 1784 942 1829 11.

481 1912 624 1944 Historia
642 1911 858 1945 ecclesiastica
873 1911 1007 1953 antiqua
1020 1911 1052 1943 et
1067 1910 1236 1944 recentior.

220 2024 323 2072 Plus
353 2025 490 2072 semel
515 2025 558 2071 in
583 2025 774 2072 comitiis
802 2035 936 2089 atque
965 2024 1010 2070 in
1046 2034 1204 2072 senatu
1228 2034 1487 2088 argumenta
1513 2040 1593 2089 pro

122 2101 218 2163 lege
261 2119 313 2148 ex
360 2101 545 2148 historia
589 2101 766 2147 suerunt
799 2101 1078 2164 deprompta.
1119 2101 1248 2148 Notat
1283 2100 1442 2165 Fleury
1476 2100 1596 2165 apud

122 2178 270 2242 ipsum
300 2178 513 2242 populum
540 2176 764 2223 iudaicum
784 2176 829 2222 in
848 2176 1068 2239 coniugiis
1098 2193 1189 2223 rem
1215 2186 1352 2223 totam
1377 2176 1490 2224 inter
1513 2193 1593 2241 pa-

121 2264 266 2301 rentes
290 2264 333 2300 et
356 2254 524 2300 amicos
559 2252 743 2314 transigi
775 2252 1064 2299 consuevisse
1086 2254 1204 2313 (87):
1229 2252 1431 2316 adeoque
1449 2251 1597 2299 adhuc

121 2329 468 2377 matrimonium'
493 2337 745 2375 contractus
780 2338 873 2374 erat
906 2327 1067 2374 civilis.
1114 2326 1378 2374 Huiusmodi
1419 2326 1597 2374 fuerunt

120 2406 302 2470 nuptiae
335 2406 461 2452 Isaac
483 2415 526 2451 et
549 2403 773 2451 Rebeccae
790 2441 800 2459 ,
824 2404 938 2450 Booz
957 2414 1000 2450 et
1018 2403 1156 2459 Ruth,
1191 2405 1324 2450 Sarae
1343 2420 1396 2450 ac
1412 2402 1589 2451 Tobiae.

216 2482 265 2527 In
293 2481 507 2528 ecclesiae
537 2480 823 2544 primordiis,
854 2480 923 2526 sin
949 2479 1098 2526 minus
1126 2479 1300 2536 licitae,
1335 2479 1492 2526 saltem
1517 2496 1596 2527 va-

119 2556 236 2603 lidae
271 2556 450 2603 habitae
485 2566 588 2603 sunt
621 2555 805 2619 nuptiae
841 2554 1012 2619 absque
1042 2555 1127 2602 ritu
1164 2554 1371 2618 religioso
1404 2554 1596 2602 celebra·

213 2701 278 2741 (86)
302 2701 341 2732 Di
356 2687 562 2733 ¹Colobiano.

214 2753 280 2794 (87)
301 2754 407 2786 verba
424 2763 462 2787 ex
479 2754 615 2794 Fleuryo
631 2753 727 2784 allata
741 2753 820 2785 haec
836 2753 981 2785 fuerunt:
995 2754 1099 2785 «Tout
1114 2761 1148 2785 se
1161 2753 1280 2794 passast
1296 2754 1386 2786 entre
1404 2752 1450 2785 les
1465 2753 1595 2794 parents

116 2807 148 2838 et
166 2806 212 2838 1ae
226 2806 325 2839 amis:
344 2807 429 2839 aussi
445 2815 481 2839 cc
495 2806 604 2839 n'etait
619 2814 735 2838 encore
749 2805 850 2846 qu'un
870 2806 1015 2838 contract
1030 2805 1139 2837 civil.»
