1918 3186
291 215 378 261 150
544 231 622 261 mn.
652 231 696 260 ιι.
728 227 840 260 secr.
870 229 899 259 i.
930 229 981 260 na
1005 227 1176 260 numu.
1202 228 1487 260 sacuanunro.

290 308 563 372 nupti-arum,
602 322 652 352 ac
687 305 850 351 rituum
869 343 879 360 ,
907 304 1072 369 quibus
1097 304 1366 352 connubium
1389 303 1656 361 celebratur,
1683 316 1750 352 ta-

290 383 374 429 lem
409 398 509 428 esse
541 381 618 445 qui
653 380 898 427 sanctificet
930 380 1313 436 coniunctionem,
1351 397 1441 444 qua
1474 396 1666 444 sponsus
1708 391 1752 428 et

289 474 455 522 sponsa
495 456 715 503 mediante
760 466 912 503 mutuo
954 473 1175 503 consensu
1218 456 1331 502 inter
1376 473 1425 502 se
1470 455 1744 520 copulantur.

288 534 441 580 Totum
474 532 592 579 enim
616 531 810 579 officium
834 532 1074 579 sacerdotis
1098 548 1202 594 erga
1227 531 1441 578 nubentes
1466 531 1511 576 in
1536 548 1590 578 eo
1612 540 1681 578 est
1701 541 1752 578 ut

288 607 493 673 precibus
527 625 579 655 ac
612 607 912 663 orationibus,
952 606 1098 654 fausta
1139 606 1288 654 omnia
1328 605 1418 653 illis
1457 605 1718 670 adprecatur
1737 643 1748 661 ,

288 684 380 730 sive
414 684 459 729 in
493 683 775 730 coronatione
793 721 802 739 ,
842 683 936 729 sive
970 682 1015 728 in
1050 682 1312 729 annulorum
1344 681 1642 746 porrectione;
1671 698 1753 729 nec

285 758 469 805 verbum
504 758 685 822 quidem
720 769 814 814 est,
843 775 931 822 quo
956 757 1231 820 significetur
1253 757 1526 805 sacerdotem
1551 774 1651 805 esse
1673 757 1751 821 qui

287 852 476 899 sponsos
495 834 541 880 in
559 834 887 881 matrimonium
907 833 1248 896 coniungat,aut
1260 843 1584 880 sacramentum
1603 833 1751 896 ipsum

286 910 449 958 efficiat
481 920 524 957 et
556 910 765 957 conferat.
796 909 935 973 quue
959 909 1069 956 adeo
1093 926 1247 956 verum
1271 919 1374 965 est,
1389 918 1437 955 ut
1458 908 1619 955 exinde
1642 925 1751 956 non-

287 986 396 1033 nulli
429 985 645 1048 theologi,
683 1002 763 1032 seu
786 984 945 1031 melius
969 985 1046 1049 qui
1071 984 1117 1030 in
1143 984 1283 1031 sacris
1308 983 1598 1031 missionibus
1634 984 1753 1048 apud

287 1062 410 1125 ipsos
442 1061 752 1115 versabantur,
794 1076 1025 1123 perperam
1063 1059 1314 1123 putaverint
1338 1076 1473 1123 penes
1498 1076 1680 1122 graecos
1711 1071 1756 1107 et

284 1135 521 1183 orientales
556 1149 643 1182 non
677 1134 859 1197 agnosci
894 1134 1148 1197 coniugium
1182 1144 1230 1181 ut
1264 1144 1618 1191 sacramentum;
1648 1135 1755 1199 quia

288 1228 446 1275 nempe
470 1211 516 1256 in
541 1211 739 1274 ipsorum
775 1210 983 1274 precibus
1007 1227 1060 1257 ac
1084 1209 1244 1257 ritibus
1269 1226 1356 1257 non
1388 1210 1604 1258 invenerit
1636 1210 1755 1274 quod

288 1286 588 1332 necessarium
612 1296 680 1332 est
703 1285 758 1332 ad
778 1295 1103 1332 sacramentum
1119 1323 1129 1341 ,
1153 1294 1373 1349 quatenus
1393 1284 1563 1332 scilicet
1579 1285 1755 1334 diversa

290 1361 455 1408 ratione
478 1360 534 1407 ab
559 1378 634 1417 ea,
663 1377 778 1425 quae
801 1360 969 1407 obtinet
987 1360 1033 1406 in
1051 1360 1243 1408 ecclesia
1260 1359 1419 1416 latina,
1447 1362 1757 1425 conspexerint

287 1436 500 1483 celebrari
534 1435 810 1499 coniugium,
849 1453 961 1500 quos
995 1436 1174 1499 quidem
1210 1436 1305 1483 iure
1339 1437 1483 1499 arguit
1517 1437 1756 1502 improbat-

289 1529 376 1576 que
409 1511 712 1559 Renaudotius
742 1512 858 1574 (22).

383 1586 583 1634 Ceterum
607 1603 707 1633 cum
731 1587 952 1635 secundae
976 1588 1160 1650 nuptiae
1179 1626 1189 1644 ,
1217 1587 1355 1635 multo
1378 1605 1484 1636 vero
1508 1589 1652 1651 magis
1676 1599 1757 1636 ter-

289 1663 375 1709 tiae
399 1679 478 1709 nec
500 1673 833 1718 coronarentur,
863 1680 943 1710 nec
967 1662 1330 1710 benedicerentur
1348 1701 1358 1718 ,
1389 1664 1523 1711 immo
1556 1681 1657 1711 cum
1693 1665 1750 1720 ii,

287 1739 364 1802 qui
385 1738 599 1794 secundo,
624 1748 699 1785 aut
717 1739 843 1786 tertio
863 1739 1147 1803 nupsissent,
1171 1739 1466 1803 poenitentiae
1485 1739 1756 1802 subiiceren-

288 1825 378 1870 tur,
419 1824 536 1877 patet
568 1814 686 1878 apud
710 1814 944 1862 orientales
961 1852 971 1871 ,
1001 1815 1077 1879 qui
1104 1826 1249 1862 tamen
1273 1826 1320 1862 ut
1345 1826 1664 1862 sacramentum
1689 1833 1756 1862 re-

288 1889 509 1954 cipiebant
541 1890 626 1937 hoc
659 1890 901 1938 secundum
936 1892 1166 1939 tertiumve
1190 1891 1545 1948 matrimonium,
1574 1891 1757 1939 minime

288 1977 527 2030 spectatam
551 1966 691 2014 fuisse
713 1979 761 2013 ut
784 1967 1063 2015 essentialem
1090 1968 1186 2014 sive
1211 1968 1543 2015 coronationem
1570 1968 1664 2015 sive
1680 1968 1755 2014 be-

289 2042 579 2090 nedictionem
622 2043 676 2090 ad
719 2054 1043 2091 sacramentum
1090 2044 1446 2092 constituendum
1483 2045 1598 2106 (23).
1629 2043 1755 2099 Quod

291 2184 397 2214 autem
409 2185 441 2215 et
454 2185 695 2217 consummatur
707 2194 763 2226 per
775 2186 1029 2219 benedictionem
1042 2186 1228 2226 sacerdotis,
1242 2187 1274 2218 et
1284 2185 1431 2226 copulam
1441 2185 1633 2217 carnalem.»
1644 2186 1685 2216 Ut
1691 2184 1755 2216 alia

288 2235 480 2268 documenta
502 2237 668 2269 omittam:
690 2238 740 2270 Cf.
763 2238 859 2271 etiam
874 2241 919 2271 Le
935 2239 1038 2276 Quien
1054 2239 1086 2270 in
1103 2240 1170 2271 not.
1184 2242 1214 2271 4.
1232 2238 1265 2270 in
1287 2238 1408 2270 lib.1v.
1423 2239 1551 2270 s.10an.
1568 2237 1754 2269 Damasceni

289 2296 320 2327 p.
338 2291 410 2320 297.
429 2288 484 2320 ubi
502 2288 597 2321 affert
621 2290 765 2322 novenas
785 2291 902 2323 Leonis
920 2291 1081 2333 Sapientis
1096 2292 1129 2323 et
1141 2291 1243 2323 Alexii
1259 2291 1434 2330 comneni,
1462 2290 1581 2330 quibus
1601 2289 1755 2321 statuitur

290 2341 494 2381 «sponsalia
508 2350 572 2373 non
592 2341 685 2374 aliter
705 2350 805 2382 quam
830 2337 1074 2384 ἱεροτελεστίᾳ
1090 2352 1184 2375 sacro
1204 2343 1396 2375 initiationis
1414 2342 1477 2375 ritu
1499 2341 1683 2374 firmitatem
1698 2339 1752 2372 ba·

289 2393 378 2433 bere,
398 2395 430 2425 et
444 2402 527 2434 quae
544 2403 609 2426 non
626 2394 674 2427 sic
689 2395 918 2436 processerint,
940 2396 1032 2427 irrita
1045 2397 1080 2428 et
1093 2398 1259 2436 tamquam
1274 2404 1340 2428 non
1354 2395 1439 2428 facta
1454 2394 1608 2427 censeri.»

384 2445 450 2485 (22)
471 2447 550 2478 Loc.
564 2445 620 2478 cit.
635 2446 729 2487 chap.
744 2448 770 2478 Ι.
785 2455 857 2487 pag.
872 2449 944 2479 401.

382 2495 448 2537 (23)
470 2497 564 2534 Quod
579 2497 709 2530 demum
725 2497 817 2531 fateri
834 2497 947 2530 debuit
960 2497 1198 2538 Renaudotius,
1213 2498 1339 2531 etiamsi
1353 2498 1422 2538 ipse
1438 2497 1545 2530 teneat
1558 2504 1655 2538 penes
1666 2504 1753 2537 grae—

288 2556 344 2580 cos
358 2549 405 2580 uti
423 2549 624 2582 essentialem
640 2549 785 2582 habitam
800 2549 899 2582 fuisse
913 2549 1072 2582 eiusmodi
1096 2549 1273 2582 sacerdotis
1299 2549 1563 2582 benedictionem.
1588 2548 1755 2589 Siquidem

289 2608 352 2631 non
368 2600 478 2633 valens
491 2609 525 2633 se
538 2601 579 2634 ab
594 2602 654 2634 hac
667 2601 858 2634 difficultate
881 2601 1040 2634 extricare
1064 2603 1136 2634 orta
1151 2610 1190 2634 ex
1205 2601 1380 2634 omissione
1401 2601 1632 2634 benedictionis
1655 2602 1689 2633 in
1708 2609 1755 2633 se·

287 2651 402 2684 eundis
422 2653 543 2694 nuptiis
554 2678 563 2694 ,
588 2654 760 2695 confugere
785 2655 917 2687 coactus
931 2655 991 2694 est,
1005 2655 1042 2686 ut
1058 2661 1131 2686 cam
1154 2654 1305 2694 solveret,
1319 2653 1359 2685 ad
1373 2653 1562 2686 sententiam
1576 2653 1616 2685 de
1629 2655 1755 2685 contra·

286 2704 440 2738 bentibus
453 2706 619 2739 ministris.
633 2707 686 2739 Sic
702 2707 788 2740 enim
801 2707 914 2739 scribit
925 2715 998 2748 cap.
1008 2708 1047 2738 V.
1061 2715 1133 2747 pag.
1142 2708 1212 2739 440.
1223 2719 1238 2734 α
1247 2707 1280 2738 Si
1293 2715 1334 2738 on
1349 2707 1443 2745 croit,
1457 2714 1581 2739 comme
1595 2706 1752 2747 plusieurs

290 2756 497 2797 theologicus,
509 2766 572 2797 que
586 2759 616 2790 le
627 2760 866 2792 consentement
877 2758 934 2791 des
946 2759 1128 2800 partiendos
1138 2758 1243 2799 signes
1256 2759 1288 2790 et
1300 2758 1346 2790 les
1357 2758 1494 2799 paroies,
1505 2758 1579 2790 sont
1591 2767 1627 2790 ce
1640 2758 1719 2798 qn'ii
1734 2767 1752 2797 y

290 2808 499 2841 ad'essentici
517 2809 595 2842 dans
611 2810 640 2843 le
655 2813 849 2851 sacrement;
865 2812 885 2844 ii
901 2820 935 2844 se
947 2813 1061 2844 trouve
1076 2811 1156 2843 dans
1172 2811 1218 2844 ies
1231 2811 1397 2849 secondes,
1410 2811 1455 2843 ies
1469 2811 1650 2844 troisiemes
1661 2812 1692 2843 et
1707 2811 1753 2843 ies
