1918 3186
284 209 341 241 xn
880 203 1109 235 mmmmm!
1118 224 1125 232 .

284 292 403 335 inter
433 296 672 348 utramque
694 292 966 346 potestatem
985 283 1198 329 novimus
1217 283 1452 328 exarsisse.
1480 282 1747 327 Haereticos

283 379 361 410 eos
392 363 600 408 homines
633 360 887 406 omittimus
907 392 919 410 ‚
957 359 1039 419 qui
1078 357 1213 403 huius
1246 358 1519 403 sacra-menti
1558 357 1748 403 veritate

283 441 472 491 reiecta,
505 453 561 483 eo
597 451 742 497 usque
773 435 998 481 amentiae
1030 433 1234 495 prolapsi
1267 441 1397 486 sunt,
1425 440 1474 478 ut
1497 440 1674 479 castum
1696 446 1749 477 ac

285 515 538 575 legitimum
563 511 843 557 matrimonii
873 508 1110 556 vinculum
1143 523 1237 554 non
1269 523 1398 554 secus
1423 507 1674 554 habuerint
1697 523 1749 554 ac

283 592 332 635 in
364 588 503 635 rebus
538 586 778 634 venalibus
804 585 881 638 fit,
914 586 1198 647 emptionem
1229 584 1502 646 quamdam,
1535 593 1612 631 aut
1644 600 1750 630 mu-

286 674 410 711 tuam
438 677 686 725 corporum
710 661 1088 707 conductionem:
1118 660 1176 706 ad
1210 659 1324 706 alios
1351 661 1430 721 qui
1462 661 1669 707 mitiores
1702 676 1750 706 se

286 742 437 787 hostes
472 739 713 791 simulant,
748 739 785 784 si
813 737 986 799 placet,
1018 737 1271 783 veniamus.
1304 738 1361 782 Hi
1397 746 1505 782 sunt
1539 752 1594 783 ex
1627 737 1751 783 mul-

284 817 480 864 titudine
511 815 809 878 politicorum
840 814 1083 860 hominum
1115 821 1251 874 atque
1279 813 1585 875 leguleiorum
1614 813 1750 859 turba

285 909 380 940 non
413 893 571 955 pauci,
610 892 687 952 qui
724 890 1059 936 haereticorum
1093 889 1284 950 vestigia
1310 890 1465 940 sectati
1493 904 1584 935 non
1611 890 1750 936 modo

284 971 381 1016 ausi
414 975 520 1014 sunt
552 982 656 1013 cum
689 965 878 1012 ecclesia
913 965 959 1010 in
995 972 1088 1011 tam
1118 964 1279 1010 divino
1305 966 1406 1011 iure
1437 965 1746 1015 contendere,

284 1060 445 1092 verum
464 1044 602 1091 etiam
621 1042 734 1089 nihil
761 1043 1037 1087 intentatum
1061 1041 1347 1102 reliquerunt
1364 1076 1375 1094 ‚
1404 1056 1500 1102 quo
1523 1041 1751 1103 quidquid

285 1121 343 1168 ad
381 1122 562 1183 nuptias
597 1119 758 1165 attinet
794 1116 1000 1163 fidelium
1025 1151 1036 1170 ‚
1073 1118 1110 1162 si
1146 1119 1418 1163 sacramenti
1462 1118 1752 1164 sanctitatem

285 1196 507 1258 excipias,
548 1193 606 1241 ad
639 1193 822 1240 civilem
853 1200 1126 1255 potestatem
1156 1201 1203 1239 et
1232 1208 1480 1239 commune
1509 1193 1597 1239 fori
1630 1194 1753 1239 iudi-

285 1273 405 1318 cium
439 1270 668 1317 deducere
701 1277 997 1315 conarentur.

379 1349 539 1408 Neque
568 1345 757 1391 defuere
793 1361 849 1391 ex
881 1344 1133 1406 theologis,
1172 1346 1250 1407 qui
1290 1347 1546 1407 praeteritis
1577 1355 1755 1408 tempo-

287 1422 446 1476 ribus,
483 1422 678 1468 maxime
710 1436 822 1467 vero
853 1419 912 1466 ab
947 1419 1105 1481 elapso
1141 1421 1328 1467 saeculo
1357 1425 1494 1482 atque
1528 1422 1619 1467 hoc
1653 1422 1755 1483 ipso

286 1501 334 1545 in
365 1514 460 1561 quo
493 1498 690 1544 vivimus
720 1498 939 1550 ineunte,
970 1497 1018 1542 in
1057 1497 1321 1543 societatem
1356 1498 1607 1558 quamdam
1648 1514 1755 1545 cum

286 1575 559 1622 iansenianis
585 1572 886 1627 doctoribus,
921 1572 980 1619 ad
1016 1588 1117 1619 eam
1151 1588 1290 1634 quam
1322 1573 1522 1620 diximus
1559 1573 1617 1620 ab
1651 1575 1755 1621 aula

288 1650 537 1713 profectam
567 1648 828 1711 pestiferam
856 1649 1124 1710 opinionem
1155 1647 1402 1695 fovendam
1441 1651 1756 1712 tuendamque

287 1727 547 1773 coniurasse
574 1726 659 1771 visi
689 1733 811 1771 sunt.
832 1727 979 1771 Nemo
1015 1726 1163 1770 nescit
1196 1740 1314 1786 quos
1347 1727 1515 1788 impios
1544 1726 1685 1773 duces
1708 1728 1756 1773 in

289 1811 379 1849 tam
406 1802 581 1848 nefario
605 1800 730 1847 bello
754 1809 914 1847 contra
947 1800 1185 1847 ecclesiam
1216 1811 1428 1863 suscepto
1458 1804 1636 1864 sequuti
1663 1802 1757 1849 fue-

288 1880 407 1925 rint:
442 1879 725 1925 desertorem
758 1878 974 1924 videlicet
998 1877 1131 1923 illum
1158 1877 1269 1924 fidei
1301 1879 1494 1925 Paulum
1523 1881 1751 1942 Sarpium,

288 1964 333 2002 et
353 1955 578 2001 famosum
605 1955 801 2000 alterum
820 1955 1130 2016 Spalatensem
1156 1964 1413 2018 apostatam
1439 1958 1643 2003 Marcum
1661 1958 1758 2002 An-

290 2033 466 2078 tonium
486 2034 550 2078 De
562 2032 792 2086 Dominis,
822 2046 905 2077 nec
932 2046 1025 2077 non
1051 2033 1351 2094 parisiensem
1381 2033 1624 2079 doctorem
1649 2035 1758 2080 Lau-

290 2109 472 2162 noium‚
504 2123 704 2169 quorum
739 2107 1053 2154 cavillationes
1071 2117 1117 2155 et
1136 2109 1416 2171 sophismata
1450 2108 1755 2156 transcribere

289 2200 383 2231 non
422 2185 554 2231 veriti
589 2192 695 2230 sunt
721 2218 732 2237 ,
769 2193 905 2245 atque
940 2184 1026 2231 hac
1060 2186 1158 2247 ipsa
1189 2194 1337 2232 aetate
1374 2194 1531 2232 nostra
1555 2218 1566 2239 ‚
1601 2186 1755 2231 inania

291 2261 420 2315 licet,
452 2268 497 2307 et
532 2262 668 2307 toties
699 2260 892 2308 refutata
929 2261 1102 2308 multos
1139 2277 1232 2307 non
1268 2262 1414 2324 pudet
1445 2260 1673 2323 proferre.

384 2336 585 2383 Accessit
617 2336 675 2382 ad
706 2338 819 2383 haec
851 2353 971 2384 nova
1008 2338 1088 2384 illa
1112 2347 1158 2383 et
1185 2339 1340 2384 nescio
1372 2337 1543 2400 quibus
1567 2353 1624 2383 ex
1655 2337 1756 2384 fon-

292 2412 412 2459 tibus
437 2413 598 2459 hausta
634 2411 841 2458 doctrina
861 2447 872 2464 ‚
908 2429 1026 2474 quae
1059 2412 1246 2459 labente
1279 2414 1463 2460 saeculo
1488 2415 1606 2459 XVI.
1629 2413 1758 2459 scho-

289 2489 355 2535 las
391 2488 511 2535 haud
559 2503 726 2550 paucas
767 2489 960 2542 invasit,
1000 2504 1091 2551 qua
1127 2488 1398 2535 tradebatur
1433 2489 1568 2535 huius
1607 2488 1756 2535 confi-

290 2564 438 2609 ciendi
465 2565 731 2610 sacramenti
754 2564 1013 2616 ministros,
1047 2564 1442 2625 quemadmodum
1475 2573 1750 2617 ceterorum,

290 2640 547 2687 sacerdotes
583 2655 680 2687 esse
715 2641 1016 2693 constitutos;
1055 2648 1099 2685 et
1130 2655 1184 2686 ex
1218 2655 1314 2701 quo
1351 2640 1640 2702 promulgata
1674 2641 1754 2685 illa

289 2716 520 2763 distinctio
543 2717 663 2762 inter
696 2723 1034 2762 sacramentum
1059 2724 1104 2762 et
1129 2717 1411 2778 pactionem,
1442 2731 1560 2778 quae
1584 2717 1630 2761 in
1656 2730 1756 2762 ma-

292 2794 508 2839 trimonio
541 2793 787 2839 christiano
814 2791 1089 2844 intercedat,
1118 2792 1269 2853 coepit
1293 2792 1597 2845 circumferri,
1625 2792 1754 2838 theo-
