1912 3180
324 188 412 233 252
599 202 677 232 Lm.
701 200 731 231 1.
761 199 876 231 sacr.
903 199 1075 231 ALTERA.
1099 200 1151 231 nn
1175 200 1349 232 mmm.
1379 199 1519 232 clviu.

320 294 545 326 renovare.
574 277 642 322 En
666 292 804 323 novos
827 275 1058 323 conflictus
1077 314 1087 332 ,
1116 275 1154 322 si
1181 275 1248 323 lex
1273 275 1417 323 civilis
1440 294 1528 324 non
1562 277 1789 327 admiserit

318 352 647 418 impedimenta,
680 368 795 415 quae
818 351 1007 399 ecclesia
1031 351 1272 399 constituit.
1304 351 1358 398 Et
1381 352 1441 399 ita
1463 369 1607 416 porro.
1637 354 1690 399 Ei
1713 356 1788 419 qui

317 427 518 490 regiones
555 425 901 491 perlustraverit,
937 427 982 472 in
1011 426 1173 491 quibus
1194 426 1261 474 lex
1279 427 1397 489 viget
1413 427 1468 473 de
1485 428 1706 491 coniugiis
1726 430 1791 476 ci-

314 502 502 558 vilibus,
542 501 654 549 nihil
695 502 970 567 frequentius
1005 502 1198 549 offendet
1236 520 1369 567 quam
1414 503 1497 550 hos
1532 503 1699 552 aliosve
1732 506 1789 552 si-

315 577 442 625 miles
476 595 627 634 casus,
656 578 702 625 in
726 595 838 643 quos
876 588 1028 634 ruunt,
1052 577 1127 642 qui
1151 577 1298 625 civilia
1331 579 1547 627 eiusmodi
1582 580 1788 644 coniugia

313 654 626 702 contraxerint.

411 730 555 778 Facile
578 749 756 797 possem
781 731 868 779 alia
887 749 974 778 non
994 747 1135 795 pauca
1157 730 1436 778 incommoda
1459 749 1615 795 urgere
1632 769 1641 787 ,
1669 749 1785 796 quae

312 824 365 854 ex
389 807 462 855 his
487 807 720 855 connubiis
748 807 994 872 pullulant;
1023 824 1176 853 verum
1206 823 1261 853 ne
1295 806 1505 870 prolixior
1538 807 1621 854 sim
1638 845 1648 862 ,
1676 807 1786 854 haec

312 881 488 930 silentio
517 882 897 947 praetermittens,
935 881 1055 928 aliud
1080 898 1349 946 persequar,
1389 882 1508 946 quod
1542 899 1594 929 ex
1629 882 1784 929 eodem

312 956 431 1005 fonte
463 957 675 1005 dimanat.
709 957 917 1004 Admisso
948 957 1193 1022 principio,
1223 957 1341 1022 quod
1371 958 1702 1005 matrimonium
1726 958 1783 1005 ad

310 1033 440 1081 civile
481 1035 677 1098 regimen
712 1033 934 1082 exclusive
965 1034 1183 1098 pertinet,
1221 1034 1309 1082 iam
1343 1052 1480 1099 prono
1513 1034 1637 1082 alveo
1660 1035 1779 1091 fluit,

310 1126 468 1157 causas
503 1110 848 1158 matrimoniales
879 1127 1031 1157 omnes
1067 1110 1290 1158 exclusive
1313 1111 1478 1174 pariter
1500 1110 1557 1157 ad
1581 1110 1696 1158 idem
1721 1129 1785 1158 re-

309 1184 455 1246 gimen
483 1185 717 1249 pertinere.
737 1186 830 1232 Sibi
854 1186 1116 1250 gubernium
1135 1186 1206 1233 ius
1223 1186 1447 1249 arrogabit
1466 1186 1780 1250 cognoscendi,

309 1259 568 1315 iudicandi,
608 1261 963 1326 sententiamque
996 1261 1268 1308 definitivam
1303 1261 1624 1326 pronunciandi
1664 1262 1782 1308 circa

308 1336 529 1399 coniugia,
553 1354 669 1401 quae
684 1337 815 1384 unice
831 1337 1083 1385 considerat
1100 1348 1324 1402 tamquam
1343 1337 1495 1384 civiles
1513 1348 1776 1385 contractus.

309 1412 454 1468 Quare
485 1430 584 1460 cum
618 1431 749 1462 casus
784 1415 1043 1478 contigerit,
1089 1415 1207 1479 quod
1243 1414 1364 1478 leges
1400 1414 1556 1462 civiles
1589 1425 1784 1479 pugnent

307 1505 408 1535 cum
429 1488 602 1552 legibus
627 1490 968 1547 ecclesiasticis,
997 1491 1073 1556 qui
1098 1492 1290 1556 profecto
1314 1508 1447 1538 casus
1472 1491 1670 1538 insolens
1693 1507 1781 1538 non

307 1574 405 1621 est,
440 1565 600 1629 poterit
640 1576 756 1614 certe
801 1567 1063 1614 sententiam
1100 1567 1212 1613 ferre
1246 1566 1662 1623 contradictoriam,
1707 1577 1782 1613 aut

308 1642 574 1688 contrariam
619 1643 867 1689 sententiae
905 1642 1019 1690 latae
1042 1681 1051 1698 ,
1097 1653 1172 1689 aut
1215 1642 1422 1689 ferendae
1469 1641 1527 1688 ab
1571 1641 1776 1690 ecclesia.

307 1717 424 1766 Hine
447 1718 486 1765 si
510 1730 666 1781 agatur
681 1719 737 1766 de
753 1718 928 1776 valore,
950 1730 1024 1766 aut
1042 1719 1240 1766 nullitate
1263 1718 1488 1774 connubii,
1516 1718 1781 1782 pronuncia-

306 1794 373 1841 bit
411 1794 525 1842 laica
559 1806 753 1859 potestas
787 1796 984 1843 validum
1013 1796 1266 1858 coniugium
1306 1794 1436 1851 illud,
1483 1794 1601 1859 quod
1641 1794 1782 1841 eccle-

309 1869 378 1916 sia
419 1870 590 1917 irritum
624 1871 754 1935 plane
787 1888 839 1918 ae
874 1871 1041 1918 nullius
1082 1870 1247 1918 valoris
1284 1870 1527 1926 iudicabit,
1576 1887 1627 1916 ac
1663 1869 1782 1916 vice·-

303 1962 464 2002 versa,
499 1947 671 1994 irritum
706 1947 836 1994 iudex
870 1947 1013 1994 civilis
1049 1946 1362 2011 pronunciabit
1385 1984 1394 2002 ,
1436 1946 1554 2010 quod
1593 1945 1779 1992 ecclesia

308 2034 448 2070 ratum
483 2023 631 2071 habet.
670 2024 881 2089 Sequelas
916 2024 1095 2070 maximi
1134 2023 1376 2079 momenti,
1410 2041 1524 2087 quae
1542 2040 1594 2069 ex
1611 2022 1779 2069 haciu-

306 2098 521 2147 diciorum
550 2099 866 2164 discrepantia,
894 2100 983 2147 imo
1010 2110 1054 2147 et
1081 2098 1361 2164 oppositione
1386 2098 1665 2163 proveniunt,
1685 2098 1780 2162 qui-

306 2173 414 2221 libet
445 2191 525 2239 per
553 2193 601 2222 se
633 2176 881 2239 expendere
915 2175 1089 2240 poterit.
1123 2174 1324 2221 Indidem
1359 2174 1476 2221 enim
1503 2174 1642 2221 oritur
1673 2174 1779 2219 hinc

307 2251 606 2298 conscientiae
629 2252 828 2298 anxietas
846 2290 855 2308 ,
885 2251 988 2298 inde
1011 2251 1123 2298 iuris
1154 2250 1298 2298 civilis
1329 2249 1515 2314 privatio
1535 2287 1545 2304 ,
1584 2259 1627 2295 et
1659 2248 1777 2312 quod

306 2327 561 2375 inevitabile
583 2338 651 2375 est
667 2365 677 2384 ,
707 2327 1084 2392 perturbationum
1109 2344 1160 2374 ac
1182 2326 1473 2373 dissidiorum
1498 2324 1777 2389 amplissima

306 2419 434 2465 seges
459 2420 546 2451 non
571 2402 714 2450 solum
738 2403 852 2450 inter
869 2413 1101 2466 utramque
1119 2412 1380 2466 potestatem
1398 2439 1408 2457 ,
1431 2400 1510 2447 sed
1527 2400 1642 2446 inter
1658 2399 1777 2446 cives

307 2479 432 2542 ipsos
456 2490 660 2542 exurget,
689 2479 765 2544 qui
790 2479 978 2527 invicem
1013 2478 1238 2525 colluctari
1274 2476 1518 2531 debebunt;
1553 2485 1596 2522 et
1628 2475 1688 2521 ita
1714 2475 1780 2522 fa-

308 2553 457 2602 miliae
486 2572 538 2603 ac
567 2555 792 2603 societatis
828 2555 954 2602 sinus
983 2554 1263 2601 dilaceratur.

403 2632 630 2679 Praeterea
658 2649 711 2678 ex
739 2631 894 2679 eodem
924 2630 1147 2695 principio
1173 2629 1229 2675 de
1257 2628 1535 2675 matrimonio
1568 2644 1688 2674 mere
1714 2627 1779 2674 ci-

306 2705 409 2762 vili,
442 2708 643 2771 sequitur
675 2725 809 2773 posse
841 2707 1073 2772 politicum
1110 2705 1304 2769 regimen
1329 2721 1489 2752 causas
1525 2704 1772 2757 decernere,

308 2781 364 2829 ob
388 2800 501 2847 quas
524 2783 774 2845 coniugium
800 2783 984 2830 dissolvi
1020 2782 1187 2838 valeat,
1221 2800 1288 2829 ex.
1317 2798 1382 2841 gr.
1413 2780 1673 2827 adulterium
1693 2817 1702 2835 ,
1731 2788 1777 2826 ut
