1912 3180
259 172 347 218 432
504 186 582 216 un.
614 185 642 214 ι.
673 182 815 214 sscrio
840 182 1012 214 ALTERA.
1043 182 1095 213 ns
1126 181 1301 215 unum.
1331 183 1474 217 civim.

354 265 426 310 Sic
451 265 582 310 etiam
619 278 855 309 erroneum
874 272 918 308 et
935 261 1301 309 anticatholicum
1331 274 1401 310 est
1429 263 1549 328 quod
1576 265 1742 314 adiecit

218 371 222 374 >
259 351 403 388 orator
425 377 435 394 ‚
474 337 715 387 concilium
750 337 836 386 hoc
873 354 954 386 suo
987 338 1163 386 decreto
1197 349 1345 386 actum
1381 339 1588 388 effecisse
1622 342 1741 406 prin-

257 427 429 482 cipatus
459 416 688 482 proprium
709 453 718 472 ‚
747 431 891 480 eoque
918 425 1142 463 annuente
1159 426 1202 462 et
1219 415 1493 480 postulante;
1523 435 1624 465 cum
1650 419 1741 483 pla-

256 494 397 542 cuerit
425 492 724 558 principatui‚
752 492 916 557 poterit
940 491 1015 539 hic
1041 503 1235 540 statuere
1265 510 1423 541 novam
1444 494 1630 543 formam
1655 496 1741 543 sub

259 570 479 618 nullitatis
513 586 673 636 poena.
714 569 822 617 Tota
855 568 966 616 haec
988 606 998 625 ,
1037 569 1248 634 inquam,
1277 570 1467 618 assertio
1489 587 1674 620 erronea
1696 584 1740 619 et

259 637 575 695 anticatholica
607 656 698 703 est,
726 639 878 711 utpote
911 644 1122 692 damnata
1145 645 1192 692 in
1216 641 1453 694 Constitut.
1488 647 1739 711 dogmatica

257 725 478 770 Auctorem
511 721 615 786 fidei
635 721 682 768 in
706 738 836 786 prop.
860 719 966 767 LlX.
989 729 1033 766 et
1050 720 1136 767 LX.
1159 738 1273 786 quas
1309 721 1409 769 heic
1444 719 1734 772 subiicimus:

258 800 308 847 ln
343 816 470 865 μορ.
494 799 602 846 LIX.
631 798 819 846 dieitur:
853 815 876 841 τι
896 796 1147 845 Declaratio
1182 797 1345 863 synodi
1378 798 1732 863 (pistoriensis)

257 892 493 947 asserens,
535 875 593 921 ad
624 890 868 938 supremam
902 873 1073 920 civilem
1099 883 1357 938 potestatem
1391 872 1625 923 dumtaaeat
1648 878 1738 923 ori—

255 944 478 1039 qinariam
509 961 700 1024 spectare
733 951 977 997 contractui
1006 951 1277 998 matrimonii
1308 948 1519 1016 apponere
1552 954 1736 1018 impedi-

256 1039 399 1077 menta
420 1031 512 1076 eius
534 1029 723 1092 qeneris,
746 1044 856 1092 quae
874 1028 1017 1113 ipsum
1033 1028 1207 1075 nullum
1222 1024 1423 1084 reddant,
1446 1028 1733 1094 dicunturque

257 1098 530 1159 dirimentia;
557 1103 671 1168 quod
695 1105 765 1151 ius
788 1104 1076 1167 originarium
1092 1115 1319 1168 praeterea
1341 1105 1502 1152 dicitur
1520 1123 1616 1152 cum
1640 1107 1736 1153 iure

257 1175 541 1245 dispensandi
572 1180 859 1227 essentialiter
892 1196 1152 1236 connexum;
1185 1180 1487 1245 subiungens:
1516 1184 1735 1246 supposito

257 1274 434 1305 assensu
456 1258 525 1304 vel
547 1258 819 1304 conniventia
836 1257 1109 1321 principum,
1142 1259 1333 1322 potuisse
1367 1258 1592 1305 ecclesiam
1625 1260 1736 1306 iuste

256 1333 509 1380 constituere
543 1332 847 1396 impedimenta
880 1331 1130 1379 dirimentia
1163 1334 1306 1397 ipsum
1339 1344 1606 1381 contractum
1641 1352 1734 1382 ma-

259 1410 454 1456 trimonii
471 1428 485 1464 ;
523 1409 656 1474 quasi
697 1408 887 1456 ecclesia
921 1426 1009 1456 non
1045 1425 1221 1474 semper
1262 1411 1456 1475 potuerit
1495 1427 1548 1458 ae
1589 1411 1734 1475 possit

257 1485 305 1532 in
345 1484 690 1533 christianorum
735 1484 1028 1532 matrimoniis
1063 1484 1158 1531 iure
1192 1486 1374 1549 proprio
1415 1486 1735 1552 impedimenta

257 1562 551 1618 constituere,
597 1579 714 1627 quae
757 1561 1089 1609 matrimonium
1130 1579 1219 1610 non
1263 1561 1407 1610 solum
1446 1562 1725 1629 impediant,

256 1638 336 1686 sed
359 1650 403 1687 et
425 1638 596 1686 nullum
633 1639 821 1686 reddant
853 1637 1000 1703 quoad
1026 1638 1272 1695 vinculum,
1300 1639 1465 1704 quibus
1492 1639 1726 1687 christiani

258 1712 459 1764 obstricti
478 1725 712 1763 teneantur
735 1715 867 1762 etiam
893 1715 938 1760 in
963 1714 1093 1762 terris
1117 1714 1385 1772 infidelium,
1410 1716 1455 1762 in
1474 1716 1734 1781 eisdemque

256 1791 550 1858 dispensare;
593 1809 802 1838 canonum
839 1793 881 1837 3.
922 1792 963 1837 4.
999 1793 1043 1838 9.
1081 1793 1156 1838 12.
1190 1792 1410 1840 sessionis
1453 1794 1529 1840 24.
1564 1794 1738 1840 concilii

257 1868 485 1916 tridentini
515 1869 737 1923 eversiva,
778 1868 992 1914 haeretica
1020 1869 1203 1931 (117).»
1228 1869 1475 1934 Propositio
1507 1886 1612 1917 vero
1642 1870 1728 1915 LX.

257 1945 370 1993 haec
402 1956 501 1993 est:
545 1965 567 1989 α
591 1945 699 1993 Item
733 1944 902 2008 rogatio
938 1944 1100 2010 synodi
1133 1945 1191 1991 ad
1226 1955 1492 2010 potestatem
1528 1945 1727 2002 civilem,

257 2032 344 2071 ute
361 2039 534 2068 numero
558 2021 957 2086 impedimentorum
975 2021 1099 2068 tollat
1117 2022 1411 2085 coqnationem
1433 2023 1729 2086 spiritualem,

255 2107 384 2163 atque
407 2097 524 2144 illud
546 2097 660 2162 quod
683 2097 847 2144 dieitur
872 2097 1075 2162 publicae
1107 2097 1361 2152 honestatis,
1401 2116 1582 2162 quorum
1615 2099 1734 2163 oriqo

255 2177 471 2240 reperitur
503 2177 551 2222 in
584 2176 825 2222 collectione
858 2175 1118 2230 Iustiniani,
1149 2185 1238 2221 tum
1261 2185 1308 2221 ut
1330 2177 1566 2240 restrinqat
1599 2177 1734 2240 impe-

260 2251 498 2300 dimentum
522 2253 755 2318 affinitatis
778 2262 819 2299 et
841 2254 1109 2316 coqnationis
1132 2270 1187 2299 ea·
1211 2270 1476 2317 quacumque
1511 2253 1633 2299 licita
1666 2251 1734 2298 vel

259 2327 418 2376 illicita
451 2330 743 2376 coniunctione
771 2330 1063 2393 provenientis
1087 2329 1146 2376 ad
1168 2339 1371 2394 quartum
1394 2328 1584 2394 qradum
1606 2328 1733 2375 iuoeta

259 2405 430 2453 civilem
464 2406 818 2471 computationem
846 2424 927 2470 per
962 2406 1119 2453 lineam
1155 2406 1380 2453 lateralem
1414 2416 1454 2453 et
1487 2405 1727 2469 obliquam,

259 2482 322 2528 ita
357 2493 523 2538 tamen,
562 2493 611 2529 ut
641 2499 738 2547 spes
777 2482 902 2530 nulla
934 2483 1208 2547 relinquatur
1252 2482 1584 2550 dispensationis
1622 2480 1733 2526 obti-

258 2558 447 2614 nendae,·
476 2570 698 2625 quatenus
737 2558 857 2607 civili
895 2559 1099 2625 potestati
1136 2559 1207 2608 ius
1241 2558 1441 2607 attribuit
1476 2558 1571 2605 sive
1603 2556 1732 2604 abro-

302 2727 305 2729 .
355 2695 441 2733 (117)
462 2695 495 2727 Si
511 2695 688 2730 haeretica
697 2698 752 2729 cst
765 2695 915 2729 doctrina
937 2695 1052 2737 synodi
1074 2695 1293 2737 pistoriensis,
1307 2702 1346 2726 eo
1358 2691 1448 2734 quod
1463 2692 1507 2724 sit
1519 2690 1667 2724 eversiva
1683 2698 1734 2736 ca·

259 2752 381 2778 nonum
397 2750 426 2779 ³
442 2750 520 2780 ὡς).
540 2753 589 2781 12.
606 2757 682 2790 ergo
696 2749 857 2782 eiusmodi
872 2756 1012 2782 canones
1024 2749 1102 2782 sunt
1114 2747 1322 2790 domininici,
1339 2755 1403 2779 non
1417 2747 1526 2779 autem
1548 2743 1732 2786 disciplina-

256 2806 308 2831 res
321 2800 457 2832 tantum.
471 2802 553 2834 Nam
567 2801 727 2834 haeretica
741 2804 790 2834 est
807 2802 972 2843 doctrina,
990 2810 1073 2842 quae
1085 2801 1260 2842 opponitur
1273 2799 1347 2832 fidei
1362 2799 1516 2839 dogmati.
