1918 3186
213 195 303 226 cir.
322 195 379 226 iv.
400 194 574 226 axrssNn.
591 193 684 225 Aac.
704 194 754 224 οε
768 193 858 224 um.
874 193 988 225 sica.
1007 193 1097 224 mr.
1117 193 1178 225 ιιι.
1193 192 1287 223 Ana.
1303 192 1451 224 raim.
1514 178 1536 221 1
1547 178 1605 223 33

148 272 232 318 niri
266 289 428 336 posse,
468 270 738 318 sacerdotem
770 270 1019 317 ministrum
1043 287 1142 318 esse
1166 270 1428 318 sacramenti
1458 271 1608 317 matri-

145 348 297 395 monii.
320 348 489 394 Etenim
514 346 702 394 ecclesia
732 362 817 392 non
848 355 991 409 potest
1022 347 1267 410 dogmatice
1301 346 1485 394 definire
1518 347 1605 393 nisi

146 425 214 481 id,
243 424 360 489 quod
386 424 431 470 in
456 423 633 470 divinae
666 421 947 470 revelationis
981 422 1181 487 deposito
1209 415 1489 479 'continetur;
1519 423 1606 469 iam

143 517 271 556 vero,
300 517 398 547 cum
427 516 479 546 ex
512 498 670 554 dictis,
700 515 843 562 neque
867 498 912 544 in
938 498 1188 562 Scriptura,
1218 517 1362 564 neque
1385 499 1431 545 in
1455 499 1607 554 divina

143 576 377 623 traditione
400 575 473 622 hic
495 574 706 622 articulus
730 575 1005 622 contineatur
1019 613 1028 631 ,
1053 576 1147 622 fieri
1171 575 1323 639 nequit
1344 586 1392 622 ut
1413 575 1603 623 ecclesia

142 651 264 698 illum
288 651 535 714 dogmatice
553 650 749 698 definiat.
774 651 1002 698 Praeterea
1017 689 1026 707 ,
1047 651 1237 699 ecclesia
1255 651 1342 698 sibi
1361 669 1603 716 numquam

139 727 359 774 contraria
392 727 438 772 in
472 726 671 774 doctrina
703 744 803 774 esse
837 736 1004 791 potest3
1041 743 1140 774 cum
1175 738 1320 774 autem
1345 765 1355 784 ‚
1393 738 1443 774 ut
1474 727 1606 792 paulo

140 814 241 868 post
274 803 551 859 ostendetur,
589 803 806 851 contraria
834 813 1084 851 constanter
1107 803 1152 849 in
1177 803 1366 851 ecclesia
1387 804 1606 851 catholica

137 880 326 943 viguerit
357 879 556 927 doctrina
588 891 632 927 et
665 880 834 944 praxis,
884 897 1060 926 rursum
1106 879 1327 943 colligitur
1370 879 1604 927 ecclesiam

136 956 383 1019 dogmatice
416 956 676 1003 sententiam
711 956 831 1003 illam
872 946 1058 1002 definire
1096 955 1214 1003 haud
1248 973 1397 1021 posse.

233 1034 309 1079 11.
337 1031 404 1078 Ad
421 1031 466 1078 id
482 1049 602 1088 vero,
624 1032 742 1096 quod
762 1042 982 1097 postremo
1006 1032 1215 1080 adiicitur
1238 1032 1294 1079 de
1311 1032 1474 1079 Bened.
1489 1032 1597 1078 xlv.

136 1109 180 1155 in
213 1125 347 1174 opere
368 1108 431 1155 De
453 1108 613 1173 synodo
647 1108 896 1156 dioecesana
911 1146 923 1164 ‚
953 1109 1031 1174 qui
1057 1109 1320 1157 sententiam
1345 1108 1453 1156 Cani
1478 1120 1606 1156 vocat

134 1185 260 1232 valde
287 1185 578 1250 probabilem,
617 1185 753 1232 nolim
787 1186 916 1233 aliter
950 1186 1109 1234 melius
1142 1186 1436 1251 respondere,
1469 1202 1603 1250 quam

133 1261 265 1319 verba
296 1261 396 1326 ipsa
428 1260 686 1325 usurpando
721 1278 759 1308 s.
782 1261 999 1326 Alphonsi
1036 1261 1092 1309 de
1126 1261 1298 1325 Ligorio
1332 1261 1597 1309 scribentis:

134 1357 160 1382 «
180 1337 261 1384 His
286 1337 442 1401 positis
459 1374 469 1393 ,
491 1335 622 1384 valde
643 1336 778 1384 miror
799 1337 919 1402 quod
944 1336 1151 1384 laudatus
1169 1337 1431 1384 Benedictus
1446 1374 1456 1393 ,
1479 1346 1600 1401 post-

131 1429 267 1476 quam
306 1411 578 1459 contenderit
618 1411 863 1459 rationibus
897 1423 984 1459 tam
1020 1412 1279 1475 urgentibus
1313 1422 1466 1460 contra
1499 1428 1603 1459 sen-

133 1488 314 1535 tentiam
350 1487 486 1544 Cani,
534 1487 655 1535 illam
696 1488 888 1553 appellet
932 1488 1204 1553 probabilem
1227 1527 1237 1546 ‚
1282 1489 1485 1554 quamvis
1518 1505 1599 1534 non

132 1565 376 1619 intrinsece,
405 1564 484 1612 sed
510 1574 676 1611 tantum
708 1566 943 1611 extrinsece
977 1581 1074 1612 eam
1111 1564 1385 1630 probabilem
1420 1582 1600 1612 censere

129 1640 350 1697 videatur,
389 1657 441 1688 eo
486 1641 630 1706 quod,
674 1652 723 1689 ut
757 1641 845 1698 ait,
885 1652 953 1689 est
987 1641 1086 1706 ipsa
1118 1642 1336 1689 doctorum
1367 1641 1600 1706 suffraqiis

128 1717 400 1762 communita.
423 1715 729 1764 Verumtamen
753 1717 895 1780 magis
924 1727 1095 1782 oportet
1127 1717 1352 1765 attendere
1380 1734 1456 1773 ea,
1486 1733 1600 1781 quac

127 1790 284 1838 scribit
314 1791 576 1840 Benedictus
601 1793 646 1839 in
670 1792 876 1840 decretali
901 1810 983 1840 sua
1007 1793 1193 1857 epistola
1217 1793 1273 1841 ad
1299 1792 1600 1857 archiepisco-

131 1883 235 1931 pum
268 1867 491 1926 Goanum,
529 1886 643 1934 quae
676 1869 855 1933 incipit:
884 1870 1043 1917 Paucis
1074 1868 1127 1915 ab
1162 1869 1259 1915 hinc
1294 1867 1592 1922 hebdomadis,

131 1942 207 1989 ubi
242 1943 395 1991 scribit
426 1954 475 1992 ut
509 1944 726 2010 pontifex,
754 1962 887 2009 quam
916 1962 984 2002 ea,
1022 1962 1136 2010 quae
1170 1945 1335 2008 profert
1366 1954 1415 1991 ut
1447 1943 1598 1991 doctor

131 2019 330 2082 privatus
359 2019 404 2066 in
430 2021 654 2084 praedicto
687 2037 820 2085 opere
851 2022 914 2068 De
945 2021 1133 2086 synodo:
1160 2020 1205 2066 in
1230 2019 1455 2084 praedicta
1478 2019 1596 2066 enim

130 2094 337 2143 decretali
377 2111 583 2160 expresse
616 2097 743 2144 docet
775 2097 1001 2146 ministros
1035 2097 1297 2144 sacramenti
1332 2095 1595 2143 matrimonii

130 2187 230 2218 esse
264 2171 386 2236 ipsos
421 2172 758 2228 contrahentes,
798 2190 885 2221 non
918 2190 1023 2221 vero
1057 2173 1359 2228 sacerdotem,
1397 2171 1502 2219 dum
1535 2172 1596 2219 ait

130 2246 249 2311 quod
281 2248 464 2294 materia
486 2249 544 2295 sit
566 2256 715 2295 mutua
739 2266 959 2312 corporum
984 2249 1162 2296 traditio
1186 2250 1327 2296 verbis
1351 2266 1400 2295 ac
1423 2248 1596 2294 nutibus

128 2339 348 2369 assensum
380 2323 735 2387 exprimentibus,
763 2333 803 2370 et
824 2333 975 2371 mutua
998 2341 1218 2388 corporum
1251 2324 1483 2387 acceptatio
1506 2324 1595 2386 sor-

128 2415 199 2446 ma
219 2400 368 2460 (48).»
391 2399 613 2447 Hactenus
648 2417 685 2447 s.
709 2399 980 2465 Alphonsus.

223 2474 379 2521 Verum
408 2492 495 2523 non
520 2475 601 2523 abs
628 2492 674 2522 re
699 2475 807 2532 erit,
837 2486 886 2523 ut
912 2476 1075 2524 clarius
1107 2485 1253 2540 pateat
1279 2491 1498 2539 quaenam
1524 2474 1592 2520 in-

130 2549 291 2598 sederit
322 2551 578 2600 doctissimo
605 2552 710 2600 huic
740 2553 935 2617 pontifici
965 2552 1181 2600 sententia
1209 2552 1265 2598 de
1293 2551 1495 2599 ministro
1520 2567 1593 2598 sa-

131 2627 340 2673 cramenti
377 2628 673 2685 matrimonii,
717 2628 926 2677 nonnulla
969 2628 1057 2676 alia
1090 2646 1142 2676 ex
1175 2628 1272 2675 eius
1305 2627 1514 2692 operibus
1547 2627 1592 2672 in

224 2749 289 2789 (⁴⁸)
313 2748 426 2783 Τιιωι.
439 2759 527 2785 mor.
543 2752 599 2785 m».
611 2754 666 2783 vi.
679 2753 772 2784 tract.
787 2753 842 2785 vt.
855 2754 904 2784 De
916 2754 1068 2785 matrim.
1081 2738 1152 2795 cap.
1168 2753 1210 2783 11.
1224 2751 1286 2784 sub
1299 2751 1395 2785 finem
1407 2760 1441 2785 ιι.
1454 2754 1524 2785 897.
1537 2750 1589 2783 ed.

130 2800 262 2833 Taurin.
282 2804 368 2834 1847.
385 2804 464 2835 tom.
483 2805 523 2835 ΙΙ.
540 2804 594 2836 ubi
613 2803 677 2836 vid.
692 2806 758 2836 not.
774 2803 888 2837 editor.
