1912 3180
290 214 378 260 228
554 229 634 260 Lm.
664 229 693 259 1.
723 228 836 260 sacr.
866 229 1036 261 ALTERA.
1066 229 1116 260 DE
1141 229 1314 262 unium.
1343 230 1482 263 eiviu.

284 309 502 371 timosque
536 316 787 354 contractus
821 307 973 355 civiles
1007 307 1321 365 connubiales,
1350 327 1402 356 ac
1425 310 1612 357 divortia
1646 329 1750 359 san-

281 383 370 429 cire
403 381 486 428 sub
519 382 737 446 appositis
770 382 1097 430 conditionibus
1132 384 1248 445 (33);
1283 383 1436 431 eodem
1474 385 1596 441 iure,
1630 387 1668 433 si
1703 387 1748 433 id

281 457 486 520 expedire
509 457 770 505 iudicaverit
788 459 984 506 societati
1003 497 1012 515 ,
1042 459 1126 506 sub
1149 459 1373 507 nonnullis
1397 460 1744 518 conditionibus,

278 542 353 578 aut
392 532 594 580 absolute
629 534 793 591 etiam,
832 534 1129 599 polygamiam
1165 536 1405 599 legitimam
1440 537 1664 585 declarare
1697 556 1749 586 ac

276 607 372 671 lege
402 609 591 656 sancire.
631 610 693 658 Eo
728 610 793 658 vel
830 610 1001 672 magis,
1031 611 1150 674 quod
1175 611 1391 658 eiusmodi
1427 612 1677 677 polygamia
1701 614 1746 659 in

276 683 371 747 lege
404 696 610 744 naturae,
643 686 798 733 saltem
823 687 914 733 Deo
942 686 1246 750 permittente,
1284 687 1403 751 apud
1439 689 1739 752 patriarchas,

274 778 327 808 ac
354 761 516 809 deinde
550 762 634 810 sub
667 763 764 826 lege
796 762 991 810 mosaica
1023 762 1233 825 viguerit,
1261 774 1304 810 et
1327 764 1572 828 antiquitus
1607 782 1744 828 penes

275 837 367 884 sere
402 838 604 886 nationes
639 856 793 886 omnes
819 838 1018 884 fueritin
1042 855 1153 895 usu,
1195 848 1322 902 prout
1354 840 1595 886 etiamnum
1630 841 1745 888 inter

273 914 506 961 nonnullas
527 926 703 978 gentes,
727 914 986 979 praesertim
1005 931 1108 961 vero
1127 913 1347 961 islamitas
1365 952 1374 971 ‚
1398 915 1443 960 in
1463 915 1630 962 honore
1653 927 1737 963 est.

272 989 432 1037 Verum
454 991 573 1055 quod
594 991 735 1055 pluris
759 990 916 1046 refert,
942 990 1052 1036 illud
1072 1000 1139 1037 est
1157 1029 1165 1046 ‚
1195 990 1315 1055 quod
1333 1001 1474 1038 aetate
1492 992 1577 1039 hac
1595 1003 1745 1040 nostra

270 1065 385 1113 inter
416 1067 633 1132 quasdam
678 1067 1012 1131 protestantium
1048 1077 1192 1114 sectas
1226 1066 1507 1132 polygamiae
1542 1069 1741 1116 doctrina

270 1154 312 1190 ct
347 1145 497 1207 praxis
531 1145 740 1191 dilatetur
762 1162 815 1191 ac
838 1153 1120 1209 propagetur.
1151 1143 1275 1191 Certe
1307 1144 1615 1210 anabaptistae
1648 1147 1740 1210 pri-

270 1219 506 1282 mogeniti,
546 1238 626 1268 seu
660 1221 848 1269 maiores
882 1231 988 1268 natu
1033 1221 1402 1286 protestantismi,
1444 1221 1590 1285 palam
1626 1222 1740 1269 inter

268 1305 410 1342 cetera
444 1296 650 1359 dogmata
683 1313 766 1343 sua
798 1307 1040 1362 posuerunt
1072 1314 1256 1344 uxorum
1292 1296 1615 1361 pluralitatem,
1655 1298 1739 1344 im-

266 1387 339 1417 mo
373 1381 415 1418 et
446 1373 797 1420 communionem
831 1390 1015 1420 uxorum
1050 1372 1189 1419 innixi
1223 1373 1474 1420 auctoritate
1511 1373 1738 1420 bibliorum

265 1463 317 1492 ex
351 1447 570 1511 principio
604 1447 923 1496 fundamentali
959 1449 1307 1513 protestantismi
1349 1450 1465 1511 (34).

361 1523 441 1570 His
486 1524 637 1572 leviter
669 1525 899 1581 delibatis,
939 1536 1154 1590 quantum
1189 1525 1357 1572 scilicet
1389 1525 1463 1573 hic
1497 1543 1609 1590 opus
1643 1538 1739 1574 erat

268 1603 393 1661 (nam
429 1618 482 1647 ex
516 1601 717 1665 professo
750 1602 834 1649 hoc
858 1602 913 1649 de
937 1611 1193 1665 argumento
1234 1601 1340 1648 alibi
1384 1601 1619 1649 habebitur
1648 1621 1739 1650 ser·

263 1679 382 1738 mo),
422 1678 486 1724 sic
519 1695 599 1742 per
633 1688 830 1726 nostrum
871 1679 1121 1726 insistimus
1163 1679 1260 1725 iter.
1301 1678 1546 1725 Constituto
1597 1679 1731 1725 semel

262 1753 509 1818 principio,
560 1754 679 1818 quod
718 1754 1047 1801 matrimonium
1089 1753 1218 1801 civile
1251 1753 1348 1817 lege
1380 1754 1543 1801 sanciri
1594 1754 1736 1817 possit

265 1827 320 1874 ab
355 1830 473 1876 omni
509 1829 738 1893 religionis
773 1829 1042 1893 obligatione
1074 1829 1322 1885 divulsum,
1368 1829 1476 1893 quid
1517 1829 1728 1893 impedit,

261 1905 500 1968 quominus
541 1905 695 1951 eadem
741 1905 863 1968 lege,
903 1915 1139 1969 postquam
1172 1905 1360 1952 divortia
1392 1905 1563 1952 sancita
1597 1916 1729 1960 sunt,

261 1980 415 2028 tertius
433 2019 443 2037 ,
471 1991 520 2028 ut
542 1981 604 2028 ita
638 1980 805 2037 dicam,
845 1981 1008 2044 gradus
1043 1981 1396 2038 conscendatur,
1435 1981 1732 2047 polygamiam

262 2057 581 2121 permittendo,
613 2058 651 2105 si
676 2058 918 2105 necessitas
948 2058 1170 2122 postulet,
1212 2058 1482 2105 conscientia
1517 2058 1726 2114 suadeat,

260 2134 491 2181 tolerantia
523 2134 731 2198 religiosa
764 2152 940 2191 eorum,
972 2135 1049 2200 qui
1078 2134 1166 2181 iam
1199 2151 1296 2181 eam
1331 2135 1593 2198 profitentur
1619 2144 1732 2181 tam-

259 2228 394 2275 quam
419 2210 506 2274 legi
530 2211 812 2274 evangelicae
834 2214 1100 2267 conSonam,
1123 2210 1301 2273 exigat?
1317 2210 1384 2256 Ab
1402 2210 1503 2267 illa,
1527 2210 1725 2274 inquam,

260 2287 564 2350 legislatione,
610 2305 751 2352 quae,
790 2287 875 2335 sub
910 2287 1119 2343 obtentu,
1159 2286 1277 2352 quod
1318 2285 1476 2333 debeat
1509 2303 1535 2332 a
1569 2285 1727 2349 quavis

353 2429 419 2470 (33)
441 2432 548 2471 Eques
570 2430 733 2470 Persoglio
751 2438 780 2462 e.
797 2440 829 2471 g.
845 2431 878 2463 in
894 2431 1129 2472 paradigmate,
1144 2428 1232 2471 quod
1246 2429 1412 2471 proposuit
1423 2428 1503 2469 legis
1518 2427 1558 2460 de
1571 2428 1730 2460 matrimo-

258 2481 311 2512 nio
330 2481 419 2514 civili
441 2482 619 2524 subalpinis
641 2482 798 2524 comitiis,
818 2483 900 2515 inter
917 2485 1040 2515 ceteros
1060 2484 1093 2515 et
1112 2483 1204 2515 illum
1226 2482 1391 2514 constituit
1409 2481 1592 2520 articulum,
1609 2490 1673 2521 quo
1686 2481 1728 2512 ad

255 2535 519 2576 prospiciendum
539 2536 753 2568 conscientiae
772 2545 896 2577 eorum,
912 2536 969 2577 qui
985 2535 1108 2568 resilire
1128 2536 1247 2568 vellent
1263 2544 1282 2567 a
1304 2535 1425 2576 nuptiis
1443 2543 1551 2566 coram
1573 2534 1643 2565 solo
1664 2542 1729 2565 ma-

256 2586 388 2626 gistratu
403 2588 492 2620 civili
506 2588 595 2620 initis
610 2588 652 2620 ad
665 2588 920 2620 contrahendum
941 2588 1032 2620 iuxta
1053 2588 1151 2620 ritum
1174 2587 1378 2628 religiosum,
1400 2587 1536 2618 facultas
1556 2586 1650 2618 detur
1663 2585 1726 2618 dis-

258 2638 403 2670 solvendi
418 2640 621 2681 coniugium,
632 2640 660 2673 si
676 2640 755 2673 alter
765 2640 883 2672 coniux
900 2640 1048 2672 obsistat.
1059 2640 1109 2673 Cf.
1124 2639 1283 2681 egregium
1297 2639 1489 2680 opusculum
1504 2638 1557 2670 cui
1570 2638 1619 2670 tit.
1633 2637 1728 2670 sulze

257 2690 346 2731 leym:
372 2693 470 2724 civili
495 2693 556 2725 che
580 2693 796 2734 riquardano
814 2694 841 2726 tl
857 2694 1089 2726 matrimonio.
1114 2692 1234 2725 Torino
1259 2697 1346 2725 1851.
1363 2700 1435 2733 pag.
1454 2694 1524 2725 234.
1543 2701 1575 2723 n.
1594 2696 1662 2724 168.
1679 2693 1725 2723 En

255 2741 354 2781 igitur
378 2745 535 2777 sancitum
563 2745 741 2778 divortium
768 2745 810 2778 ab
831 2745 902 2789 ipsa
923 2746 1002 2786 lege.
1352 2783 1354 2785 ,

354 2796 419 2836 (34)
441 2797 490 2828 Cf.
503 2798 607 2830 Sudre
619 2800 710 2831 Hist.
724 2798 774 2831 du
789 2800 1011 2832 comunisme.
1027 2798 1085 2831 Ed.
1099 2799 1210 2839 cinqu.
1223 2798 1387 2831 Bruxelles
1403 2802 1490 2831 1550.
1504 2799 1555 2830 ch.
1570 2799 1625 2830 lv.
1638 2798 1725 2830 Ana-

265 2847 427 2890 lmpct'sces
445 2854 473 2881 2.
493 2850 619 2891 &paque
635 2860 706 2891 pag.
726 2854 764 2883 78
775 2860 842 2891 seq.
