1912 3180
365 188 454 235 288
606 200 685 232 un.
715 199 744 230 1.
773 197 912 231 sacrm
935 197 1103 230 Atrium.
1133 196 1184 228 ni:
1213 197 1385 229 mrum.
1415 197 1554 230 c1viu.

362 279 473 327 tensi
517 276 705 325 comitiis
745 274 971 341 probanda
1014 275 1169 322 eadem
1207 274 1276 323 lex
1322 276 1547 340 proposita
1591 276 1696 333 fuit,
1742 290 1809 327 ast

354 353 454 400 sive
485 351 647 398 exitum
682 350 851 398 nullum
890 349 1071 407 habuit,
1110 351 1204 398 sive
1236 350 1445 414 abrogata
1478 351 1561 398 fuit
1587 353 1807 414 (1).1am-

351 426 436 473 diu
459 426 502 473 in
529 443 663 490 regno
685 426 896 474 Bavariae
923 425 1160 474 constituta
1182 436 1250 473 est
1271 426 1340 474 lex
1364 427 1420 473 de
1442 426 1560 473 civili
1583 426 1803 491 coniugio.

358 501 474 548 Alibi
508 502 662 568 saltem
687 502 744 550 ad
771 512 942 567 tempus
963 502 1146 550 vetitum
1170 502 1251 548 fuit
1273 502 1358 548 sub
1381 502 1591 564 gravibus
1626 504 1780 567 poenis
1795 541 1805 560 ,

356 595 412 626 ne
456 578 704 626 sacerdotes
749 578 1023 625 matrimonio
1066 577 1295 639 iungerent
1335 577 1521 635 fideles,
1570 590 1807 643 antequam

355 654 520 720 scripto
553 665 773 703 constaret
810 671 885 702 eos
924 669 1071 700 coram
1110 653 1229 700 civili
1268 654 1526 718 magistratu
1565 657 1808 702 contraxis-

354 748 404 779 se
425 733 510 794 (2);
538 748 653 797 quae
685 729 917 795 dispositio
950 727 1116 776 alicubi
1150 728 1296 776 adhuc
1330 730 1539 794 perdurat
1560 731 1643 792 (3).

449 807 514 854 De
535 805 693 870 Anglia
719 805 782 852 nil
805 804 948 852 dicam
966 841 976 861 ,
1015 821 1131 868 quae
1164 804 1338 868 profani
1370 805 1637 853 matrimonii
1670 804 1806 852 veluti

352 882 594 946 legislatrix
622 882 832 944 magistra
848 890 931 937 est,
958 896 1228 945 quamquam
1252 879 1361 927 illud
1385 897 1465 944 per
1488 898 1537 928 se
1560 891 1703 928 ratum
1727 880 1799 936 sit,

351 975 487 1023 quum
519 957 787 1024 publicatum
809 955 872 1002 ibi
896 972 984 1004 non
1005 955 1136 1003 fuerit
1158 950 1445 1003 tridentinum
1468 955 1720 1003 concilium.

445 1033 665 1082 Hactenus
699 1034 745 1079 in
776 1031 906 1079 Italia
949 1031 1273 1079 matrimonium
1308 1049 1427 1079 mere
1458 1031 1587 1079 civile
1630 1031 1806 1095 ignora—

347 1109 507 1157 batur:
546 1120 590 1156 at
632 1125 735 1156 vero
781 1125 922 1172 nuper
953 1108 999 1154 in
1034 1107 1283 1172 subalpinis
1324 1107 1380 1154 de
1420 1107 1676 1155 huiusmodi
1709 1106 1805 1171 lege

349 1184 530 1233 ferenda
563 1195 708 1233 actum
742 1195 824 1232 est.

442 1262 535 1310 Iam
557 1278 660 1310 vero
682 1261 791 1326 quid
815 1261 871 1308 de
894 1261 1007 1324 lege,
1035 1279 1150 1326 quae
1182 1263 1510 1309 matrimonium
1533 1278 1653 1309 mere
1675 1262 1804 1310 civile

347 1337 491 1384 sancit
512 1375 522 1394 ‚
559 1337 798 1384 dicendum
832 1337 892 1385 sit
913 1375 922 1394 ‚
960 1348 1062 1401 post
1083 1354 1135 1384 ea
1150 1375 1159 1393 ,
1188 1355 1303 1402 quae
1325 1337 1382 1385 de
1404 1338 1681 1386 matrimonio
1704 1338 1804 1402 ipso

343 1412 463 1460 civili
485 1413 701 1470 diximus,
741 1413 850 1461 satis
885 1423 1019 1477 patet.
1049 1415 1174 1461 Nunc
1204 1425 1349 1461 tamen
1382 1414 1523 1477 legem
1558 1415 1702 1479 ipsam
1736 1414 1805 1461 di-

346 1499 461 1536 recte
494 1489 969 1554 antiphilosophicam‚
1006 1500 1050 1537 et
1081 1489 1418 1554 antipoliticam‚
1448 1491 1538 1538 imo
1571 1490 1702 1538 etiam
1737 1501 1804 1555 ty-

343 1564 572 1611 rannicam
605 1581 706 1612 esse
740 1564 999 1628 singillatim
1031 1564 1330 1612 demonstrare
1364 1566 1660 1628 aggredimur.

437 1641 552 1688 Sane
583 1652 633 1688 ut
665 1659 692 1688 a
725 1641 880 1705 primis
916 1640 1000 1688 hoc
1033 1640 1079 1687 in
1113 1640 1297 1688 articulo
1325 1641 1625 1688 exordiamur:
1655 1641 1803 1689 Philo-

341 1717 484 1781 sopho
506 1717 748 1765 absurdum
770 1717 912 1764 videri
935 1717 1084 1773 debet,
1113 1734 1166 1764 ac
1190 1727 1332 1765 rectae
1366 1735 1618 1782 repugnans
1643 1718 1800 1766 rationi

339 1792 539 1840 ordinem
562 1793 750 1840 idealem
773 1810 853 1840 seu
877 1793 1024 1857 potius
1049 1793 1249 1840 fictitium
1272 1810 1372 1840 cum
1390 1793 1496 1840 reali
1515 1794 1797 1857 permiscere,

339 1868 475 1934 idque
497 1880 546 1916 ut
567 1880 819 1916 concretum
854 1879 1080 1934 spectare,
1118 1869 1238 1933 quod
1273 1869 1319 1915 in
1355 1869 1449 1916 sola
1483 1886 1623 1933 eaque
1657 1869 1798 1916 fallaci

336 1944 496 1993 mentis
531 1944 825 1993 abstractione
858 1944 1077 1992 consistit.
1100 1945 1233 1992 Porro
1268 1944 1471 1992 hodierni
1502 1945 1802 2010 pseudo-poli-

337 2021 413 2068 tici
432 2021 479 2067 in
498 2021 811 2085 promovendis
829 2015 1173 2086 sanciendisque
1191 2039 1327 2086 penes
1346 2021 1611 2070 christianos
1630 2022 1799 2086 nuptiis

336 2113 445 2160 pure
476 2097 682 2145 civilibus
715 2098 762 2144 in
795 2115 885 2145 uno
919 2097 1162 2162 eodemque
1196 2097 1395 2146 subiecto
1423 2098 1535 2146 duas
1565 2098 1799 2162 qualitates

432 2285 477 2326 (1)
498 2286 545 2318 De
564 2295 629 2327 qua
645 2286 714 2327 lege
728 2287 773 2319 ita
789 2286 840 2319 ab.
857 2289 1029 2328 Mosquera
1048 2287 1146 2319 frater
1166 2286 1340 2319 venerandi
1360 2286 1593 2327 archiepiscopi
1617 2287 1800 2326 bogotensis

329 2338 460 2379 scripsit
472 2338 507 2370 in
522 2347 573 2379 ep.
586 2338 629 2370 ad
645 2338 842 2372 Redactores
860 2341 1005 2372 Univers
1020 2339 1073 2372 die
1089 2345 1137 2372 ιι.
1156 2340 1292 2381 Augusti
1318 2344 1429 2372 1856.»
1445 2341 1531 2371 Pour
1544 2347 1581 2371 ce
1594 2339 1650 2379 qui
1666 2339 1799 2380 regarde

330 2390 364 2423 la
378 2392 601 2424 monstrueuse
619 2391 663 2423 loi
680 2391 729 2424 du
744 2395 900 2434 mariage
918 2393 1023 2432 civil,
1046 2393 1171 2426 donnee
1189 2402 1230 2425 en
1246 2397 1334 2426 1853.
1352 2392 1374 2424 il
1389 2402 1410 2434 y
1429 2401 1448 2424 a
1470 2392 1541 2433 deja
1555 2391 1798 2433 amelioration3

330 2444 393 2476 elle
405 2453 425 2476 a
438 2444 489 2477 ete
503 2444 656 2486 abrogee‚
679 2447 712 2477 et
729 2446 873 2486 quoique
894 2446 926 2477 la
947 2445 1099 2478 nouvelle
1114 2446 1159 2478 loi
1174 2446 1271 2478 laisse
1285 2455 1401 2478 encore
1416 2445 1436 2477 a
1449 2445 1580 2485 desirer,
1596 2445 1802 2485 aujourd'hui

326 2505 452 2529 comme
470 2505 529 2538 par
542 2497 574 2530 le
591 2498 684 2538 passe
697 2497 728 2530 le
742 2498 884 2539 mariage
896 2498 954 2531 des
969 2498 1174 2539 catholiques
1185 2498 1320 2540 produit
1332 2500 1407 2531 tous
1421 2499 1468 2531 les
1480 2497 1573 2530 effeta
1587 2497 1627 2530 de
1645 2498 1799 2531 l’habilite

328 2548 458 2582 civile.»
472 2549 557 2582 lbicl.
576 2554 626 2583 15.
642 2550 741 2582 Aout.

426 2601 472 2641 (2)
493 2603 543 2634 lta
556 2601 590 2633 in
602 2601 720 2634 ducatu
737 2602 910 2635 mutinensi
925 2603 1057 2635 cautum
1072 2602 1194 2644 fueram
1206 2611 1318 2636 verum
1332 2611 1442 2635 mense
1456 2602 1628 2635 Novembr.
1641 2607 1730 2636 1855.
1745 2603 1798 2635 de-

326 2651 450 2683 cretum
465 2653 531 2693 est,
552 2654 590 2685 ut
615 2652 765 2695 deinceps
788 2654 963 2687 declaratio
985 2654 1177 2696 praecedens
1194 2653 1391 2687 matrimonii
1407 2663 1464 2695 per
1475 2656 1584 2686 actum
1604 2656 1707 2687 status
1721 2654 1798 2686 civi-

328 2702 370 2735 lis
394 2711 459 2736 non
478 2705 617 2746 amplius
639 2707 818 2740 necessaria
832 2707 875 2740 sit
888 2708 964 2741 anie
981 2707 1222 2741 matrimonium
1248 2707 1445 2748 religiosum.
1462 2707 1537 2739 Vid.
1558 2707 1591 2740 ll
1604 2715 1795 2749 messaqero

327 2753 367 2786 di
382 2755 540 2789 Modena.

424 2807 469 2848 (3)
488 2809 531 2841 Ut
543 2810 576 2842 in
589 2817 686 2854 regno
696 2811 910 2853 neapolitano.
