1918 3186
823 208 1053 241 PROOEMIUH
1063 230 1070 237 .
1633 206 1677 237 -xt

205 289 405 352 damque
423 289 621 335 diximus
639 302 664 334 a
677 289 774 334 Deo
793 287 931 334 fuisse
946 289 1223 334 institutam:
1242 295 1339 332 tum
1358 285 1547 332 demum
1567 293 1678 331 tam-

205 381 344 428 quam
379 365 623 427 proprium
659 363 895 424 religionis
930 362 1137 409 officium
1164 371 1210 409 et
1234 377 1432 414 munus;
1469 361 1680 422 quando-

204 443 395 505 quidem
439 441 596 487 divina
631 439 922 502 providentia
959 439 1132 486 factum
1162 448 1253 491 est,
1290 447 1342 485 ut
1380 436 1457 484 alii
1492 454 1544 484 ex
1579 438 1679 484 aliis

205 527 502 565 nascerentur
524 518 604 578 qui
626 516 710 562 tilii
732 517 813 562 Dei
839 523 991 562 essent
1013 524 1059 561 et
1080 515 1392 561 immortalem
1415 514 1678 561 beatitatem

204 602 622 657 consequerentur:
645 593 936 655 exploratum
964 601 1114 639 tamen
1137 608 1282 654 aeque
1305 601 1398 646 est,
1424 607 1574 654 neque
1591 591 1676 639 soli

204 680 394 718 naturae
425 685 574 732 neque
616 669 737 716 civili
773 669 985 731 potestati
1018 668 1176 714 datum
1213 684 1311 715 esse
1345 669 1506 715 eadem
1543 668 1678 731 plane

202 748 405 801 ratione,
436 762 529 809 qua
566 746 614 792 id
653 745 741 792 sibi
775 745 980 792 vindicat
1017 745 1182 806 religio
1206 780 1216 798 ,
1251 746 1517 807 nuptiarum
1554 745 1679 807 leges

202 840 255 872 ac
269 826 369 871 iura
388 824 639 871 moderari.
671 822 807 878 Quod
828 823 951 868 enim
977 821 1102 868 aliud
1136 830 1328 870 naturae
1349 821 1557 868 officium
1582 838 1680 869 esse

202 901 432 955 dicemus,
463 915 603 962 quam
631 900 719 945 viri
751 914 802 945 ac
835 899 1043 945 mulieris
1078 900 1448 961 coniugationem
1478 900 1540 945 ita
1565 907 1679 945 tem-

203 993 366 1040 perare
387 1012 398 1032 ,
443 993 495 1024 ac
529 991 712 1039 regere,
751 984 801 1022 ut
841 991 894 1022 ea
927 975 1118 1022 honesta
1150 978 1207 1022 sit
1241 984 1285 1022 et
1318 977 1597 1038 susceptioni
1628 990 1680 1023 ac

201 1055 478 1101 institutioni
515 1052 691 1100 sobolis
727 1068 821 1099 non
865 1052 1174 1099 adversetur?
1210 1053 1337 1108 Quae
1378 1068 1493 1099 vero
1533 1053 1680 1099 civilis

201 1131 440 1194 potestatis
466 1138 621 1193 partes
651 1138 788 1180 sunt,
815 1144 895 1175 eae
918 1144 1078 1175 omnes
1109 1130 1225 1176 intra
1253 1130 1316 1176 rei
1342 1128 1556 1192 publicae
1581 1145 1681 1176 am-

200 1206 350 1254 bitum
387 1216 432 1254 et
465 1207 725 1253 communis
754 1206 866 1252 boni
903 1221 1093 1259 eorum,
1125 1208 1204 1268 qui
1240 1207 1500 1260 sociantur,
1540 1208 1680 1253 conti·

200 1293 385 1331 nentur.
407 1285 580 1330 Verum
612 1283 670 1329 ad
701 1282 937 1329 ecclesiam
976 1284 1131 1336 unice,
1168 1292 1212 1329 et
1250 1285 1445 1346 proprio
1469 1299 1553 1330 suo
1579 1285 1680 1331 iure

201 1368 378 1423 spectat
411 1362 678 1422 nuptiarum
716 1358 840 1420 leges
875 1359 1256 1420 conditionesque
1290 1375 1342 1406 ea
1374 1361 1553 1406 ratione
1577 1376 1679 1407 mo-

202 1437 356 1484 derari
375 1472 386 1490 ,
416 1445 468 1483 ut
496 1437 576 1498 qui
602 1437 718 1481 inire
743 1436 1089 1481 matrimonium
1125 1436 1314 1489 volunt,
1351 1437 1382 1481 ii
1411 1452 1504 1483 non
1529 1437 1680 1486 modo

202 1512 329 1575 quod
366 1513 425 1559 ad
462 1528 617 1559 mores
651 1513 842 1563 attinet,
887 1528 1048 1558 verum
1096 1514 1234 1559 etiam
1275 1512 1402 1574 quod
1441 1513 1498 1558 ad
1535 1522 1681 1560 mate-

202 1591 341 1643 riam,
369 1605 509 1651 quam
547 1589 729 1651 ipsimet
761 1588 1010 1650 praebent,
1047 1597 1091 1634 et
1124 1605 1214 1651 qua
1252 1598 1588 1636 sacramentum
1613 1591 1681 1636 ef-

202 1664 356 1712 ficitur
393 1667 485 1728 apti
520 1673 658 1727 atque
689 1665 843 1710 idonei
880 1664 1163 1717 habeantur,
1200 1681 1223 1712 a
1260 1681 1355 1727 quo
1392 1667 1544 1727 pactio
1580 1668 1678 1728 ipsa

201 1742 444 1804 nuptialis,
471 1757 591 1804 quae
622 1743 670 1788 in
703 1750 990 1788 sacramento
1015 1742 1285 1795 intercedit,
1315 1751 1393 1789 aut
1421 1758 1681 1789 sacramen-

202 1827 300 1865 tum
335 1820 489 1882 ipsum
528 1820 762 1865 constituit
781 1852 792 1871 ,
819 1819 1039 1880 distingui
1065 1828 1142 1865 aut
1167 1819 1344 1872 dividi,
1373 1819 1682 1881 quemadmo-

203 1894 317 1940 dum
351 1910 375 1941 a
413 1903 701 1942 sacramento
750 1893 1037 1956 baptismatis
1082 1897 1293 1957 corporis
1334 1894 1513 1941 ablutio
1548 1895 1680 1941 nullo

204 1978 338 2031 pacto
374 1978 542 2032 potest.
586 1972 738 2026 Quare
778 1986 870 2017 una
909 1979 979 2018 est
1014 1970 1231 2025 ecclesia,
1271 1986 1390 2032 quae
1425 1986 1479 2016 ex
1525 1970 1679 2018 divina

203 2062 343 2108 quam
374 2062 398 2093 a
431 2048 613 2095 Christo
653 2049 852 2094 Domino
886 2050 1059 2111 accepit
1093 2055 1318 2110 potestate
1350 2046 1678 2109 impedimenta

205 2123 452 2169 constituat
490 2123 690 2184 quibus,
725 2133 804 2170 aut
835 2125 1018 2171 irritum
1056 2125 1218 2186 plane,
1256 2133 1336 2170 aut
1376 2124 1590 2171 illicitum
1623 2126 1680 2172 sit

204 2197 413 2244 fidelium
462 2197 777 2251 connubium3
831 2215 920 2246 una
962 2209 1030 2246 est
1071 2215 1190 2261 quae
1239 2200 1680 2263 impedimentorum

204 2275 387 2321 vincula
417 2275 610 2321 honesta
650 2275 710 2321 de
746 2291 903 2321 caussa
938 2275 1186 2330 dissolvat;
1225 2292 1315 2324 una
1347 2285 1444 2332 est,
1487 2293 1607 2340 quae
1641 2279 1680 2325 si

204 2350 334 2412 quod
364 2366 532 2414 anceps
559 2360 605 2398 et
635 2351 832 2398 dubium
863 2352 951 2406 sit,
974 2351 1196 2400 diiudicet
1227 2362 1273 2400 et
1300 2353 1570 2416 distinguat;
1590 2369 1679 2401 una

206 2426 397 2472 demum
427 2436 524 2480 est,
552 2444 672 2490 quae
697 2429 962 2491 nuptiarum
1000 2430 1101 2476 iura
1135 2439 1182 2476 et
1216 2432 1525 2493 proprietates
1560 2439 1680 2477 caste

206 2510 342 2564 atque
376 2503 594 2550 inviolate
631 2512 830 2550 tueatur.

302 2580 402 2634 Qua
428 2580 618 2642 quidem
636 2582 682 2627 in
700 2597 751 2628 re
769 2581 884 2629 dum
908 2583 1054 2629 civilis
1082 2592 1283 2645 potestas
1298 2618 1308 2637 ,
1339 2592 1392 2630 ut
1417 2584 1470 2630 fit
1485 2619 1496 2638 ,
1520 2584 1681 2631 consti-

208 2663 332 2702 tutos
363 2655 450 2702 sibi
487 2657 601 2704 fines
634 2659 842 2713 excedit,
870 2675 1019 2722 neque
1043 2659 1102 2707 ab
1129 2661 1318 2707 ecclesia
1343 2662 1390 2707 in
1415 2660 1574 2708 officio
1597 2676 1682 2724 pa-

208 2731 320 2777 titur
355 2734 611 2788 contineri;
649 2733 811 2781 aborta
841 2736 1014 2782 iurium
1047 2734 1321 2783 confusione
1359 2737 1682 2784 contentiones

209 2807 314 2854 illae
344 2823 442 2854 esse
478 2811 726 2872 incipiunt,
757 2826 876 2872 quae
905 2812 1018 2857 olim
1038 2820 1084 2858 et
1107 2812 1193 2857 hac
1222 2813 1320 2874 ipsa
1348 2821 1493 2860 aetate
1521 2822 1679 2859 nostra
