1918 3186
224 217 315 247 cn.
334 217 391 247 lv.
410 215 587 247 cxrnnn.
603 214 697 246 Aac.
716 214 768 245 ni:
786 214 877 246 um.
896 213 1011 247 SAcn.
1030 213 1181 246 Annii.
1199 213 1295 245 Ana.
1309 213 1429 245 τωο.
1502 199 1593 243 105

216 294 407 350 Quintus
442 304 509 341 est
543 292 827 348 Hormisdas,
855 293 983 340 cuius
1015 292 1150 340 verba
1184 292 1304 357 apud
1339 291 1593 340 Gratianum

122 372 267 418 Causa
289 371 419 418 XXX.
442 387 519 434 qu.
544 372 588 415 ὃ.
611 386 650 416 c.
674 370 720 415 2.
742 368 904 416 Nullus
927 369 1089 433 fidelis,
1118 369 1230 417 haec
1252 379 1371 416 sunt.
1399 368 1594 416 «Nullus

120 447 282 503 fidelis,
304 446 626 510 cuiuscumque
650 444 917 492 conditionis
943 445 1019 501 sit,
1048 446 1206 492 occulte
1230 445 1408 509 nuptias
1431 444 1590 493 faciat:

119 523 216 580 sed,
237 522 543 569 benedictione
566 532 747 586 accepta
764 539 792 568 a
809 521 1061 578 sacerdote,
1084 522 1256 586 publice
1279 521 1419 569 nubat
1439 522 1486 568 in
1508 523 1596 570 Do-

119 600 255 647 mino.
276 619 298 643 »
321 598 504 645 Mirifice
538 597 710 645 isthaec
742 597 1002 654 decretalis,
1041 597 1145 645 dato
1177 598 1298 663 quod
1332 598 1595 646 Hormisdae

118 677 178 724 sit
213 679 229 739 (
252 686 319 723 est
352 675 471 722 enim
518 674 861 740 supposititia),
909 673 1117 739 patefacit
1166 675 1378 722 rationem
1402 713 1411 732 ‚
1456 692 1595 741 quare

117 755 277 820 quovis
311 765 508 818 tempore
542 753 730 801 ecclesia
753 753 945 816 exegerit
967 752 1318 801 benedictionem
1352 753 1595 801 sacerdotis

118 832 163 878 in
188 831 362 896 nuptiis
392 830 629 894 iungendis
649 868 659 886 ,
698 847 754 877 ne
787 830 954 877 scilicet
986 830 1166 884 occulte,
1206 846 1287 876 seu
1319 829 1594 878 clandestine

118 908 288 956 fierent.
330 907 499 954 Idcirco
544 924 689 972 neque
722 906 798 954 hic
830 917 974 953 textus
1007 906 1177 971 aliquid
1211 905 1347 954 efficit
1377 924 1459 971 pro
1491 923 1594 955 sen·

120 985 257 1032 tentia
292 984 429 1041 Cani,
467 1000 520 1031 ac
554 994 784 1048 propterea
819 982 1102 1048 seponendus
1132 984 1215 1045 (7).

164 1096 167 1098 -
214 1062 372 1108 Sextus
407 1071 475 1108 est
503 1060 702 1109 Isidorus
719 1099 728 1117 ‚
759 1077 891 1125 quem
915 1059 1123 1123 allegavit
1146 1059 1380 1107 Gratianus
1405 1059 1488 1108 loc.
1512 1061 1588 1108 cit.

117 1154 216 1201 cap.
243 1138 287 1183 7.
312 1137 541 1183 Faeminae
563 1135 648 1183 suh
672 1135 823 1183 titulo:
855 1135 998 1192 Quare
1021 1136 1232 1200 faeminae
1254 1136 1467 1191 velentur,
1491 1136 1594 1186 dum

118 1214 408 1268 mai-nantum
444 1211 501 1259 de
535 1211 843 1259 benedictione
876 1229 979 1259 vero
1012 1211 1097 1259 hoc
1120 1211 1165 1257 in
1191 1222 1310 1259 textu
1333 1211 1444 1258 nihil
1468 1211 1591 1260 aliud

118 1289 309 1336 habetur
349 1300 524 1354 praeter
556 1287 668 1335 baec
699 1288 856 1336 verba:
900 1308 921 1332 «
939 1287 1162 1335 Nubentes
1195 1298 1297 1352 post
1329 1288 1594 1337 benedictio-

118 1383 218 1413 nem
250 1367 359 1414 vitta
393 1367 580 1413 invicem
611 1366 739 1430 quasi
769 1382 859 1412 uno
881 1365 1058 1412 vinculo
1082 1364 1362 1430 copulentur,
1389 1364 1594 1414 videlicet

117 1443 219 1490 ideo
242 1443 318 1499 fit,
348 1461 403 1490 ne
427 1460 685 1508 compagem
710 1442 954 1506 coniugalis
988 1442 1170 1489 unitatis
1201 1441 1450 1506 disrumpat
1471 1444 1588 1505 (8).»

118 1519 213 1565 Non
253 1519 415 1566 dicitur
446 1519 503 1566 ab
539 1519 706 1566 Isidoro
740 1514 992 1582 coniugium
1028 1518 1123 1565 fieri
1142 1536 1223 1582 per
1246 1517 1586 1574 benedictionem,

119 1594 197 1641 sed
221 1595 352 1642 unice
369 1596 587 1642 nubentes
611 1594 812 1659 accipere
835 1595 1185 1642 benedictionem
1204 1605 1304 1659 post
1319 1606 1591 1643 contractum

116 1671 397 1735 coniugium,
425 1672 544 1736 quod
569 1690 698 1719 nemo
722 1682 866 1736 negat.
896 1673 952 1719 Ut
975 1671 1143 1736 aliquid
1168 1689 1222 1718 ex
1244 1671 1315 1719 his
1338 1671 1487 1719 verbis
1512 1688 1592 1737 pro

116 1748 326 1812 opinione
349 1748 458 1796 Cani
482 1750 576 1796 erui
601 1759 768 1814 posset,
791 1749 970 1797 deberet
987 1749 1160 1797 ostendi
1185 1749 1301 1796 hanc
1324 1749 1594 1797 benedictio-

119 1843 218 1872 nem
242 1843 269 1872 a
292 1826 520 1874 sacerdote
542 1827 638 1874 dari
664 1827 720 1874 ad
745 1827 926 1891 nuptias
952 1827 1074 1891 ipsas
1100 1826 1407 1874 sacramentali
1425 1827 1593 1874 ratione

120 1901 388 1963 iungendam,
419 1903 538 1968 quod
572 1920 673 1950 cum
698 1920 785 1950 non
808 1902 1047 1959 efficiatur,
1077 1913 1196 1967 patet
1218 1913 1262 1950 et
1284 1902 1403 1949 hunc
1426 1913 1590 1950 textum

120 1978 425 2042 seponendum
459 1997 575 2027 esse.

215 2054 437 2118 Septimus
460 2066 529 2102 est
551 2056 701 2103 Canon
718 2057 828 2103 XVI.
850 2073 974 2104 conc.
998 2055 1368 2119 carthaginiensis
1388 2056 1456 2101 lv.
1480 2055 1593 2103 rela-

121 2140 191 2177 tus
216 2147 242 2176 a
266 2130 471 2177 Gratiano
515 2132 658 2179 Causa
686 2133 816 2178 XXX.
846 2150 923 2197 qu.
955 2135 998 2178 5.
1028 2149 1128 2196 cap.
1152 2134 1197 2178 8.
1219 2133 1432 2196 Sponsus;
1467 2132 1512 2179 in
1540 2149 1592 2180 eo

120 2217 265 2255 autem
309 2207 369 2254 ita
413 2207 646 2254 statuitur:
689 2209 934 2272 «Sponsus
967 2219 1012 2255 et
1044 2225 1235 2273 sponsa,
1274 2226 1374 2256 cum
1409 2208 1591 2257 benedi-

119 2283 247 2330 cendi
283 2294 387 2330 sunt
421 2301 447 2330 a
481 2283 733 2340 sacerdote,
762 2301 788 2331 a
812 2284 1068 2348 parentibus
1102 2285 1196 2332 suis
1218 2285 1287 2332 vel
1311 2303 1338 2332 a
1361 2303 1593 2351 paranym-

121 2359 223 2425 phis
248 2360 508 2417 offerantur,
537 2361 613 2426 qui
638 2377 737 2408 cum
762 2361 1012 2425 acceperint
1034 2360 1383 2409 benedictionem
1399 2400 1409 2417 ,
1436 2362 1589 2410 eadem

214 2518 259 2559 (7)
280 2519 431 2551 Ceterum
446 2527 550 2551 canon
564 2519 625 2552 iste
639 2520 861 2562 adscriptitius
875 2523 938 2561 est,
957 2529 1017 2554 nec
1031 2520 1096 2553 uuo
1108 2521 1205 2554 modo
1219 2521 1410 2554 Hormisdae
1421 2521 1521 2554 tribui
1535 2531 1591 2564 po·

124 2571 197 2602 test.
209 2571 259 2603 Cf.
276 2572 406 2604 Berardi
423 2572 456 2603 in
476 2581 531 2613 op.
545 2572 602 2606 cit.
622 2574 782 2605 Gratiani
809 2575 963 2606 canones
989 2576 1132 2614 qenuini
1157 2573 1202 2606 ab
1227 2574 1429 2616 apocryphis
1454 2574 1595 2609 discreti

121 2622 243 2653 rann.
262 2625 340 2654 tom.
352 2625 377 2655 l.
388 2632 460 2665 cap.
476 2626 588 2657 xmx.
602 2627 652 2656 De
664 2625 865 2658 Hormisda.
878 2626 1010 2658 Taurini
1029 2628 1119 2658 1754.
1132 2634 1204 2667 pag.
1220 2629 1294 2658 452.

215 2674 260 2715 (8)
282 2677 387 2716 Atque
407 2677 460 2709 hic
478 2677 700 2710 adnotandum
719 2686 739 2709 a
754 2679 844 2710 Cano
859 2678 1019 2710 Isidorum
1040 2678 1193 2711 collocari
1212 2687 1286 2711 cum
1308 2680 1455 2712 Evaristo
1466 2682 1500 2712 et
1510 2682 1591 2713 Hor-

122 2726 237 2758 misda.
254 2729 322 2760 lam
337 2737 414 2761 vero
429 2730 572 2762 Isidorus
588 2730 760 2763 adducitur
776 2739 795 2762 a
811 2732 964 2763 Gratiano
980 2731 1088 2763 solum
1102 2731 1144 2763 ad
1158 2740 1229 2773 cap.
1243 2733 1315 2764 vu.
1327 2734 1522 2768 foeminae.
1534 2735 1590 2766 lsi·

123 2779 193 2809 dori
220 2788 316 2819 porro
337 2781 446 2813 textus
470 2781 659 2822 desumptus
677 2785 726 2815 est
746 2792 785 2814 ex
808 2783 862 2815 lib.
880 2785 920 2815 11.
936 2785 984 2815 De
996 2783 1123 2823 officiis
1139 2792 1210 2825 cap.
1227 2787 1294 2818 xx.
1309 2793 1383 2827 opp.
1396 2785 1447 2819 ed.
1462 2787 1589 2820 Arevali

124 2834 201 2863 tom.
221 2834 274 2864 Vl.
288 2837 441 2872 mgb-54,
