1912 3180
314 189 402 220 csr.
432 189 478 220 u.
507 190 557 220 ni:
594 189 717 221 uun.
744 190 828 221 mv.
858 189 968 222 ome.
1000 191 1048 222 m
1073 190 1218 223 moen.
1249 191 1339 223 Aur.
1370 192 1415 222 ιι.
1520 176 1609 222 277

153 266 252 313 dem
300 266 474 330 plenam
521 266 845 331 perfectamque
889 279 1186 331 assequantur
1218 279 1260 314 et
1295 268 1350 315 ad
1389 269 1613 333 optatissi-

153 359 269 388 mam
303 341 542 405 aliquando
565 352 725 387 metam
750 341 1020 404 perveniant.
1056 343 1164 390 Cum
1199 354 1343 392 autem
1378 360 1458 408 pro
1493 355 1610 392 certo

152 426 380 464 assumant
428 415 754 462 matrimonium
799 433 890 462 rem
931 434 1038 481 pure
1078 420 1252 467 civilem
1299 437 1419 477 esse,
1469 413 1534 468 et⁴
1557 420 1613 468 ad

151 492 291 539 solius
323 490 547 538 societatis
581 490 725 538 civilis
760 493 1105 555 praerogativam
1138 506 1363 560 spectare,
1391 513 1444 543 ex
1477 495 1614 544 altera

147 585 251 615 vero
285 578 410 632 parte
442 568 648 623 videant,
684 567 742 615 ab
775 567 962 616 ecclesia
996 569 1108 616 inter
1141 583 1415 620 sacramenta
1448 589 1615 621 connu-

149 644 331 700 merari,
371 643 471 691 ideo
505 654 553 690 ut
586 643 696 690 illud
721 644 778 691 ab
801 644 1000 692 eiusdem
1034 645 1248 694 ecclesiae
1281 647 1608 701 dominatione,

147 732 197 768 ut
228 721 315 786 ipsi
357 721 601 785 loquuntur
622 759 632 777 ,
672 721 961 778 subtrahant,
1009 721 1141 769 aliam
1183 741 1326 788 neque
1371 725 1614 773 breviorem

148 814 292 862 neque
320 796 533 861 aptiorem
558 797 614 843 ad
638 797 684 844 id
707 798 989 845 efficiendum
1010 799 1126 846 viam
1151 799 1440 857 invenerunt,
1479 818 1611 866 quam

148 872 361 920 theoriam
385 873 727 937 protestantismi
742 911 752 930 ,
780 874 901 921 iuxta
924 891 1057 938 quam
1082 875 1408 922 matrimonium
1433 893 1520 923 non
1545 887 1614 924 est

149 948 236 995 nisi
271 959 522 996 contractus
547 967 666 996 mere
694 950 855 998 civilis.
884 951 1009 997 Hanc
1033 950 1178 997 ideam
1202 951 1289 1015 ipsi
1314 952 1609 1017 arripuerunt,

146 1035 188 1072 et
221 1025 277 1071 ad
312 1026 409 1072 eius
443 1043 641 1073 normam
675 1026 836 1074 deinde
874 1044 1028 1075 omnes
1068 1027 1179 1090 legis
1212 1027 1420 1076 articulos
1456 1028 1610 1092 dispo-

148 1111 332 1148 suerunt
374 1110 417 1147 et
451 1100 705 1148 harmonice
751 1102 1025 1149 ordinarunt.
1074 1103 1137 1149 Ne
1180 1113 1326 1149 tamen
1371 1102 1612 1150 doctrinam

147 1175 408 1223 catholicam
443 1176 499 1223 de
533 1176 814 1224 matrimonio
853 1178 1033 1224 omnino
1067 1194 1118 1224 ac
1151 1187 1303 1241 aperta
1336 1177 1477 1224 fronte
1510 1194 1611 1242 pes-

148 1252 354 1299 sumdare
386 1252 661 1309 viderentur,
700 1252 891 1299 subditis
925 1251 1155 1299 catholicis
1195 1252 1452 1316 indulgent,
1490 1263 1538 1299 ut
1571 1253 1610 1300 si

154 1328 311 1385 velint,
350 1329 523 1393 possint
555 1328 685 1375 ritum
719 1328 974 1391 religiosum
1008 1327 1248 1391 adiungere
1285 1329 1451 1393 nuptiis
1487 1329 1605 1391 suis,

151 1405 235 1452 etsi
268 1404 415 1452 valide
447 1422 500 1452 ac
534 1404 728 1467 legitime
759 1421 905 1452 coram
931 1404 1024 1452 solo
1048 1404 1308 1467 magistratu
1330 1404 1449 1452 civili
1477 1405 1611 1452 initae

152 1481 323 1528 censeri
358 1480 563 1527 debeant.

246 1555 392 1604 Facile
419 1556 552 1604 etiam
585 1556 805 1604 eiusmodi
835 1567 1103 1622 promotores
1127 1558 1172 1603 in
1197 1557 1313 1604 hanc
1346 1556 1613 1604 determina-

152 1634 313 1680 tionem
346 1643 560 1680 venerunt
598 1650 651 1680 ex
684 1633 885 1681 instituta
917 1634 1244 1698 comparatione
1277 1634 1390 1680 inter
1422 1632 1611 1696 rigidam

148 1709 523 1775 inflexibilemque
556 1709 769 1757 ecclesiae
802 1709 1045 1758 catholicae
1078 1709 1322 1757 doctrinam
1354 1709 1471 1756 circa
1506 1726 1611 1756 con-

147 1785 293 1847 iugia,
337 1802 390 1832 ac
430 1784 608 1849 planam
643 1795 686 1832 et
717 1785 1047 1833 accommodam
1081 1785 1326 1833 doctrinam
1360 1794 1608 1848 protestan-

148 1860 287 1908 tismi.
327 1860 527 1925 Cumque
566 1860 676 1908 haec
716 1877 958 1925 numquam
992 1861 1079 1909 fixa
1117 1862 1177 1908 sit
1210 1878 1261 1908 ac
1295 1859 1605 1916 immutabilis,

149 1936 197 1982 flt
225 1946 273 1983 ut
307 1936 435 1984 facile
461 1938 662 1984 flectatur
684 1937 740 1984 ad
763 1937 1029 2000 exigentias,
1056 1948 1106 1986 ut
1128 1937 1388 2002 loquuntur,
1416 1935 1611 1985 actuales

147 2030 235 2060 non
269 2012 411 2060 solum
445 2013 691 2070 societatis,
730 2013 808 2060 sed
843 2025 886 2061 et
918 2014 1080 2060 civium
1115 2013 1424 2076 singulorum3
1463 2023 1614 2060 contra

147 2105 250 2135 vero
273 2105 409 2152 quum
432 2088 612 2136 videant
633 2088 879 2136 doctrinam
903 2087 1165 2136 catholicam
1199 2089 1460 2136 conssectere
1482 2104 1532 2134 se
1554 2087 1612 2133 ad

146 2164 366 2211 eiusmodi
402 2164 578 2212 fictitias
613 2164 857 2228 exigentias
891 2181 978 2212 non
1014 2181 1175 2228 posse,
1213 2165 1345 2212 immo
1378 2174 1421 2210 et
1453 2163 1612 2228 despe-

147 2250 243 2286 rent
265 2239 498 2287 ecclesiam
522 2241 578 2287 ad
602 2240 914 2287 concessiones
943 2239 1168 2287 faciendas
1196 2256 1451 2304 permovere
1466 2276 1476 2294 ,
1505 2238 1611 2285 hinc

145 2314 251 2361 huic
286 2314 451 2362 bellum
497 2326 618 2362 atrox
652 2315 882 2371 indicunt,
925 2324 1058 2379 atque
1092 2314 1148 2362 ab
1182 2331 1235 2361 ea
1268 2313 1611 2361 matrimoniales

146 2407 306 2438 causas
341 2390 619 2438 subtrahunt.
649 2390 848 2456 Cumque
882 2390 1009 2437 aliter
1033 2408 1083 2438 se
1112 2390 1325 2455 proficere
1358 2407 1491 2454 posse
1523 2407 1611 2437 non

145 2467 339 2524 videant,
374 2485 507 2531 quam
531 2467 787 2531 attingendo
807 2467 1141 2514 matrimonium
1167 2467 1250 2514 suh
1278 2466 1409 2513 unica
1442 2466 1611 2514 ratione

149 2553 395 2591 contractus
429 2543 572 2591 civilis
596 2582 606 2599 ,
645 2543 762 2591 hanc
793 2544 911 2590 viam
948 2542 1118 2590 calcare
1150 2542 1452 2590 decreverunt.

245 2618 371 2674 Quod
390 2620 429 2666 si
445 2619 686 2667 universim
705 2619 763 2666 ad
787 2619 973 2666 istorum
999 2617 1461 2682 pseudo-politicorum
1485 2627 1610 2665 actus

151 2693 300 2741 oculos
324 2705 652 2751 convertamus,
674 2693 924 2742 videbimus
948 2693 1036 2740 huc
1059 2710 1212 2758 omnes
1236 2692 1391 2757 dirigi,
1419 2704 1468 2741 ut
1490 2710 1612 2741 sum-

152 2787 327 2835 mopere
360 2771 536 2819 faveant
566 2771 924 2835 protestantismo
946 2807 956 2826 ,
994 2779 1038 2818 et
1069 2769 1419 2818 catholicismum
1459 2770 1608 2835 depri—
