1918 3186
404 225 494 257 cn.
512 225 543 257 1.
566 224 617 256 ns
653 224 826 258 numu.
855 225 1002 258 emus
1025 224 1203 258 mrum.
1228 225 1322 256 ΑΜ.
1344 225 1373 256 ι.
1544 208 1628 255 211

167 307 317 353 binata
340 304 477 352 civili.
501 303 581 351 Ast
603 303 768 368 optime
801 315 962 351 norunt
994 304 1039 350 hi
1077 303 1475 369 pseudo-politici,
1515 305 1633 369 quod

166 382 204 428 si
241 379 502 445 simpliciter
527 390 656 444 prout
691 395 740 425 se
774 377 908 425 habet
941 395 1010 426 res
1046 379 1287 427 sancienda
1321 378 1501 427 nomine
1535 395 1638 444 pro-

166 456 264 520 prio
280 465 613 521 proponeretur,
632 454 853 500 neminem
871 453 1236 518 adstipulatorem
1254 456 1633 511 nanciscerentur,

166 531 292 579 titulo
305 531 410 578 hinc
423 531 652 577 immutato
662 529 930 576 matrimonii
944 530 1086 576 civilis
1098 531 1429 595 perversitatem
1447 531 1639 578 incautis

165 607 418 672 propinant.
440 608 555 654 Sane
585 606 624 654 si
653 617 782 671 prout
805 605 851 652 in
876 623 925 653 se
947 616 1030 662 est,
1058 616 1102 652 et
1124 606 1295 672 absque
1317 607 1417 655 salsi
1442 607 1638 655 nominis

166 683 266 731 fuco
300 682 370 730 lex
401 684 454 730 de
486 684 769 748 fornicatione
804 683 938 747 leqali
969 681 1251 747 probaretur,
1280 683 1336 730 ab
1359 701 1413 731 ea
1446 683 1641 750 populus

164 758 422 807 abhorreret
437 797 447 816 ,
474 759 841 824 legislatoresque
858 776 982 815 suos,
1010 758 1086 823 qui
1106 759 1244 823 impio
1262 777 1375 806 ausu
1400 760 1446 806 id
1470 771 1641 825 perten-

166 844 330 892 tarent,
353 845 663 882 execrarentur
678 834 814 882 veluti
832 834 1036 900 publicae
1052 833 1298 882 honestatis
1320 851 1489 883 osores.
1518 836 1641 884 Atta-

166 928 268 958 men
285 929 356 959 res
374 911 435 958 ita
452 922 536 967 est;
552 928 712 958 nomen
731 910 1000 958 adscititium
1021 911 1083 958 rei
1101 921 1302 958 naturam
1316 928 1403 958 non
1418 911 1635 959 immutat.

262 987 411 1043 Quum
453 987 589 1051 igitur
623 987 700 1052 qui
735 987 796 1034 ita
828 986 1094 1034 contrahunt
1124 1004 1227 1035 vere
1259 986 1566 1035 concubinarii
1599 999 1642 1036 et

165 1063 348 1129 quidem
383 1064 551 1129 publici
577 1063 693 1120 sint,
723 1075 857 1129 atque
883 1064 947 1111 uti
977 1064 1088 1112 tales
1112 1063 1301 1112 ecclesia
1333 1082 1410 1112 eos
1445 1075 1636 1130 spectet,

167 1139 337 1187 nullum
372 1151 441 1188 est
472 1140 659 1187 dubium
694 1140 819 1205 ipsos
853 1140 899 1187 in
933 1157 1009 1188 eas
1043 1157 1209 1206 poenas
1243 1140 1490 1197 incurrere,
1528 1159 1643 1206 quas

167 1216 212 1263 in
248 1216 468 1265 eiusmodi
503 1216 843 1265 concubinarios
876 1216 1066 1264 ecclesia
1098 1216 1254 1264 statuit
1291 1216 1385 1264 sive
1423 1216 1481 1264 ob
1513 1217 1644 1265 habi-

166 1293 329 1341 tualem
352 1293 532 1341 lethalis
558 1294 726 1358 peccati
763 1303 942 1350 statum,
971 1293 1017 1340 in
1042 1310 1131 1359 quo
1152 1293 1334 1350 vivunt,
1363 1293 1458 1342 sive
1479 1293 1538 1342 ob
1560 1311 1643 1359 pu-

164 1369 354 1427 blicum,
394 1370 514 1435 quod
549 1369 605 1417 de
640 1386 689 1417 se
722 1368 934 1435 praebent
962 1369 1222 1416 scandalum
1257 1369 1304 1416 in
1338 1386 1515 1433 gravem
1548 1370 1645 1417 ani-

166 1463 338 1493 marum
355 1446 613 1512 perniciem.
626 1445 789 1511 Reipsa
805 1445 862 1493 ab
879 1445 1210 1511 antiquissimis
1228 1446 1498 1512 temporibus
1514 1446 1644 1512 plura

167 1532 259 1569 tum
282 1521 569 1587 particularia
592 1532 686 1569 tum
709 1520 932 1585 generalia
964 1520 1154 1569 concilia
1184 1521 1333 1569 varias
1366 1539 1534 1587 poenas
1563 1521 1645 1569 ad-

166 1615 322 1647 versus
357 1598 576 1647 eiusmodi
613 1598 816 1647 homines
848 1598 1140 1647 decreverunt
1169 1600 1286 1661 (10).
1321 1600 1385 1647 Ne
1408 1616 1513 1647 vero
1548 1599 1644 1647 lon-

166 1675 310 1739 giores
345 1675 487 1723 simus
521 1675 567 1722 in
601 1675 675 1723 his
709 1675 964 1732 afferendis,
1003 1675 1113 1723 satis
1137 1675 1221 1723 erit
1242 1675 1494 1723 describere
1528 1693 1645 1741 quae

167 1769 195 1800 a
227 1751 402 1800 duobus
436 1751 732 1800 oecumenicis
762 1751 965 1800 conciliis
999 1751 1237 1799 constituta
1270 1763 1390 1809 sunt,
1426 1769 1586 1818 nempe
1616 1770 1643 1800 a

167 1827 357 1876 concilio
390 1827 659 1876 lateranensi
691 1827 742 1874 V.
770 1838 815 1875 et
839 1827 1094 1876 tridentino.

264 1903 511 1952 Concilium
535 1903 687 1968 itaque
708 1902 988 1951 lateranense
1011 1904 1074 1951 ita
1098 1905 1267 1952 sanxit:
1295 1903 1643 1952 «Concubinarii

168 1990 315 2029 autem
330 2018 340 2037 ‚
369 1981 465 2029 sive
485 1980 611 2037 laici,
638 1980 734 2028 sive
756 1979 904 2028 clerici
928 1979 1109 2038 fuerint,
1136 1980 1391 2029 eorumdem
1425 1997 1643 2029 canonum

169 2057 325 2122 poenis
369 2055 657 2114 mulctentur,
696 2073 842 2122 neque
875 2056 1157 2121 superiorum
1203 2055 1461 2113 tolerantia,
1506 2074 1645 2122 prava

169 2132 467 2190 consuetudo,
505 2149 621 2197 quae
647 2132 798 2197 potius
831 2131 1083 2197 corruptela
1115 2131 1306 2180 dicenda
1328 2142 1418 2188 est,
1445 2149 1473 2179 a
1495 2131 1645 2180 multi·-

169 2208 322 2257 tudine
355 2208 635 2274 peccantium
658 2246 668 2265 ,
706 2207 848 2255 aliave
877 2207 1102 2273 quaelibet
1133 2208 1359 2256 excusatio
1391 2208 1458 2256 eis
1492 2208 1645 2274 aliquo

169 2285 301 2334 modo
344 2285 616 2349 suffragetur
632 2322 642 2341 ‚
681 2284 760 2332 sed
796 2284 918 2332 iuxta
951 2283 1064 2331 iuris
1097 2301 1330 2333 censuram
1364 2301 1518 2333 severe
1562 2303 1649 2350 pu-

168 2362 348 2410 niantur
369 2363 466 2425 (11)
480 2381 522 2408 ‚n

263 2528 331 2570 (to)
351 2527 476 2562 concil.
489 2528 622 2561 toletan.
637 2528 662 2560 t.
677 2535 749 2570 cap.
765 2532 815 2561 12.
829 2526 955 2560 concil.
967 2527 1190 2560 aurelianense
1199 2525 1257 2559 111.
1271 2535 1343 2568 cap.
1353 2530 1385 2560 9.
1398 2525 1643 2561 comit-turon.

170 2582 227 2613 lv.
240 2590 314 2624 cap.
329 2586 378 2615 to.
391 2583 492 2615 conc.
503 2581 690 2614 triburiens.
705 2583 733 2614 1.
750 2583 881 2623 cap.49.
893 2580 1019 2613 concil.
1030 2589 1115 2612 rom.
1129 2579 1192 2613 sub
1207 2580 1340 2613 Nicoleo
1352 2580 1410 2612 111.
1425 2589 1498 2622 cap.
1514 2585 1545 2614 2.
1562 2582 1645 2614 Gon·

167 2633 222 2665 cil.
238 2634 411 2668 mediolan.
427 2637 469 2667 11.
482 2635 535 2667 tit.
552 2640 565 2667 1
574 2660 581 2666 .
593 2635 729 2667 Decreto
745 2639 795 2667 29.
810 2634 935 2667 concil.
952 2634 1145 2666 lateranens.
1156 2635 1197 2665 V.
1209 2641 1286 2665 sess.
1299 2637 1330 2665 9.
1344 2633 1379 2665 in
1390 2633 1481 2666 Bulla
1490 2633 1640 2674 Reform.

172 2686 306 2726 curtae,
322 2687 355 2719 et
370 2694 408 2719 ex
428 2690 499 2727 cup.
508 2686 639 2720 Audita
653 2692 684 2720 6.
702 2687 780 2719 dist.
797 2691 848 2720 33.
866 2695 937 2727 cap.
954 2685 1174 2718 concubinae
1189 2686 1295 2718 Causa
1316 2686 1447 2718 xxxn.
1469 2687 1596 2727 quaest.
1613 2692 1643 2719 2.

170 2746 241 2779 cap.
260 2735 368 2771 Nemo
387 2741 419 2771 4.
434 2740 515 2780 cap.
529 2741 634 2772 Dicat
648 2744 679 2772 9.
695 2740 803 2772 causa
817 2740 949 2771 xxxn.
962 2738 1088 2779 quaest.
1103 2740 1137 2771 ¹4.
1153 2739 1234 2779 cap.
1255 2739 1345 2772 cum
1359 2737 1512 2774 dilectus
1527 2745 1578 2774 20.
1594 2742 1644 2773 De

172 2789 462 2823 accusationibus.
476 2792 556 2832 cap.
570 2792 606 2823 st
620 2790 833 2823 concubinae
850 2795 900 2823 55.
917 2792 967 2823 De
981 2791 1129 2823 sentent.
1145 2798 1361 2823 excommun.

268 2841 335 2883 (tt)
355 2844 433 2875 Loc.
447 2842 503 2875 cit.
517 2842 603 2885 apud
615 2843 761 2876 narduin
774 2844 860 2876 Acta
873 2842 998 2876 concil.
1012 2844 1093 2876 tom.
1107 2844 1164 2876 lx.
1179 2843 1242 2876 col.
1260 2845 1349 2877 1755.

1551 2897 1576 2924 ,ιι
