1912 3180
335 168 423 215 272
586 181 665 212 Lm.
695 180 725 209 1.
754 177 866 209 sacr.
895 176 1065 208 ALTERA.
1096 176 1147 207 ni:
1182 176 1354 209 unum.
1385 178 1524 209 cmm.

334 276 434 306 nam
461 258 516 303 de
543 253 747 317 coniugio
779 253 923 308 civili,
964 251 1281 300 catholicorum
1316 253 1448 300 etiam
1484 255 1700 318 coniugiis
1723 275 1793 306 ac-

332 330 608 380 commodare
647 346 695 375 se
728 344 861 394 posse
905 338 1202 375 autumarunt.
1245 328 1402 374 Verum
1438 328 1482 374 in
1518 346 1570 376 eo
1604 331 1792 378 maxime

331 416 556 461 errarunt,
584 405 702 468 quod
727 405 772 450 in
796 403 946 450 eadem
972 403 1191 466 categoria
1209 413 1250 450 et
1267 404 1421 451 ordine
1447 405 1678 468 posuerint
1699 423 1795 452 ma-

331 481 537 528 trimonia
560 479 895 546 protestantium
919 490 961 526 et
984 479 1300 526 catholicorum
1320 517 1330 534 ,
1359 497 1474 544 quae
1498 491 1644 527 tamen
1679 482 1793 528 inter

331 574 379 604 se
403 556 533 619 longo
557 556 701 620 spatio
724 555 904 602 distant.
939 554 1111 600 Etenim
1145 555 1350 617 coniugia
1384 556 1717 618 protestantium
1742 573 1796 603 ex

329 649 481 680 eorum
503 632 726 686 doctrina,
757 648 843 678 non
867 640 971 677 sunt
993 629 1082 676 nisi
1117 630 1225 676 meri
1259 642 1507 678 contractus
1538 632 1690 679 civiles
1711 670 1720 688 ,
1748 643 1798 679 ut

330 697 524 755 diximus
547 745 558 764 ,
601 707 800 770 adeoque
833 706 879 751 in
913 704 1025 768 ipsis
1060 722 1148 752 non
1182 716 1248 751 est
1281 707 1535 769 quaerenda
1569 707 1797 754 distinctio

331 784 445 831 inter
480 794 749 831 contractum
773 792 815 829 et
840 790 1162 828 sacramentum
1186 819 1195 837 ,
1236 782 1355 845 quod
1389 782 1499 829 foret
1532 782 1793 839 absurdum,

329 875 429 906 cum
464 870 788 907 sacramentum
811 858 856 903 in
880 856 975 903 suis
1011 857 1178 920 nuptiis
1214 857 1383 904 nullum
1418 869 1678 921 agnoscant.
1707 859 1793 906 Sed

329 935 462 982 unice
478 934 643 999 inquiri
663 943 805 998 potest
821 932 866 978 in
883 932 1204 995 legitimitatem
1222 950 1302 980 seu
1317 933 1510 980 valorem
1530 944 1795 991 contractus,

330 1021 404 1058 aut
430 1011 630 1058 eiusdem
648 1009 1000 1072 illegitimitatem
1021 1026 1100 1055 seu
1119 1008 1453 1065 invaliditatem,
1476 1020 1518 1056 et
1540 1010 1722 1074 quidem
1740 1010 1798 1057 ad

331 1103 530 1134 normam
554 1085 694 1134 solius
718 1084 831 1147 legis
857 1084 952 1131 sive
975 1084 1190 1132 naturalis
1215 1085 1310 1131 sive
1333 1085 1494 1132 civilis.
1513 1085 1674 1132 Contra
1694 1102 1799 1133 vero

330 1179 430 1208 cum
449 1179 501 1209 ex
518 1162 721 1209 doctrina
746 1161 966 1208 catholica
983 1162 1142 1209 debeat
1158 1161 1333 1208 admitti
1360 1162 1631 1209 matrimonii
1657 1180 1801 1209 sacra-

331 1248 526 1285 mentum
538 1256 565 1285 a
577 1247 802 1285 contractu
820 1237 1131 1301 inseparabile,
1151 1238 1467 1301 protestantica
1486 1237 1801 1302 pseudopoliti-

332 1329 484 1361 corum
497 1313 698 1361 doctrina
716 1312 1034 1360 catholicorum
1052 1312 1271 1375 coniugiis
1291 1312 1611 1360 accommodari
1625 1313 1793 1377 nequit.

425 1389 605 1453 Decepti
641 1398 868 1452 praeterea
896 1388 1237 1453 pseudopolitici
1262 1389 1309 1434 in
1333 1406 1384 1436 eo
1409 1399 1536 1444 sunt,
1565 1389 1684 1452 quod
1710 1406 1798 1435 non

329 1464 743 1521 animadverterint,
778 1465 823 1511 in
854 1465 990 1521 locis,
1030 1465 1075 1510 in
1109 1465 1273 1529 quibus
1309 1465 1584 1529 publicatum
1618 1476 1686 1512 est
1718 1465 1797 1512 de-

330 1551 496 1589 cretum
529 1541 704 1589 concilii
735 1541 960 1588 tridentini
996 1559 1108 1588 sess.
1137 1542 1282 1587 XXIV.
1314 1542 1375 1587 De
1408 1543 1490 1605 res.
1519 1542 1803 1588 matrimonia

330 1616 481 1663 omnia
515 1617 638 1663 irrita
670 1634 769 1664 esse
792 1654 801 1672 ,
841 1634 955 1680 quae
990 1616 1111 1663 iuxta
1145 1616 1330 1663 sormam
1350 1616 1407 1662 ab
1431 1617 1585 1663 eodem
1615 1617 1802 1664 concilio

332 1692 647 1757 praescriptam
666 1730 676 1748 ‚
714 1710 874 1756 nempe
908 1709 1055 1739 coram
1090 1692 1308 1757 parocho,
1347 1703 1390 1739 et
1422 1692 1596 1740 duobus
1621 1703 1697 1740 aut
1720 1693 1798 1739 tri-

329 1766 415 1813 bus
458 1766 644 1814 testibus
686 1785 774 1814 non
814 1767 977 1813 fuerint
1015 1767 1248 1814 celebrata.
1289 1769 1352 1814 Ita
1390 1785 1492 1815 vero
1526 1768 1651 1815 irrita
1685 1768 1800 1814 facta

331 1853 433 1890 sunt
465 1859 492 1889 a
525 1843 712 1890 concilio
741 1843 959 1890 eiusmodi
992 1843 1297 1899 matrimonia,
1325 1854 1373 1890 ut
1396 1844 1520 1907 prius
1551 1861 1603 1890 ac
1636 1843 1802 1890 directe

330 1916 453 1964 nulla
486 1909 597 1965 haec
628 1918 834 1966 validitas
869 1918 1103 1981 attingeret
1135 1929 1407 1965 contractum
1431 1956 1440 1974 ,
1487 1918 1711 1965 inhabiles
1745 1918 1801 1965 ad

330 1993 679 2041 contrahendum
715 2012 929 2058 personas
964 1994 1204 2041 reddendo.
1239 1994 1337 2050 Quo
1365 1995 1413 2041 fit
1439 2005 1487 2041 ut
1514 2012 1657 2059 neque
1691 2005 1802 2041 tam-

330 2085 464 2132 quam
493 2067 645 2116 civiles
680 2079 930 2117 contractus
965 2069 1120 2116 haberi
1152 2069 1327 2133 possint
1354 2070 1668 2118 catholicorum
1699 2087 1804 2118 con-

329 2144 450 2207 iugia
472 2182 482 2201 ,
516 2162 632 2209 quae
665 2162 813 2193 coram
849 2145 956 2193 solis
991 2145 1324 2207 magistratibus
1360 2145 1650 2192 celebrentur.
1691 2145 1805 2192 Con-

331 2220 531 2284 tagiosus
582 2237 713 2286 porro
759 2221 1096 2285 protestantium
1143 2220 1323 2268 morbus
1371 2220 1445 2267 ille
1490 2230 1588 2276 est,
1636 2221 1712 2285 qui
1760 2221 1805 2265 in

330 2313 521 2344 errorem
545 2307 589 2344 et
611 2296 915 2361 deceptionem
939 2297 1318 2362 pseudopoliticos
1352 2297 1549 2351 induxit,
1588 2296 1694 2342 dum
1729 2313 1806 2343 eos

329 2371 493 2419 imitari
530 2389 583 2419 ac
617 2373 747 2437 sequi
784 2373 871 2419 sibi
906 2384 1264 2438 proposuerunt;
1306 2373 1494 2438 ideoque
1538 2372 1682 2419 civilis
1717 2389 1808 2419 ma-

331 2447 524 2495 trimonii
542 2448 666 2512 origo
686 2449 925 2514 repetenda
942 2459 1010 2495 est
1027 2449 1206 2495 tandem
1220 2467 1272 2495 ex
1291 2448 1628 2512 protestantium
1649 2448 1808 2495 doctri-

336 2539 418 2579 na,
457 2541 591 2589 quam
625 2524 986 2590 pseudopolitioi,
1024 2525 1202 2571 nomine
1229 2535 1357 2571 tenus
1382 2523 1614 2579 catholici,
1644 2524 1689 2569 in
1714 2541 1805 2570 rem

343 2614 470 2646 suam
504 2600 620 2648 male
653 2610 971 2666 pertraxerunt.

430 2674 519 2722 Nec
552 2676 700 2724 minus
734 2677 968 2742 perspicue
1001 2675 1269 2723 matrimonii
1305 2675 1449 2722 civilis
1484 2693 1537 2721 ex
1566 2685 1807 2739 protestan-

338 2747 469 2795 tismo
504 2750 719 2799 derivatio
752 2752 991 2807 evincitur,
1021 2761 1216 2815 spectata
1251 2750 1409 2813 agendi
1447 2751 1638 2807 ratione,
1672 2767 1804 2814 quam
