1918 3186
233 209 323 240 CAP.
349 209 406 239 lv.
432 207 581 239 EXPEN.
600 205 694 238 ΑΒΕ.
713 206 764 237 ΒΕ
789 206 879 238 MN.
897 207 1011 238 SACR.
1035 207 1127 238 ΛΒΤ.
1144 207 1173 237 1.
1190 206 1284 238 ΔΒΕ.
1300 206 1474 237 BIBLICA.
1551 193 1608 237 97

136 286 286 350 posuit
328 285 508 333 modum
549 283 850 348 praescribere
888 284 1129 332 Corinthiis
1152 322 1162 341 ,
1207 302 1322 349 quos
1365 284 1607 347 evangelici

134 378 375 426 praecones
418 370 839 426 prossequerentur,
877 377 977 407 cum
1011 361 1085 408 alii
1128 378 1206 409 eos
1250 361 1383 408 nimis
1426 361 1609 408 extolle—

136 448 252 495 rent,
291 438 367 486 alii
401 447 553 485 contra
575 437 708 484 nimis
731 435 1043 501 deprimerent.
1072 437 1351 502 Quapropter
1372 437 1610 501 Apostolus

132 532 212 562 eos
235 514 362 561 docet
394 513 710 561 existimandos
734 523 782 559 ut
803 513 1020 559 ministros
1047 514 1213 560 Christi
1234 524 1273 560 et
1298 514 1610 577 dispensatores

132 592 433 655 mysteriorum
466 590 555 636 Dei
595 591 679 652 (1)
711 589 757 635 Si
795 588 897 654 quis
931 606 1036 636 vero
1070 589 1390 637 animadvertat
1425 591 1469 635 2.
1498 589 1611 653 Apo-

133 665 295 713 stolum
329 667 375 712 in
408 666 554 730 capite
588 665 869 730 praecedenti
894 675 937 712 et
963 665 1010 711 in
1036 666 1258 730 praesenti
1289 665 1532 713 nullimode
1554 666 1610 712 de

131 741 421 789 sacramentis
454 741 590 789 verba
622 741 789 798 facere,
827 741 907 790 sed
941 741 1072 788 unice
1106 741 1163 787 de
1197 741 1279 796 iis,
1319 741 1397 806 qui
1424 741 1609 788 verbum

130 818 210 865 Dei
239 817 573 882 praedicabant,
613 818 657 864 in
693 818 856 882 quibus
881 817 1097 865 Corinthii
1131 817 1426 881 eloquentiam
1452 828 1495 864 et
1521 817 1606 864 hu-

128 911 306 940 manam
336 893 567 941 scientiam
600 893 918 958 exposcebant,
948 893 1009 940 ita
1030 903 1081 940 ut
1102 892 1227 957 parvi
1254 892 1470 939 haberent
1491 893 1609 957 Apo-

128 969 292 1017 stolum
333 987 486 1017 eorum
531 970 763 1026 nonnulli,
805 986 859 1016 eo
900 970 1019 1034 quod
1053 969 1119 1017 eis
1153 968 1428 1034 praedicaret
1462 969 1608 1015 Iesum

129 1046 351 1094 Christum
384 1051 554 1094 tantum
586 1056 626 1093 et
658 1047 767 1093 huno
802 1047 1070 1111 orucifioeum.
1107 1046 1255 1109 Longe
1294 1045 1482 1110 proinde
1515 1055 1608 1093 erat

125 1121 183 1168 ab
204 1121 405 1186 Apostoli
423 1132 569 1169 mente
586 1122 707 1188 loqui
726 1122 782 1169 de
800 1132 1175 1170 sacramentorum
1202 1122 1601 1170 administratione.

210 1199 306 1246 Non
323 1208 471 1246 tamen
489 1198 796 1246 contendimus
810 1198 1068 1263 Apostolum
1087 1210 1361 1246 sacramenta
1373 1198 1607 1246 excludere

123 1274 321 1323 voluisse
338 1294 366 1323 a
382 1275 587 1338 generice
603 1277 903 1340 mysteriorum
918 1292 1042 1331 voce,
1060 1293 1159 1322 cum
1178 1275 1301 1322 nulla
1318 1275 1374 1323 ad
1393 1290 1447 1322 ea
1463 1274 1608 1322 exclu-

124 1351 272 1398 denda
290 1352 458 1399 ratione
476 1362 737 1399 moveretur.
757 1351 855 1407 Quo
873 1369 1010 1399 sensu
1027 1352 1233 1399 catholici
1256 1363 1462 1415 exegetae
1481 1351 1605 1398 Pauli

125 1438 291 1474 textum
314 1429 444 1474 etiam
469 1427 527 1474 de
557 1428 845 1476 sacramentis
871 1439 1122 1493 exponunt,
1161 1439 1382 1493 quatenus
1417 1438 1461 1474 et
1494 1427 1605 1475 haec

126 1503 428 1551 administrari
457 1504 770 1552 consueverint
786 1522 813 1551 a
829 1504 1048 1553 ministris
1072 1504 1195 1552 verbi
1218 1505 1316 1552 Dei.
1333 1505 1491 1552 Verum
1517 1520 1604 1552 non

125 1579 187 1626 ita
206 1596 256 1626 se
274 1590 432 1642 gerunt
456 1579 717 1644 interpretes
731 1618 741 1637 ,
763 1579 894 1644 quasi
914 1580 1151 1645 praecipue
1174 1581 1230 1627 de
1257 1580 1330 1627 his
1355 1579 1606 1644 loqueretur

122 1655 378 1720 Apostolus.
409 1656 524 1703 Sane
546 1655 615 1703 vel
645 1656 745 1721 ipse
776 1657 928 1704 Estius
944 1696 954 1713 ,
981 1657 1059 1721 qui
1084 1657 1315 1721 amplexus
1340 1655 1602 1710 sententiam

121 1731 253 1787 Cani,
291 1731 336 1778 in
371 1731 698 1780 Commentario
722 1732 768 1778 in
794 1732 936 1790 hunc,
974 1751 1107 1798 quem
1140 1745 1391 1789 versamus,
1430 1732 1598 1788 locum,

125 1808 193 1854 sic
223 1826 325 1855 eum
358 1819 558 1856 enarrat:
602 1829 624 1854 «
646 1810 970 1874 Dispensatores
1004 1812 1304 1875 mysteriorum
1324 1810 1431 1856 Dei.
1453 1848 1462 1855 .
1483 1847 1492 1854 .
1509 1810 1604 1873 My-

127 1883 262 1930 steria
293 1885 477 1949 quidam
513 1885 856 1950 interpretantur
892 1895 1167 1935 sacramenta
1199 1896 1338 1934 novae
1379 1884 1518 1948 legis,
1556 1884 1602 1930 id

126 1969 196 2006 est
231 1960 459 2009 sensibilia
491 1963 623 2026 signa
645 1962 702 2010 ad
726 1963 1123 2011 sanctificationem
1158 1973 1353 2010 nostram
1376 1979 1404 2007 a
1427 1960 1603 2008 Christo

130 2034 318 2081 Domino
342 2035 565 2093 instituta,
592 2054 781 2103 quorum
801 2038 997 2103 primum
1022 2049 1090 2086 est
1111 2037 1376 2102 baptismus.
1397 2036 1482 2083 Sed
1500 2054 1601 2083 cum

128 2110 227 2174 ipse
261 2110 428 2158 Paulus
459 2112 621 2160 dixerit
652 2116 687 2160 1.
722 2132 829 2179 cap.-
827 2115 941 2163 Non
973 2116 1092 2161 misit
1124 2131 1189 2160 me
1222 2114 1430 2159 Dominus
1468 2113 1602 2176 bapti-

225 2278 271 2318 (1)
293 2279 341 2310 lta
355 2280 484 2312 cornel.
503 2289 522 2312 a
537 2281 677 2322 Lepido,
700 2282 846 2323 calmet,
870 2284 1020 2324 Tirinus,
1039 2283 1256 2316 Bernardinus
1274 2293 1293 2315 a
1310 2283 1461 2324 Piconio,
1484 2277 1604 2324 aliique

126 2330 246 2371 passim
270 2331 423 2364 catholici
444 2332 644 2375 interpretes.
669 2337 781 2376 Neque
796 2335 901 2368 abhis
915 2336 1109 2369 dissentiunt
1129 2338 1318 2378 interpretes
1338 2338 1552 2378 protestantes
1565 2346 1603 2368 ac

126 2381 361 2423 rationalistae,
387 2393 469 2424 quos
485 2385 568 2417 inter
582 2395 681 2418 unum
704 2396 923 2420 commemoro
946 2388 970 2420 1.
984 2390 1023 2420 G.
1038 2387 1335 2428 Rosenmullerum,
1351 2389 1407 2429 qui
1423 2388 1456 2420 in
1470 2389 1602 2420 scholiis

124 2433 157 2466 iii
183 2434 271 2467 hunc
296 2435 358 2468 loc.
380 2436 425 2468 ita
443 2437 570 2469 scribit:
600 2439 780 2471 «Ostendit
803 2447 890 2471 nunc
916 2440 1109 2481 Apostolus,
1136 2450 1202 2481 quo
1226 2441 1298 2472 loco
1327 2440 1438 2472 haberi
1463 2439 1602 2472 debeant

125 2487 245 2528 quibus
257 2488 418 2521 Corinthii
435 2490 591 2523 hactenus
603 2491 689 2524 iusto
706 2492 844 2533 plus'vel
862 2493 972 2524 minus
992 2493 1177 2537 tribuerunt
1199 2499 1248 2534 ιι,
1263 2498 1309 2525 12.
1324 2498 1354 2533 3,
1366 2494 1513 2525 6,...Νοε
1531 2501 1601 2526 esse

122 2541 298 2573 ministros
319 2541 465 2583 Christi,
485 2543 618 2577 minime
631 2544 781 2577 dominos
793 2547 917 2578 vestros
933 2548 958 2578 1.
976 2548 1061 2578 Petr.
1076 2551 1106 2587 5,
1119 2551 1150 2578 9.
1164 2541 1262 2578 simul
1275 2546 1382 2577 tamen
1396 2545 1505 2586 erigit,
1519 2554 1601 2586 quos

125 2591 278 2626 coicum
298 2590 405 2627 videri
426 2597 553 2636 poterat
572 2606 601 2628 e.
614 2600 643 2637 3,
659 2600 731 2630 7....
744 2599 909 2639 Mystcria
928 2607 993 2630 non
1008 2601 1083 2630 sunt
1098 2599 1331 2637 sacramenta,
1347 2606 1430 2639 quae
1445 2600 1601 2630 vocantur

124 2645 279 2686 baptismi
292 2649 325 2680 et
338 2657 448 2681 sacrae
462 2658 599 2691 coenae,
613 2651 672 2683 sed
686 2649 853 2685 doctrinae
869 2652 1032 2693 religionis
1049 2652 1262 2691 christianae,
1278 2660 1362 2692 quae
1373 2651 1530 2684 occultae
1546 2660 1599 2683 vo·

126 2700 258 2740 cantur,
279 2701 357 2741 quia
374 2702 525 2734 omnibus
542 2675 729 2736 hoiuiuibus
748 2705 876 2745 ignotae
896 2707 1018 2745 essent,
1039 2705 1099 2736 nisi
1120 2707 1206 2736 Deus
1225 2704 1406 2737 revelasset.
1421 2706 1598 2737 Doctorum

124 2751 190 2790 est,
207 2751 265 2784 has
280 2752 444 2786 doctrinas
464 2763 503 2787 ex
523 2755 691 2788 voluntate
712 2758 842 2789 Domini
866 2757 1003 2797 tradere,
1031 2766 1094 2789 non
1117 2757 1298 2798 excogitare
1316 2765 1416 2790 novas
1430 2759 1597 2799 tamqnam

126 2803 167 2835 ad
195 2804 332 2838 sulutem
359 2807 521 2839 aeternam
545 2808 772 2841 necessarias.»

1507 2884 1523 2914 7
