1912 3180
269 193 360 226 CAP.
378 195 437 247 ιγ.
462 195 515 228 nn
537 196 694 230 mauu.
717 198 795 230 rno
818 197 922 230 mos
945 198 998 231 nn
1022 198 1146 231 narn.
1169 197 1253 231 civ.
1275 199 1367 233 Am.
1391 199 1421 232 ι.
1518 185 1603 233 361

236 273 413 321 Utinam
452 291 556 322 vero
588 275 717 323 civile
749 276 945 339 regimen
986 293 1230 342 numquam
1261 279 1499 344 profanum
1532 297 1611 344 pe-

135 351 265 407 dem,
304 362 352 399 ut
384 362 530 400 orator
562 351 785 416 loquitur,
814 352 860 398 in
885 369 1061 400 sacrum
1096 354 1326 418 religionis
1359 354 1608 404 dominium

137 427 320 475 inferret
346 427 358 473 1
402 428 487 476 Res
522 428 716 492 profecto
750 427 880 492 longe
913 428 1074 477 melius
1108 431 1490 494 progrederentur.
1533 433 1610 481 Ve-

139 519 238 549 rum
261 502 369 550 dum
393 504 495 551 novi
521 504 831 568 legumlatores
856 502 902 550 in
926 506 1230 553 sanctuarium
1259 523 1359 555 sese
1387 507 1603 567 inferunt,

132 588 180 626 et
212 579 363 626 omnia
394 596 523 627 sacra
556 580 654 628 iura
688 580 958 645 pervadunt,
986 597 1106 628 nunc
1129 583 1337 647 scrupulo
1359 595 1603 648 anguntur,

134 671 192 702 ne
214 655 254 702 si
277 654 390 702 forte
412 655 498 703 sub
521 656 736 721 adspectu
759 655 967 719 religioso
990 657 1320 705 matrimonium
1345 661 1602 724 respiciant,

134 731 180 777 in
204 748 332 779 sacro
357 731 585 796 religionis
610 733 809 781 dominio
843 733 1076 798 profanum
1111 733 1270 798 pedem
1305 735 1457 798 figant.
1486 735 1606 786 Haec

133 807 295 870 agendi
330 807 444 855 ratio
478 808 682 856 nonnihil
717 808 972 873 hypocrisis
1006 808 1139 873 sapit.

228 883 297 930 Ad
325 884 371 931 id
400 902 520 942 vero,
548 884 668 950 quod
693 885 846 933 subdit
877 885 988 932 alter
1019 896 1191 942 orator,
1222 888 1478 951 coniugium
1504 905 1606 936 esse

133 970 279 1008 actum
294 962 580 1009 essentialiter
595 962 811 1016 socialem,
834 962 1109 1026 reponimus,
1130 961 1215 1010 sub
1231 961 1383 1027 aliquo
1400 974 1605 1029 respectu

130 1036 177 1084 id
209 1037 495 1085 verissimum
532 1055 664 1095 esse,
705 1055 757 1086 ac
791 1039 978 1104 proinde
1012 1048 1232 1104 quatenus
1266 1040 1524 1103 coniugium
1558 1041 1604 1089 in

128 1113 342 1162 societate
376 1114 678 1170 contrahitur,
708 1125 840 1180 atque
864 1115 1032 1163 idcirco
1055 1115 1164 1163 dicit
1189 1126 1335 1163 actum
1369 1116 1598 1174 socialem,

129 1206 218 1237 non
246 1189 486 1238 abnuimus
517 1191 574 1238 ad
609 1192 858 1256 principem
893 1191 1115 1256 pertinere
1148 1207 1255 1239 suas
1289 1191 1410 1255 leges
1443 1193 1605 1240 consti·

129 1276 277 1323 tuere,
316 1285 432 1332 quae
466 1267 587 1315 hunc
621 1278 798 1324 actum,
837 1277 967 1332 prout
999 1267 1179 1315 socialis
1203 1277 1297 1324 est,
1324 1268 1519 1331 dirigant
1551 1285 1603 1317 ac

129 1341 415 1390 moderentur
447 1360 504 1390 ne
537 1343 646 1392 ordo
679 1343 886 1408 publicus
922 1342 1147 1399 turbetur,
1185 1353 1263 1391 aut
1294 1344 1487 1391 societas
1521 1343 1603 1391 ali-

127 1418 247 1482 quod
272 1418 584 1466 detrimentum
610 1419 785 1483 capiat;
813 1435 959 1483 neque
980 1420 1195 1482 umquam
1217 1417 1408 1467 ecclesia
1424 1419 1470 1466 id
1488 1419 1602 1484 ipsis

127 1493 373 1541 interdixit.
410 1494 497 1541 Sed
534 1510 635 1542 cum
672 1493 878 1558 primitus
912 1493 1166 1557 coniugium
1200 1493 1260 1542 sit
1291 1504 1415 1542 actus
1447 1511 1603 1549 essen-

125 1569 287 1618 tialiter
309 1570 568 1634 religiosus,
602 1571 865 1635 praesertim
896 1570 1011 1618 inter
1043 1569 1336 1627 christianos,
1356 1569 1413 1618 de
1435 1570 1601 1636 quibus

125 1645 303 1708 agimus
320 1683 331 1701 ,
369 1656 412 1693 et
445 1663 525 1711 per
553 1656 700 1693 actum
729 1645 986 1709 religiosum
1010 1645 1056 1692 in
1080 1663 1164 1693 suo
1188 1663 1289 1693 esse
1311 1645 1603 1694 constituatur

124 1721 218 1769 veri
241 1721 520 1787 legitimique
543 1722 765 1785 coniugii,
794 1722 851 1769 ad
874 1721 1108 1770 ecclesiam
1131 1722 1263 1769 unice
1286 1732 1456 1786 spectat
1478 1721 1600 1786 leges

124 1797 317 1845 condere
334 1836 345 1853 ‚
381 1814 499 1863 quae
540 1797 638 1846 eius
683 1798 925 1845 essentiam
959 1797 1205 1861 attingant,
1243 1797 1495 1846 cuiusmodi
1531 1809 1599 1846 est

124 1873 350 1920 vinculum
385 1890 486 1921 cum
521 1874 616 1921 suis
653 1872 1014 1938 proprietatibus.
1463 1872 1466 1874 ’

227 1949 337 1996 Cum
362 1949 497 2013 igitur
518 1967 572 1997 ex
595 1949 829 1998 contrariis
859 1949 1006 2014 iisque
1033 1948 1159 1997 falsis
1188 1949 1424 2015 principiis
1454 1959 1601 1997 orator

126 2024 200 2072 hic
233 2025 566 2090 progrediatur,
597 2025 708 2073 ratio
743 2035 928 2089 apparet
961 2042 1099 2089 quare
1132 2025 1230 2090 ipse
1263 2024 1447 2072 miretur
1479 2041 1600 2073 revo-

123 2102 214 2149 cari
250 2101 296 2148 in
326 2101 512 2149 dubium
549 2101 804 2164 (debuisset
835 2101 924 2148 imo
956 2101 1104 2148 dicere
1129 2101 1312 2164 neqari)
1343 2111 1507 2148 statum
1541 2100 1598 2148 ci-

122 2177 256 2224 vilem
292 2177 415 2225 haud
450 2178 535 2225 frui
572 2178 703 2243 plena
748 2177 949 2225 libertate
989 2176 1107 2225 circa
1149 2177 1405 2240 coniugium
1440 2194 1492 2224 ac
1525 2193 1599 2242 po-

125 2262 298 2301 testate.
345 2254 435 2302 Nos
483 2254 630 2319 potius
680 2253 777 2300 iure
821 2253 1068 2317 meritoque
1121 2252 1334 2299 miramur
1380 2262 1598 2299 oratorem

124 2328 418 2377 christianum
453 2340 496 2377 et
523 2328 791 2377 catholicum
818 2327 1023 2375 dubitare
1057 2328 1283 2393 potuisse,
1312 2327 1432 2393 quod
1456 2327 1597 2376 solius

124 2403 339 2452 ecclesiae
361 2405 422 2452 sit
442 2414 714 2453 contractum
747 2403 1025 2467 coniugalem
1051 2421 1133 2452 seu
1159 2415 1485 2452 sacramentum
1508 2421 1599 2452 mo·

123 2479 296 2535 derari,
333 2490 485 2545 utpote
524 2497 615 2528 rem
651 2496 780 2526 suam
798 2516 808 2535 ‚
847 2478 979 2544 eique
1014 2478 1098 2526 soli
1138 2495 1165 2525 a
1197 2478 1375 2526 Christo
1418 2495 1598 2527 concre-

121 2555 276 2602 ditam.
315 2556 425 2604 Eius
459 2555 687 2621 deceptio,
716 2565 849 2620 atque
871 2564 1105 2621 propterea
1127 2554 1437 2603 admirationis
1459 2572 1598 2603 causa

122 2632 326 2696 provenit
357 2649 410 2679 ex
447 2633 623 2681 fictione
658 2631 735 2679 illa
767 2631 930 2695 legali,
964 2630 1084 2695 quod
1114 2630 1445 2678 matrimonium
1480 2648 1596 2679 seor-

123 2724 222 2754 sum
246 2725 272 2755 a
296 2708 510 2772 religione
544 2709 734 2774 spectari
771 2708 916 2772 possit
951 2717 1027 2754 aut
1059 2706 1232 2754 debeat.
1271 2706 1502 2757 Eiusmodi
1530 2708 1595 2756 le-

123 2783 245 2846 gales
282 2783 483 2833 fictiones
519 2784 682 2832 multos
719 2785 763 2830 in
799 2800 992 2831 errorem
1028 2782 1308 2831 induxerunt.
