1912 3180
353 200 442 244 402
606 212 686 243 Lm.
717 210 747 242 1.
777 208 892 241 sacr.
916 209 1089 241 ALTERA.
1118 209 1170 240 m:
1204 209 1381 241 uinum.
1411 209 1553 241 mvm.

349 290 465 347 Quid
500 297 647 351 ageret
671 287 755 334 hoc
778 287 823 333 in
847 303 956 334 casu
984 286 1271 350 magistratus
1298 285 1474 334 civilis?
1497 286 1564 333 Ad
1590 303 1812 338 summum

347 366 408 413 ita
431 364 646 411 nubentes
671 362 878 410 civilibus
903 362 1075 409 iuribus
1094 362 1368 419 destitueret,
1391 362 1470 409 sed
1488 363 1815 412 matrimonium

347 439 637 505 permanebit.

442 516 587 572 Quum
621 531 726 562 vero
759 515 955 562 essentia
987 515 1182 578 coniugii
1218 514 1477 570 christiani,
1509 525 1553 562 et
1580 525 1812 581 propterea
1851 530 1853 533 ’

346 591 611 639 sacramenti
641 609 668 638 a
696 591 790 639 solo
818 591 1173 638 contrahentium
1198 607 1420 638 consensu
1450 591 1665 655 pendeat,
1693 592 1814 639 clara

345 668 457 715 ratio
486 678 580 724 est,
609 685 748 733 quare
771 668 826 715 ad
851 666 1181 714 matrimonium
1217 666 1413 714 sufficiat
1442 666 1538 714 sola
1560 668 1815 716 assistentia

346 761 426 791 seu
462 745 714 808 praesentia
747 743 988 810 materialis
1025 743 1236 807 parochi,
1276 743 1379 791 licet
1401 743 1441 791 is
1466 744 1525 791 sit
1551 744 1716 791 invitus
1734 782 1744 801 ‚
1773 755 1818 792 et

344 819 603 867 interdictus
644 822 723 882 (ut
755 819 849 866 vult
877 818 1214 880 adversarius);
1247 819 1508 883 intelligitur
1537 837 1674 884 quare
1708 836 1814 868 con—

344 896 495 943 cilium
539 895 827 943 tridentinum
864 894 1133 958 peculiarem
1170 894 1340 941 nullum
1378 895 1510 942 ritum
1545 895 1818 943 benedictio-

343 989 448 1019 num
492 970 860 1036 praescripserit,
914 987 994 1016 neo
1038 969 1221 1017 verbum
1268 970 1430 1018 habeat
1463 971 1519 1018 de
1553 971 1815 1018 necessitate

344 1048 691 1097 consecrationis
727 1046 961 1111 religiosae
995 1064 1047 1094 30
1080 1047 1211 1094 unice
1245 1064 1296 1094 eo
1331 1058 1533 1111 spectare
1566 1047 1809 1110 significet,

341 1137 390 1173 ut
414 1135 608 1174 cessaret
641 1124 858 1172 dubitatio
893 1126 1010 1172 circa
1043 1125 1324 1172 matrimonia
1364 1125 1474 1172 inita
1510 1125 1604 1173 sola
1639 1135 1814 1172 contra-

340 1201 540 1249 hentium
564 1200 805 1248 voluntate.
823 1201 943 1248 Haec
966 1202 1083 1248 enim
1103 1201 1251 1249 omnia
1269 1202 1434 1265 optime
1451 1202 1688 1249 cohaerent
1711 1218 1812 1248 cum

341 1277 542 1326 doctrina
576 1287 753 1334 nostra,
794 1278 927 1325 immo
960 1295 1064 1325 vero
1098 1295 1200 1325 cum
1235 1277 1436 1325 doctrina
1469 1295 1602 1343 quam
1638 1294 1814 1341 semper

340 1354 541 1419 professa
575 1364 642 1400 est
676 1353 864 1401 ecclesia
897 1353 1132 1401 catholica.

433 1429 505 1475 Vl.
545 1430 674 1477 Sexta
708 1429 920 1486 assertio,
950 1447 1030 1476 seu
1065 1430 1211 1494 potius
1246 1429 1472 1477 conclusio
1506 1446 1557 1476 30
1590 1429 1812 1494 peroratio

340 1504 478 1568 digna
510 1515 578 1551 est
610 1504 886 1568 praemissis.
933 1504 1127 1550 Primum
1170 1504 1349 1568 quidem
1385 1505 1722 1551 commiseratur
1761 1521 1813 1551 30

340 1579 459 1627 dolet
498 1597 572 1627 eos
620 1580 695 1645 qui
732 1579 963 1643 negligunt
1002 1579 1229 1642 religionis
1270 1579 1544 1626 adiumenta.
1586 1580 1705 1626 Haec
1745 1589 1813 1627 est

337 1655 618 1721 hypocrisis;
647 1655 763 1703 dolet
786 1656 903 1702 enim
929 1672 979 1702 ac
1004 1656 1240 1702 miseratur
1273 1654 1448 1702 illorum
1484 1655 1804 1713 infelicitatem,

340 1731 416 1795 qui
452 1731 679 1795 negligunt
719 1731 945 1794 religionis
980 1731 1204 1796 praesidia
1238 1731 1285 1777 in
1319 1748 1370 1777 eo
1405 1731 1505 1795 ipso
1545 1741 1678 1788 actu,
1721 1749 1810 1796 quo

336 1817 462 1870 urget
486 1807 757 1854 sanctionem
784 1808 906 1854 illius
930 1807 1042 1870 legis
1061 1845 1070 1863 ,
1100 1825 1189 1871 qua
1213 1807 1419 1854 catholici
1444 1807 1675 1854 solvuntur
1696 1807 1809 1855 obli-

338 1883 515 1947 gatione
540 1883 820 1931 adsciscendi
854 1883 939 1930 sibi
966 1884 1074 1931 haec
1098 1883 1254 1930 eadem
1289 1884 1543 1931 adiumenta
1579 1884 1803 1947 religiosa,

342 1969 386 2007 et
420 1977 472 2007 eo
513 1959 682 2016 tendit,
719 1971 769 2006 ut
801 1960 1011 2007 oblivioni
1048 1978 1100 2007 ac
1134 1960 1417 2007 desuetudini
1460 1961 1657 2007 tradatur
1695 1961 1808 2009 actio

337 2035 576 2099 religiosa!
621 2036 791 2083 Deinde
823 2054 927 2083 vero
962 2037 1122 2083 asserit
1157 2037 1333 2101 probari
1366 2055 1453 2084 non
1488 2055 1647 2102 posse,
1686 2037 1806 2102 quod

334 2112 582 2160 auctoritati
618 2113 915 2160 conscientiae
950 2112 1187 2160 auctoritas
1212 2113 1410 2160 coactiva
1446 2113 1723 2177 subrogetur.
1752 2113 1806 2161 At

329 2205 437 2236 vero
471 2188 573 2253 quis
608 2206 819 2253 umquam
855 2188 1016 2235 effutiit
1056 2187 1338 2251 subroganda
1370 2205 1470 2235 esse
1500 2188 1625 2235 iussa
1659 2189 1803 2236 civilis

333 2264 630 2328 legislationis
664 2264 913 2312 auctoritati
948 2264 1282 2312 conscientiae?
1316 2265 1450 2311 Nemo
1485 2282 1696 2328 umquam
1730 2282 1803 2311 ca—

330 2409 401 2442 cap.
417 2402 503 2434 XVI.
520 2410 591 2443 pag.
612 2406 680 2434 199.
696 2414 712 2429 «
722 2401 759 2433 Αἰ
772 2401 889 2433 fautori
905 2401 956 2434 del
973 2403 1082 2442 potere
1094 2401 1253 2434 esclusivo
1267 2400 1354 2433 dello
1368 2402 1470 2440 stato,
1485 2399 1614 2439 scribit,
1630 2399 1679 2431 sul
1697 2400 1803 2432 matri·

330 2454 439 2485 monio
457 2454 571 2494 civile,
594 2453 625 2486 13
644 2453 768 2492 chiesa,
786 2462 820 2485 se
837 2454 980 2494 volesse,
998 2454 1150 2494 potrebbe
1169 2454 1316 2495 giuocare
1336 2463 1379 2486 un
1398 2452 1574 2485 bellissimo
1595 2451 1728 2492 giuoco,
1746 2460 1803 2493 per

327 2508 484 2539 mostrare
495 2531 504 2547 ,
529 2507 611 2538 com’
620 2507 681 2539 essi
706 2515 786 2548 poco
798 2516 818 2538 ο
834 2507 923 2538 nulla
938 2506 1127 2547 potrebbero
1142 2515 1235 2539 senza
1250 2507 1283 2538 di
1299 2507 1359 2546 lei,
1377 2506 1416 2538 ne
1431 2505 1680 2545 giungerebbero
1694 2504 1734 2536 ad
1750 2514 1798 2537 ar-

328 2557 498 2591 chitettare
510 2559 597 2591 edar
608 2558 805 2591 consistenza
819 2559 883 2591 3110
896 2559 965 2591 loro
979 2558 1154 2591 istituzioni
1169 2558 1201 2590 di
1215 2558 1421 2591 matrimonio
1435 2557 1567 2599 politico
1579 2581 1589 2597 ‚
1605 2565 1639 2588 se
1653 2565 1723 2588 essa
1738 2565 1803 2589 non

331 2619 440 2643 avesse
456 2612 559 2653 prima
573 2614 681 2645 creato
697 2612 719 2644 il
740 2612 944 2644 matrimonio
965 2612 1198 2652 eeclesiastico,
1222 2610 1442 2653 aggiungendo
1457 2610 1508 2642 riti
1522 2619 1540 2642 e
1557 2609 1714 2642 solennita
1735 2610 1800 2642 3113

331 2663 508 2704 semplicita
529 2664 581 2697 del
609 2665 813 2697 matrimonio
836 2665 981 2697 naturale
1002 2665 1358 2697 sacramentale....ora
1372 2662 1510 2695 l’esfetto
1531 2663 1564 2694 di
1586 2663 1651 2695 tale
1673 2663 1801 2704 largum

330 2722 479 2747 concessa
493 2716 579 2749 (13113
593 2717 716 2756 chiesa,
733 2717 866 2750 sarebbe
882 2718 904 2751 il
918 2719 1005 2751 torre
1019 2717 1049 2750 al
1064 2719 1173 2758 potere
1195 2717 1291 2750 civile
1306 2716 1328 2749 ii
1343 2715 1471 2756 miglior
1497 2724 1604 2748 mezzo
1627 2715 1662 2748 di
1688 2723 1795 2748 esecu-

332 2766 422 2798 zione
449 2767 533 2800 delle
556 2769 717 2803 formalita
738 2770 826 2803 civili
845 2771 1012 2812 prescritte
1025 2771 1076 2803 sul
1090 2770 1140 2803 far
1159 2770 1211 2803 del
1233 2769 1344 2802 codice
1365 2768 1507 2800 srancese
1532 2768 1680 2801 tendente
1702 2776 1721 2800 a
1741 2767 1799 2799 dar

328 2819 541 2852 un'esisoenza
556 2823 684 2863 propria
699 2823 729 2854 31
744 2822 949 2855 matrimonio
964 2824 1047 2863 ateo,
1066 2831 1083 2855 e
1096 2832 1114 2855 3
1128 2822 1309 2855 contradite
1325 2821 1354 2853 al
1371 2821 1461 2861 giure
1475 2821 1659 2854 cattolico.=›
