1912 3180
284 217 377 249 CAP.
399 217 456 248 lv.
474 217 524 248 m:
543 217 699 249 ARGUM.
720 217 795 248 PRO
814 216 917 248 LEGE
936 216 987 248 DE
1005 217 1129 248 MATR.
1148 216 1231 249 clv.
1246 217 1340 249 ART-
1355 217 1418 249 111.
1524 203 1614 248 395

142 295 355 359 primario
381 295 438 342 ad
470 294 721 342 felicitatem
749 305 995 351 aeternam;
1031 312 1165 342 unam
1191 295 1371 360 quidem
1395 295 1453 342 ab
1475 294 1613 343 altera

141 372 345 419 distinct-ic
376 381 636 436 potestatem
653 408 664 426 ‚
693 387 780 418 non
804 381 950 418 tamen
980 371 1132 418 divisit
1148 383 1226 419 aut
1241 374 1461 436 separavit
1481 410 1491 429 ‚
1511 389 1616 437 per-

142 447 245 494 inde
269 465 329 495 ac
363 447 402 494 si
436 447 639 495 diversae
671 458 822 494 essent
851 447 1104 495 societates,
1141 449 1250 496 Nam
1279 466 1370 496 una
1403 448 1618 513 eademqe

141 534 210 571 est
239 524 455 578 societas,
485 541 598 588 quae
622 524 788 587 regitur
806 523 863 570 ab
880 533 1070 588 utraque
1093 536 1308 588 potestate
1333 525 1417 573 sub
1440 526 1617 574 diverso

151 609 379 663 respectu,
413 617 618 664 quaeque
641 599 718 646 uni
744 599 898 647 subest
931 601 1099 647 auctori
1124 619 1175 648 ac
1198 602 1386 650 Domino
1411 601 1604 649 Christo.

146 675 532 731 Quemadmodum
573 677 779 742 superius
814 676 1034 733 diximus,
1069 677 1131 724 ita
1164 695 1212 724 se
1247 678 1381 725 habet
1416 687 1615 743 potestas

144 752 326 816 politica
351 753 407 800 ad
438 764 695 817 potestatem
731 752 1078 801 ecclesiasticam
1102 771 1156 800 ex
1181 753 1382 801 doctrina
1412 765 1610 819 patrum,

145 829 208 876 uti
243 847 292 876 se
326 829 460 876 habet
502 846 677 894 corpus¹
707 829 765 876 ad
810 830 1008 877 animam
1025 848 1055 886 ‚n
1073 846 1190 894 quae
1222 829 1334 877 illud
1375 830 1611 886 informat,

146 905 257 968 regit
283 922 335 952 ac
360 905 627 952 moderatur.
651 906 881 970 Separatio
905 905 1094 952 duarum
1123 905 1391 953 societatum
1411 905 1618 970 politicae

149 998 201 1028 ac
235 980 472 1045 religiosae
505 991 575 1028 est
606 981 860 1037 inventum,
893 992 944 1028 ut
969 981 1192 1037 vidimus,
1232 981 1617 1029 schismaticorum

149 1056 286 1105 medii
310 1058 433 1113 aevi,
461 1057 581 1121 quod
606 1057 797 1121 primum
823 1068 1117 1122 protestantes
1150 1068 1437 1123 acceperunt,
1464 1068 1620 1122 postea

145 1150 250 1181 vero
283 1133 519 1181 increduli.
545 1133 759 1189 Quocirca
785 1134 1008 1198 separatio
1025 1145 1277 1182 contractus
1303 1133 1446 1181 civilis
1469 1134 1619 1182 coniu-

147 1208 262 1272 galis
281 1227 308 1256 a
326 1220 604 1258 sacramento
629 1210 675 1256 in
699 1210 919 1273 coniugiis
942 1210 1200 1258 christianis
1230 1220 1298 1257 est
1325 1211 1619 1257 commentum

152 1285 627 1350 pseudo-politicorum
661 1286 829 1334 seculis
855 1286 1069 1333 anteactis
1104 1303 1287 1350 prorsus
1317 1285 1584 1332 inauditum.

244 1362 364 1409 Dixit
397 1362 578 1426 quidem
612 1362 842 1410 Christus:
882 1363 1077 1426 Reqnum
1109 1380 1257 1409 meum·
1276 1380 1359 1409 non
1383 1372 1445 1409 est
1467 1361 1519 1408 cle
1544 1362 1619 1408 hoc

148 1438 333 1493 mundo,
372 1439 418 1485 id
453 1450 520 1486 est
555 1449 792 1493 terrenum,
831 1456 911 1486 seu
946 1456 1129 1502 regnum
1164 1456 1310 1486 meum
1345 1455 1433 1486 non
1466 1448 1536 1486 est
1571 1448 1621 1486 ut

150 1532 286 1578 regna
303 1525 477 1563 terrena
493 1553 503 1571 ‚
527 1515 605 1562 sed
624 1514 806 1562 alterius
842 1515 972 1580 plane
1006 1526 1209 1571 naturae,
1231 1525 1280 1562 ut
1296 1525 1416 1579 patet
1438 1531 1491 1562 ex
1514 1530 1620 1562 con-

147 1601 266 1637 textu
300 1591 418 1652 (78).
452 1589 581 1646 Quod
617 1590 656 1637 si
698 1590 869 1655 antiqui
905 1590 1058 1655 populi
1087 1601 1323 1655 utramque
1357 1600 1619 1654 potestatem

147 1666 369 1731 politicam
403 1677 447 1713 et
490 1666 742 1730 religiosam
788 1667 1172 1730 permiscuerunt,
1221 1667 1326 1714 inde
1378 1666 1580 1732 provenit
1607 1704 1617 1722 ‚

148 1743 268 1808 quod
303 1744 500 1809 supremi
532 1744 803 1808 imperantes
839 1743 924 1791 sibi
954 1754 1188 1809 utramque
1222 1744 1545 1810 adscripserint
1568 1760 1622 1790 ac

244 1879 310 1918 (78)
332 1879 435 1911 Cuius
462 1878 594 1919 quidem
623 1879 894 1920 interpretationis
920 1879 1018 1911 vades
1043 1879 1159 1912 damus
1174 1889 1236 1912 non
1254 1881 1401 1921 exegetas
1424 1879 1620 1917 catholicos,

150 1930 253 1963 multo
266 1939 343 1963 vero
357 1932 464 1963 minus
478 1931 609 1963 iesuitas
622 1955 631 1971 ,
648 1931 704 1972 qui
719 1930 937 1963 hilaritatem
958 1931 1137 1964 excitarent
1156 1932 1189 1963 in
1211 1931 1389 1972 subalpinis
1410 1931 1571 1971 comitiis,
1590 1933 1627 1963 ut

151 1983 195 2015 ibi
209 1983 348 2024 dicitur,
363 1983 419 2016 sed
435 1985 663 2024 protestantes,
679 1984 745 2015 imo
760 1985 792 2016 et
807 1984 1023 2016 rationalistas
1036 1993 1118 2025 quos
1131 1984 1310 2017 adversarii
1325 1984 1426 2016 nostri
1437 1984 1569 2016 maioris
1578 1984 1622 2015 l'a·

144 2037 247 2069 ciunt.
269 2037 372 2078 Igitur
397 2037 618 2070 Rosenmiiller
644 2037 751 2069 senior
773 2037 805 2069 in
835 2037 967 2069 scholiis
992 2037 1033 2069 ad
1063 2039 1107 2070 lo.
1128 2039 1244 2070 XVlll.
1263 2042 1312 2071 36.
1331 2038 1376 2070 ita
1391 2037 1490 2070 verba
1505 2037 1625 2082 Clu-isti

146 2091 290 2121 enarrat:
307 2103 323 2118 «ι
340 2092 494 2131 Reqnum
511 2098 624 2122 meum
642 2099 708 2122 non
725 2091 776 2122 est
792 2091 969 2122 terrenum
1009 2082 1097 2120 εἶναι
1127 2084 1161 2119 ἐκ
1187 2085 1249 2119 τοῦ
1274 2086 1421 2132 κοσμοῦ,
1446 2084 1625 2130 significare

149 2145 254 2184 potest
268 2143 317 2175 vel
331 2143 488 2184 originem
502 2151 631 2175 sumere
642 2151 681 2175 ex
694 2143 745 2174 liis
756 2143 960 2182 hominibus3
973 2143 1023 2174 vel
1039 2143 1147 2175 simile
1157 2151 1228 2175 esse
1239 2148 1337 2183 regno
1346 2144 1485 2175 terreno.
1493 2143 1625 2174 Utrum·

148 2204 212 2238 que
233 2195 347 2228 eodem
372 2195 478 2236 redit,
493 2196 520 2229 si
534 2196 692 2228 sententia
712 2197 884 2237 spectetur.
900 2196 1005 2228 Verba
1020 2197 1128 2231 tamen
1143 2196 1311 2236 sequentia
1325 2196 1509 2236 declarant,
1524 2194 1627 2236 magis

146 2250 314 2289 naturam,
331 2258 431 2290 quam
445 2249 604 2290 originem
619 2249 707 2289 regni
724 2248 872 2281 indicari.
889 2250 1024 2281 Sensus:
1040 2242 1186 2289 Regnum
1200 2257 1308 2281 meum
1322 2257 1386 2281 non
1400 2250 1448 2280 est
1462 2247 1560 2280 liuius
1573 2255 1625 2288 ge?

147 2301 234 2334 neris
246 2301 341 2334 cuius
355 2304 433 2334 sunt
456 2310 551 2342 regna
572 2303 715 2340 terrena,
731 2300 820 2332 velut
831 2303 1004 2340 cesarum,
1017 2303 1138 2333 statum
1152 2301 1278 2342 imperii
1295 2296 1420 2333 romani
1435 2309 1500 2333 non
1515 2299 1627 2333 laedit.

146 2350 181 2383 oi
206 2349 373 2397 ὑπηρτέαι
385 2368 402 2376 ·
415 2351 488 2389 τοῖς
507 2349 695 2389 Ἰουδαίοις.
715 2354 889 2387 satellites
907 2357 975 2387 mei
992 2355 1245 2396 depuqnassent
1263 2357 1449 2397 quominus
1467 2354 1628 2397 synedrio

149 2407 345 2447 (captivus)
363 2406 533 2439 traderer.
552 2406 710 2438 Haberem
728 2408 889 2438 armatum
909 2407 1097 2439 satellitium
1110 2432 1119 2448 ‚
1139 2407 1290 2440 haberem
1312 2407 1486 2441 instructas
1503 2407 1624 2449 copias,

150 2459 310 2500 praesidia
327 2459 528 2492 decertarent
538 2459 638 2491 armis
653 2467 712 2499 pro
725 2468 794 2499 me,
808 2468 848 2492 ne
864 2459 972 2492 iudaei
989 2460 1062 2500 hoc,
1074 2460 1162 2502 quod
1178 2461 1356 2493 moliuntur
1370 2461 1402 2493 in
1417 2468 1480 2501 me,
1495 2460 1627 2502 impune

151 2512 324 2546 facerent.»

248 2566 386 2598 Kuinoel
404 2567 511 2598 autem
527 2566 608 2598 alter
623 2565 825 2597 rationalista
840 2566 873 2597 in
887 2565 983 2598 eund.
1001 2566 1062 2598 loc.
1075 2566 1122 2598 sic
1138 2566 1259 2599 Christi
1276 2565 1372 2598 verba
1388 2565 1539 2606 exponit:
1556 2565 1628 2598 «Ad

153 2619 360 2651 refellendam
387 2619 576 2651 iudaeorum
604 2618 820 2659 calumniam,
835 2618 923 2659 quod
939 2627 975 2650 se
990 2627 1095 2659 regem
1109 2619 1291 2651 terrestrem
1317 2618 1471 2661 dixissen
1490 2618 1632 2651 declarat

152 2673 253 2712 lesus,
265 2680 398 2712 regnum
413 2681 509 2705 suum
524 2680 588 2704 non
603 2680 674 2704 esse
685 2673 862 2712 terrenum,
874 2671 1020 2712 adeoque
1030 2673 1219 2713 neutiquam
1229 2671 1370 2704 romanis
1380 2671 1628 2712 periculosum.»

250 2726 363 2765 Itaque
380 2725 496 2758 melius
511 2724 638 2757 fecisset
650 2725 781 2756 senator
795 2724 983 2765 subalpinos
994 2748 1004 2764 ,
1021 2724 1049 2756 si
1063 2723 1231 2765 allegasset
1244 2723 1344 2756 verba
1362 2723 1484 2757 christi
1497 2723 1625 2756 Mami.

150 2776 210 2808 ult.
222 2777 315 2809 Data
323 2778 374 2809 est
383 2777 469 2810 mim
481 2778 592 2809 omnis
604 2777 756 2817 potestas
767 2777 803 2808 in
817 2775 913 2809 caelo
928 2776 962 2808 et
978 2776 1014 2808 in
1032 2777 1150 2815 terren
1163 2784 1222 2808 nec
1237 2784 1302 2808 non
1316 2774 1457 2818 Apocal.
1467 2773 1560 2809 xlx.
1579 2781 1625 2808 16.

148 2828 203 2860 ubi
216 2828 255 2860 de
270 2829 400 2861 Christo
420 2830 576 2870 seriptum
592 2831 657 2867 est,
673 2828 759 2869 quod
773 2828 816 2860 sit
832 2830 904 2860 Rex
917 2837 1038 2869 regum
1060 2830 1095 2860 et
1119 2830 1286 2861 Dominus
1305 2823 1587 2861 dominantium.'
