1918 3186
306 186 395 216 CAP.
416 185 444 216 1.
462 184 554 215 ΛΒΤ.
583 183 629 214 n.
645 182 697 214 DE
714 182 915 214 viminu:
933 183 1108 215 sAann.
1125 180 1342 215 EX'UOCTR.
1359 182 1505 216 scam..
1594 166 1653 215 ’Ἰ

185 264 459 328 spiritualem
482 263 730 310 animorum
748 261 812 308 uti
831 261 1019 324 figuram
1037 263 1359 311 coniunctionis
1373 262 1542 310 Christi
1557 276 1660 311 cum

184 341 371 388 ecclesia
406 357 487 405 per
520 338 795 386 charitatem.
825 338 874 384 In
901 337 1023 386 hunc
1058 339 1190 387 finem
1223 339 1404 386 adducit
1442 356 1481 386 s.
1514 338 1661 403 Augu·

186 416 289 463 stini
319 415 645 463 testimonium:
673 414 768 460 «In
791 413 959 478 nuptiis
985 414 1087 478 plus
1122 415 1240 463 valet
1271 415 1482 462 sanctitas
1512 428 1661 463 sacra-

183 493 317 539 nunti
327 528 340 546 ,
367 508 504 556 quam
528 490 802 538 faecunditas
825 489 990 537 ventris
1021 492 1171 551 (80).»
1189 491 1304 554 Ergo
1328 491 1464 538 nimia
1486 490 1661 539 levitate

186 567 388 616 nonnulli
425 567 701 614 affirmarunt
736 565 1344 630 Magistrumz'sententiarum
1366 577 1554 615 autnon
1587 567 1664 614 ad*

183 644 363 691 misisse
390 644 620 692 veritatem
649 644 782 691 huius
813 641 1101 699 sacramenti,
1132 653 1209 691 aut
1233 643 1389 691 saltem
1415 644 1663 708 denegasse

185 738 263 786 per
294 721 443 785 ipsum
478 722 666 769 conferri
695 719 883 785 gratiam
906 722 1024 782 (811).

281 798 433 862 Neque
472 798 530 845 ab
573 798 643 845 his
680 797 864 844 recessit
894 796 1100 843 Albertus
1133 795 1189 842 M.
1217 797 1294 861 qui
1330 797 1374 842 in
1410 795 1656 845 Comment.

184 872 230 919 in
262 874 305 919 4.
328 873 406 920 lib.
430 874 625 921 Sentent.
649 874 695 920 in
717 873 822 920 dist.
851 876 893 919 1.
917 882 1000 919 art.
1025 874 1070 918 2.
1093 882 1262 936 septem
1281 883 1559 921 sacramenta
1580 888 1662 922 no-

184 966 267 997 vae
288 950 400 1014 legis
423 968 524 998 cum
548 950 868 1005 recensuisset,
906 949 1098 996 excurrit
1121 965 1203 1013 per
1229 949 1405 1013 singula
1434 964 1581 1015 usque
1603 950 1662 997 ad

184 1027 511 1075 matrimonium
538 1027 767 1074 inclusive.
797 1026 925 1082 Quod
953 1042 1059 1073 vero
1084 1025 1240 1073 attinet
1257 1026 1313 1073 ad
1333 1026 1518 1090 gratiam
1533 1062 1544 1084 ,
1566 1026 1666 1091 ipse

184 1103 250 1150 uti
282 1103 617 1151 fundamentum
651 1103 831 1168 posuit,
873 1102 1029 1168 «quod
1065 1103 1209 1150 omnis
1242 1103 1383 1166 gratia
1416 1116 1665 1150 sacramen·

187 1179 287 1226 talis
323 1179 552 1228 ordinatur
583 1189 735 1227 contra
763 1189 994 1244 peccatum
1013 1218 1023 1235 ‚
1041 1199 1064 1224 »
1086 1189 1241 1243 postea
1275 1178 1469 1227 subiicit:
1495 1198 1518 1224 «
1535 1178 1664 1235 Quod

187 1273 319 1306 omne
349 1265 673 1304 sacramentum
706 1255 924 1303 ecclesiae
947 1252 1117 1302 confert
1137 1255 1325 1318 gratiam
1348 1254 1544 1319 aliquam
1566 1270 1668 1303 con·

184 1345 253 1382 tra
281 1344 510 1398 peccatum
527 1371 537 1389 ‚
575 1333 686 1379 sicat
718 1341 781 1378 cst
813 1332 1183 1378 matrimonium.»
1205 1331 1260 1378 Et
1283 1331 1328 1377 in
1353 1341 1436 1378 art.
1462 1331 1505 1377 4.
1539 1344 1666 1378 suam

188 1411 292 1458 facit
323 1409 626 1457 definitionem
661 1408 925 1456 sacramenti
957 1422 1093 1472 quam
1127 1407 1251 1454 dedit
1285 1406 1436 1471 Hugo:
1459 1403 1493 1452 ἀ
1512 1407 1667 1454 Sacra-

187 1496 383 1533 mentum
406 1495 475 1532 est
497 1483 726 1548 corporale
741 1494 784 1530 et
800 1482 1028 1530 materiale
1050 1482 1315 1530 elementum
1338 1482 1482 1530 oculis
1504 1482 1669 1530 extrin—

189 1578 320 1610 secus
354 1560 635 1625 suppositum
665 1576 718 1607 ex
746 1557 1030 1607 similitudine
1063 1569 1403 1624 repraesentans
1418 1595 1429 1617 ‚
1455 1574 1509 1606 ex
1541 1559 1668 1605 insti-

191 1639 350 1684 tutione
373 1636 657 1700 significans,
680 1646 724 1684 et
746 1653 799 1683 ex
823 1636 1158 1700 sanctificatione
1185 1634 1452 1682 invisibilem
1481 1634 1668 1698 gratiam

187 1713 416 1761 conferens
432 1751 441 1769 ‚
463 1732 486 1756 »
506 1729 642 1777 quam
675 1711 836 1759 deinde
869 1711 1075 1776 explanat
1109 1722 1153 1758 et
1185 1710 1491 1758 accommodat
1519 1725 1669 1758 sacra-

190 1800 336 1838 mento
370 1789 638 1837 matrimonii
658 1790 773 1851 (82).

287 1865 466 1914 Alberto
503 1865 703 1914 succedit
736 1864 834 1913 eius
866 1864 1116 1930 discipulus
1150 1863 1513 1912 scholasticorum
1547 1862 1669 1926 prin·

194 1958 326 2005 ceps,
355 1959 394 1988 s.
416 1942 626 1989 Thomas.
648 1941 705 1988 Ut
727 1941 930 1988 eumdem
965 1941 1011 1987 in
1040 1957 1093 1989 eo
1124 1940 1322 1988 ordinem
1350 1948 1667 1995 consectemur,

193 2027 235 2064 et
260 2017 359 2081 ipse
392 2016 439 2062 in
475 2018 518 2062 4.
540 2018 660 2064 Sent.
686 2017 790 2065 dist.
818 2018 861 2063 2.
885 2034 931 2082 q.
968 2022 1010 2066 1.
1044 2027 1126 2064 art.
1165 2017 1208 2062 2.
1240 2014 1469 2062 constituit
1499 2024 1670 2079 septem

192 2109 292 2140 esse
317 2102 593 2140 sacramenta
607 2130 617 2148 ‚
650 2094 928 2158 excurritque
951 2110 1030 2158 per
1053 2092 1245 2155 singula.
1267 2091 1505 2138 Disserens
1522 2101 1670 2139 autem

191 2171 249 2218 de
265 2170 463 2217 efficacia
483 2180 856 2217 sacramentorum
874 2187 1012 2218 novae
1029 2170 1140 2233 legis
1157 2169 1203 2215 in
1215 2169 1319 2216 dist.
1333 2169 1355 2214 1
1369 2206 1378 2214 .
1393 2185 1439 2233 q.
1459 2170 1503 2215 1.
1522 2178 1603 2216 art.
1622 2168 1665 2214 4.

194 2247 349 2294 statuit
372 2258 647 2294 sacramenta
680 2247 792 2293 haec
822 2247 1012 2309 qratiam
1045 2263 1238 2301 causare,
1278 2262 1330 2293 ac
1364 2260 1444 2310 per
1475 2245 1559 2293 hoc
1591 2244 1674 2291 dif-

196 2323 309 2370 ferre
331 2340 357 2370 a
381 2322 666 2370 sacramentis
698 2323 858 2369 veteris
893 2321 1036 2385 legis,
1075 2338 1190 2387 quae
1222 2321 1337 2369 hanc
1370 2319 1672 2368 tantummodo

197 2398 459 2462 figurabant.
493 2398 697 2462 Applicat
727 2398 936 2463 deinceps
970 2398 1247 2446 matrimonio
1280 2398 1396 2445 hanc
1427 2395 1671 2444 doctrinam

200 2591 221 2622 d
292 2541 358 2579 (80)
374 2542 468 2573 Petra·
482 2539 667 2573 Lambardi
680 2542 781 2581 episc.
791 2542 972 2581 parisiens.
984 2542 1104 2573 senten
1110 2542 1244 2573 tiaram
1261 2538 1320 2571 cib.
1337 2540 1434 2570 1111.
1445 2540 1567 2571 Lovan.
1583 2541 1672 2572 1557.

224 2592 231 2600 ’
249 2593 275 2625 t.
340 2617 348 2624 .

224 2600 250 2624 ¹⁸
292 2597 359 2686 (285)
379 2646 466 2678 Inter
488 2646 611 2678 ceteros
632 2646 788 2678 Melchior
808 2646 917 2678 caum
939 2647 990 2677 Dc
1007 2647 1105 2678 Locis
1127 2644 1183 2676 lib.
1200 2643 1289 2676 vm.
1305 2650 1377 2684 cap.
1394 2642 1558 2676 V.scribit
1576 2656 1592 2670 ει
1605 2644 1670 2675 Ma-

199 2696 333 2736 gistrum
353 2699 387 2730 et
406 2698 595 2731 nui-andum
621 2707 688 2731 non
716 2698 819 2731 refero
841 2698 899 2739 qui
923 2698 958 2730 in
990 2698 1175 2730 universum
1201 2696 1398 2737 opinantur,
1427 2695 1671 2728 matrimonium

202 2748 337 2788 gratiam
357 2758 424 2782 non
440 2751 596 2784 conferre.
611 2763 626 2779 n
640 2753 688 2783 De
702 2750 857 2784 nutando
879 2752 1001 2792 postea.

299 2801 364 2841 (82)
385 2803 467 2843 opp.
484 2803 691 2843 ed.1,ugdun.
710 2807 799 2836 1651.
816 2805 895 2837 tom.
912 2805 997 2835 ΧΠ.
1016 2802 1125 2835 floruit
1139 2802 1247 2835 autem
1262 2801 1413 2835 Athen-tus
1429 2804 1472 2835 Μ.
1487 2810 1541 2834 an.
1567 2805 1655 2834 1265.
