1912 3180
380 179 469 210 cAr.
489 179 549 210 ιιι.
568 178 620 210 ns
644 177 817 210 mrmu.
841 176 991 210 fflvlus
1015 176 1135 209 tros.
1154 176 1254 209 Λιιτ.Δ
1272 176 1300 209 ι.
1505 160 1594 204 299

125 255 184 303 ita
210 274 258 303 se
290 256 440 320 inique
468 272 619 319 gerere
652 272 747 310 eos,
785 254 863 318 qui
898 254 990 301 illis
1027 254 1311 302 moderantur
1345 253 1515 317 regnis,
1554 254 1596 299 in

123 332 289 398 quibus
337 332 491 395 religio
536 331 754 378 catholica
784 368 793 385 ,
843 329 999 392 religio
1040 331 1172 379 unica
1211 342 1254 378 et
1287 330 1514 378 dominans
1547 347 1598 377 ex

124 410 218 472 lege
243 409 490 456 constituta
524 424 576 454 ac
609 406 832 473 declarata
866 417 947 453 est.
1576 453 1578 455 ‚

217 485 345 532 Certe
379 485 587 548 nuspiam
616 493 747 530 antea
772 482 1028 530 societatem
1063 484 1260 531 vidimus
1295 484 1407 531 adeo
1442 492 1600 530 nutan-

123 572 234 615 tem,
273 571 322 608 ut
356 570 499 607 aetate
533 560 619 606 hac
653 570 829 615 nostra,
859 576 911 607 ex
937 575 1026 622 quo
1051 559 1262 606 nimirum
1299 559 1599 623 perniciosum

120 637 342 685 eiusmodi
377 637 645 702 principium
682 636 885 701 irrepsit,
918 635 1246 700 impiorumque
1281 653 1331 684 ac
1368 652 1599 700 perverso-

123 719 220 761 rum
256 714 536 778 politicorum
580 724 753 761 mentes
794 711 1044 776 occupavit.
1083 712 1336 776 Numquam
1371 713 1484 760 adeo
1517 712 1598 760 fre-

122 802 310 855 quentes
341 790 496 838 civiles
522 802 668 838 motus
693 807 746 837 ac
770 788 1100 853 perduelliones
1125 788 1294 852 experti
1324 806 1497 836 sumus.
1519 789 1602 836 Ve-

119 882 232 915 rum·
253 879 296 915 et
328 868 401 915 his
438 868 649 933 sepositis
672 906 682 924 ,
721 877 924 932 reputent
957 865 1077 931 apud
1103 874 1161 913 'se
1196 865 1561 930 pseudo—politici
1587 903 1597 920 ,

121 947 242 1011 quod
265 947 385 994 Deus
410 945 654 1010 aliqua-ndo
688 945 965 992 iudicaturus
990 943 1050 992 sit
1071 943 1212 991 civem
1237 960 1289 991 ac
1313 942 1596 1006 religiosum,

120 1022 349 1087 principes
369 1039 423 1070 ac
442 1021 673 1077 subditos,
696 1020 886 1086 populos
912 1038 964 1068 ac
987 1019 1322 1084 legumlatores,
1345 1018 1422 1084 qui
1441 1035 1600 1083 quam-

120 1098 314 1162 primum
350 1098 567 1145 rationem
603 1097 788 1144 reddent
819 1097 882 1153 ei,
922 1096 999 1160 qui
1035 1096 1320 1143 iudicaturus
1347 1106 1416 1143 est
1448 1094 1600 1143 orbem

123 1185 267 1222 terrae
300 1175 346 1221 in
381 1175 620 1239 aequitate.
660 1174 814 1221 Dicam
847 1184 891 1220 et
923 1173 1049 1229 istis,
1089 1173 1209 1237 quod
1244 1171 1449 1237 quamvis
1484 1188 1602 1218 nunc

123 1251 191 1298 clii
224 1252 337 1298 inter
370 1250 576 1299 homines
609 1250 817 1297 dicantur
839 1248 896 1297 ob
927 1249 1354 1313 supereminentiam
1378 1265 1432 1295 ac
1455 1247 1605 1311 digni-

126 1337 258 1373 tatem
295 1343 385 1391 qua
419 1326 611 1390 pollent,
652 1337 696 1373 et
730 1325 1016 1388 magistratus
1052 1341 1166 1389 quos
1200 1335 1428 1372 exercent:
1472 1343 1495 1369 «
1522 1324 1603 1371 Ve—

127 1412 374 1450 rumtamen
403 1420 483 1450 vos
518 1419 672 1449 omnes
709 1402 826 1449 sicut
860 1401 1064 1449 homines
1098 1401 1375 1458 moriemini,
1403 1411 1446 1449 et
1469 1401 1598 1465 quasi

126 1494 241 1525 unus
275 1478 331 1525 de
366 1478 642 1542 principibus
678 1477 847 1525 cadetis
873 1480 992 1540 (6).»

671 1606 948 1644 ARTICULUS
975 1607 1023 1642 lt.

153 1705 351 1753 Quotquot
376 1704 582 1743 deliberate
610 1715 656 1743 ac
685 1706 845 1754 positive
872 1705 922 1743 ad
949 1705 1072 1755 legem
1100 1705 1148 1743 de
1176 1705 1426 1744 Matrimonia
1454 1704 1562 1748 civili

247 1769 471 1808 ⁴¹ferendam
500 1773 761 1819 concurrunt,¹
787 1780 870 1808 reos
896 1780 1028 1808 coram
1056 1768 1135 1813 Deo
1163 1781 1205 1809 se
1232 1770 1452 1820 gravissimi

539 1829 542 1833 ’
626 1835 799 1872 criminis
827 1835 1082 1873 constituunt.

221 1938 447 2003 Complexi
477 1938 548 1985 his
575 1937 725 1986 verbis
755 1955 911 1986 sumus
946 1954 1023 1986 eos
1058 1955 1229 1994 omnes,
1257 1938 1334 2002 qui
1360 1936 1602 2001 prudentes

124 2015 406 2079 scientesque
448 2032 629 2079 operam
674 2024 844 2078 ponunt
879 2014 936 2061 ad
969 2013 1283 2071 efficiendum,
1322 2024 1372 2061 ut
1404 2014 1474 2061 lex
1496 2052 1507 2071 ,
1546 2014 1601 2060 de

123 2108 215 2155 qua
250 2090 502 2155 loquimur,
541 2100 835 2155 proponatur,
876 2090 1097 2145 foveatur,
1138 2088 1390 2145 sanciatur,
1419 2089 1602 2154 potissi-

124 2184 246 2213 mum
264 2166 340 2213 ubi
362 2166 648 2214 tridentinum
667 2167 894 2213 decretum
914 2166 1188 2230 publicatum
1209 2176 1291 2213 est.
1312 2165 1599 2213 Potissimum

126 2243 336 2307 inquam;
373 2261 476 2290 nam
502 2243 547 2289 in
578 2243 679 2290 aliis
715 2243 847 2290 etiam
877 2243 1135 2306 regionibus
1154 2281 1164 2299 ,
1193 2242 1295 2290 licet
1318 2242 1601 2289 matrimonia

122 2337 242 2368 mere
276 2319 425 2368 civilia
460 2321 549 2367 sint
582 2319 758 2376 valida,
794 2319 864 2367 lex
888 2330 1036 2367 tamen
1071 2319 1214 2367 civilis
1239 2318 1295 2366 ad
1320 2336 1376 2366 ea
1392 2318 1599 2367 >alliciens

125 2414 303 2462 semper
336 2407 456 2444 esset
488 2396 710 2444 contraria
745 2396 919 2460 legibus
947 2395 1188 2453 ecclesiae,
1218 2396 1303 2444 hoc
1325 2406 1394 2443 est
1416 2396 1600 2461 antiquo

127 2474 244 2529 iuri,
275 2474 396 2539 quod
422 2473 528 2521 talia
551 2473 833 2521 matrimonia
867 2473 948 2521 etsi
986 2490 1073 2520 non
1109 2473 1284 2529 irritat,
1323 2483 1469 2519 tamen
1504 2490 1600 2536 gra-

124 2550 309 2598 vissime
345 2550 567 2616 prohibet.
604 2552 753 2599 Potest
793 2560 939 2597 autem
977 2550 1204 2614 quispiam
1239 2549 1463 2614 particeps
1494 2566 1598 2598 .esse

123 2626 370 2675 voluntarie
403 2627 593 2676 consilio
610 2638 655 2675 et
672 2627 1007 2683 adhortatione,
1037 2627 1083 2673 in
1107 2625 1300 2691 publicis
1336 2627 1596 2691 praesertim

124 2702 316 2754 comitiis
342 2721 421 2751 seu
446 2704 759 2758 conventibus,
788 2704 927 2751 multo
949 2720 1054 2751 vero
1077 2703 1222 2767 magis
1258 2703 1443 2752 solemni
1479 2703 1598 2766 lega—

223 2803 267 2843 (6)
288 2804 337 2835 Ps.
355 2808 421 2844 81„
435 2807 465 2837 7.
