1918 3186
270 219 359 265 210
530 235 609 265 un.
639 234 668 264 1.
699 232 813 264 sacr.
842 232 1015 264 ALTERA.
1044 232 1096 264 na
1131 232 1305 266 numu.
1334 233 1475 266 cxvlu.

266 312 409 359 debet.
440 312 572 358 Porro
597 319 744 374 patres
769 309 966 356 unanimi
994 310 1289 357 consensione
1314 321 1539 375 tamquam
1574 313 1740 376 princi-

266 387 387 451 pium
424 386 509 433 sibi
538 396 772 433 assumunt
795 386 840 431 in
859 386 1065 434 conflictu
1088 386 1198 449 legis
1223 386 1461 444 humanae,
1491 405 1572 435 seu
1594 389 1740 437 civilis

266 479 364 509 cum
390 461 486 524 lege
509 461 681 517 divina,
711 460 877 508 nullam
901 479 1082 526 prorsus
1111 462 1323 510 rationem
1347 462 1463 526 legis
1486 463 1737 512 habendam

265 540 389 592 esse,
419 537 496 583 ubi
521 536 586 583 illi
611 537 872 585 adversetur
904 537 1184 595 lex-divina,
1223 549 1299 586 aut
1331 539 1464 586 etiam
1499 541 1735 598 canonica;

265 622 398 675 atque
416 611 555 675 legem
581 612 838 669 humanam,
868 630 946 659 seu
972 612 1166 668 civilem,
1195 630 1222 660 a
1245 631 1527 680 quacumque
1559 616 1738 663 demum

263 688 523 736 auctoritate
545 689 860 745 dimanaverit,
884 706 1125 753 numquam
1150 706 1283 753 posse
1310 690 1599 739 cohonestare
1622 710 1740 757 quae

263 781 289 811 a
323 764 474 812 divina
508 765 604 829 lege
638 776 861 830 tamquam
898 764 1134 812 inhonesta
1157 782 1210 812 ac
1243 766 1391 830 turpia
1425 767 1733 831 reprobantur.

262 840 551 905 Applicarunt
584 853 729 890 autem
764 841 968 905 generale
990 841 1076 889 hoc
1103 841 1370 906 principium
1397 843 1453 889 ad
1478 843 1542 901 id,
1569 844 1626 891 de
1648 862 1737 909 quo

262 929 367 966 tunc
410 919 621 984 temporis
672 918 886 981 agebatur
912 956 923 974 ,
965 935 1124 983 nempe
1168 919 1225 965 ad
1269 918 1507 967 divortium
1552 921 1737 968 strictim

262 1006 515 1060 sumptum,
546 1013 626 1042 seu
650 994 796 1059 quoad
829 994 1055 1042 vinculum
1068 1032 1081 1051 „
1111 994 1231 1060 quod
1257 994 1360 1042 licet
1383 995 1502 1043 civili
1520 995 1617 1060 lege
1634 1014 1738 1044 san-

262 1071 448 1128 ciretur,
471 1090 498 1118 a
516 1072 612 1135 lege
640 1082 786 1119 tamen
820 1071 973 1119 divina
1005 1071 1188 1119 vetitum
1207 1083 1316 1119 erat.
1344 1073 1433 1120 Nos
1450 1090 1554 1121 vero
1572 1073 1740 1121 utimur

261 1147 416 1193 eodem
442 1147 659 1211 principio
683 1146 925 1194 universim
944 1164 971 1194 a
989 1146 1187 1211 patribus
1211 1147 1357 1211 posito
1372 1185 1382 1204 ,
1410 1147 1610 1212 illudque
1632 1166 1738 1196 con-

260 1222 471 1270 vertimus
505 1223 561 1270 ad
596 1222 902 1288 quaestionem
936 1232 1132 1270 nostram
1165 1223 1220 1270 de
1250 1223 1468 1287 coniugiis
1503 1224 1732 1282 civilibus,

260 1315 376 1363 quae
409 1298 613 1363 quamvis
637 1298 784 1362 alege
817 1297 1014 1346 humana
1045 1298 1322 1355 sanciantur,
1361 1299 1550 1364 spectari
1590 1309 1735 1347 tamen

260 1373 424 1422 debent
454 1375 518 1422 uti
547 1374 746 1422 exitiales
779 1385 823 1421 et
857 1384 1008 1440 turpes
1043 1375 1398 1431 coniunctiones,
1435 1386 1587 1440 utpote
1619 1393 1736 1440 quae

260 1467 286 1496 a
320 1450 471 1498 divina
506 1450 603 1514 lege
634 1468 687 1498 ex
721 1449 939 1498 catholica
971 1451 1170 1498 doctrina
1203 1450 1508 1515 reprobentur.

356 1525 485 1581 Quod
520 1526 558 1573 si
592 1526 655 1573 nil
688 1526 810 1573 aliud
844 1537 914 1573 est
944 1527 1272 1574 matrimonium
1298 1564 1308 1583 ,
1347 1527 1467 1591 quod
1506 1526 1636 1575 civile
1669 1527 1738 1574 di·-

259 1602 388 1659 citur,
417 1619 553 1667 quam
577 1603 719 1667 turpis
744 1602 1064 1650 concubinatus
1090 1602 1259 1665 legalis,
1290 1620 1474 1650 necesse
1497 1613 1566 1651 est
1590 1603 1738 1651 dicere

258 1694 345 1724 non
378 1677 510 1725 modo
543 1677 666 1725 nulla
698 1677 940 1742 aliquando
984 1677 1154 1724 ratione
1197 1676 1442 1740 legitimum
1481 1687 1616 1742 atque
1655 1678 1737 1726 ho—

259 1764 432 1801 nestum
456 1754 573 1802 effici
605 1772 741 1819 posse
772 1754 931 1819 quavis
964 1754 1077 1818 legis
1113 1754 1355 1811 sanctione,
1383 1765 1461 1801 aut
1482 1754 1633 1819 potius
1656 1755 1737 1803 ob-

259 1841 379 1878 tentu
394 1868 404 1887 ,
429 1831 507 1878 sed
532 1842 759 1896 praeterea
783 1841 999 1896 quotquot
1021 1830 1239 1878 eiusmodi
1265 1830 1489 1877 connubia
1512 1830 1736 1878 celebrant

259 1924 356 1955 reos
375 1925 425 1955 se
441 1909 706 1956 constituere
740 1907 993 1971 gravissimi
1023 1906 1223 1954 criminis
1249 1923 1395 1954 coram
1418 1907 1510 1954 Deo
1528 1917 1572 1954 et
1587 1923 1734 1954 coram

256 1983 470 2040 ecclesia;
491 1994 626 2049 atque
649 1983 687 2032 si
714 1984 776 2031 ita
799 1983 843 2030 in
869 1983 1029 2031 iisdem
1053 1983 1240 2030 nexibus
1265 1993 1567 2047 perseverent,
1590 1983 1636 2029 in
1656 1983 1735 2030 ha-

257 2059 416 2107 bituali
446 2061 629 2126 peccato
661 2061 843 2124 degere,
881 2070 1017 2125 atque
1039 2059 1085 2107 in
1109 2059 1275 2107 aeterni
1300 2059 1422 2106 exitii
1446 2058 1728 2115 discrimine,

257 2136 375 2201 quod
405 2147 522 2184 certo
546 2137 794 2193 incurrent,
823 2136 910 2184 nisi
935 2154 1011 2184 eos
1035 2146 1137 2184 ante
1159 2146 1343 2183 mortem
1366 2135 1501 2183 huius
1524 2134 1734 2182 facinoris

256 2212 493 2277 poeniteat,
530 2230 582 2260 ac
616 2212 897 2277 resipiscant.

351 2289 510 2336 Verum
538 2305 621 2336 nec
652 2288 761 2335 illud
797 2288 1087 2336 omittendum
1121 2287 1220 2335 sine
1253 2285 1638 2334 animadversione
1665 2295 1734 2332 est

257 2364 657 2430 pseudo-politicos
692 2365 883 2428 graviter
914 2364 1098 2412 vocibus
1131 2363 1253 2411 abuti
1279 2362 1335 2410 ad
1366 2360 1579 2426 populum
1613 2360 1734 2408 deci-

258 2440 470 2504 piendum
488 2441 619 2506 eique
642 2441 851 2496 illudere,
874 2439 982 2486 dum
1005 2440 1148 2503 legem
1172 2447 1425 2504 proponunt
1447 2435 1731 2484 sanciendam

257 2516 341 2562 sub
365 2517 566 2582 specioso
584 2517 851 2564 matrimonii
871 2515 1014 2562 civilis
1033 2514 1174 2563 titulo.
1197 2514 1306 2561 Cum
1326 2512 1444 2560 enim
1462 2513 1508 2558 in
1527 2511 1733 2575 pactione

258 2590 333 2637 illa
357 2592 493 2649 civili,
517 2610 597 2640 seu
622 2603 789 2641 tantum
816 2608 963 2640 coram
992 2589 1173 2656 politico
1205 2589 1467 2652 magistratu
1484 2587 1610 2644 inita,
1633 2587 1732 2634 nul-

257 2666 347 2711 lum
383 2667 644 2716 interveniat
676 2666 1030 2723 matrimonium,
1072 2664 1153 2713 sed
1183 2663 1315 2712 unice
1348 2674 1525 2728 pactum
1559 2663 1616 2710 de
1642 2662 1732 2710 vita

257 2741 494 2790 fornicaria
518 2743 745 2801 ducenda,
775 2744 926 2809 inique
959 2758 1142 2808 prorsus
1166 2741 1436 2788 matrimonii
1458 2739 1637 2787 nomine
1661 2738 1729 2785 in-

258 2817 460 2880 signitur.
484 2819 671 2869 Deberet
703 2819 889 2885 proinde
914 2816 1132 2867 eiusmodi
1166 2815 1235 2865 lex
1269 2814 1451 2864 inscribi
1487 2814 1545 2863 de
1577 2831 1728 2862 concu—
