1912 3180
212 183 302 214 CAP.
323 184 379 215 1v.
398 183 450 214 nn
474 182 630 216 Ancum.
656 183 732 216 rno
756 183 860 216 incr
884 183 936 215 ni:
960 183 1085 216 mun.
1103 182 1186 215 mv.
1209 183 1301 216 Anr.
1325 184 1338 215 1
1461 170 1551 215 345

83 280 164 310 ceu
209 262 401 310 fructum
436 262 738 326 exquisitioris
780 261 1068 309 humanitatis
1105 261 1240 309 huius
1274 262 1371 310 aevi
1406 261 1553 327 plenis

83 340 236 388 buccis
273 339 568 404 proclamare,
597 355 744 386 nonne
767 338 847 385 tibi
873 338 919 384 in
945 349 1135 386 mentem
1170 338 1291 386 subit
1324 338 1551 388 oraculum

82 417 247 464 Christi
272 416 449 463 Domini
479 415 720 463 Salvatoris
749 414 918 461 nostri:
947 415 1159 463 Attendite
1177 434 1205 463 a
1223 416 1429 480 fermento
1442 416 1556 480 pha-

79 495 317 540 risaeorum
349 492 463 556 quod
496 501 558 539 est
593 491 871 556 hypocrisis?

174 568 386 614 Secundo.
426 568 481 615 At
513 568 728 633 quidnam
762 566 1017 614 istiusmodi
1052 568 1257 616 homines
1292 569 1555 633 significant

79 645 163 693 sub
187 645 406 693 libertatis
431 645 732 693 conscientiae
757 643 942 709 phrasi?
962 643 1160 692 Profecto
1179 662 1266 693 non
1286 644 1410 693 aliud
1434 647 1555 711 apud

79 739 156 770 eos
191 722 276 771 hoc
311 723 491 771 nomine
525 722 828 786 significatur,
867 738 1001 787 quam
1036 721 1156 786 quod
1191 721 1405 770 haeretici
1453 740 1555 789 pro-

80 810 320 856 testantes,
360 817 548 865 quorum
582 799 744 864 spiritu
778 815 830 846 ac
865 797 1097 864 principiis
1134 810 1373 861 reguntur;
1417 817 1554 864 quam

79 876 199 940 quod
217 875 377 924 abiecti
397 876 614 924 increduli
644 876 825 923 infimae
851 875 1037 932 classis,
1065 875 1237 924 scilicet
1258 875 1549 933 voltaeriani;

81 970 216 1016 quam
247 952 366 1017 quod
403 951 705 1000 rationalistae
730 951 937 1016 vulgares
957 990 967 1009 ‚
996 951 1102 999 dum
1131 962 1175 999 et
1201 951 1289 1017 ipsi
1315 951 1400 999 has
1422 968 1556 1000 voces

80 1039 323 1093 usurpant,
353 1028 606 1092 designant.
633 1029 866 1077 Eiusmodi
891 1038 1037 1076 autem
1062 1027 1331 1092 significatio
1348 1028 1555 1076 bifariam

77 1105 315 1161 dividitur,
357 1104 528 1152 scilicet
563 1105 607 1151 in
643 1105 919 1168 negativam,
948 1105 1061 1152 etin
1089 1104 1352 1170 positivam3
1388 1116 1556 1154 utram-

78 1199 165 1245 que
198 1181 462 1245 singillatim
498 1182 803 1246 expendamus
835 1191 1023 1246 oportet.

175 1259 224 1304 ln
261 1276 399 1306 sensu
433 1258 638 1322 negativo
670 1258 819 1306 verbis
856 1258 1068 1305 libertatis
1103 1259 1383 1305 conscientiae
1417 1257 1555 1320 signi-

78 1335 237 1391 ficant,
261 1352 309 1382 se
329 1335 552 1382 neminem
582 1335 674 1399 pati
702 1334 842 1392 velle,
876 1335 952 1400 qui
990 1334 1075 1382 sibi
1110 1335 1390 1390 adversetur,
1419 1333 1555 1381 adeo-

78 1429 165 1475 que
200 1410 420 1458 libertatis
455 1412 634 1459 nomine
662 1411 870 1459 serendos
904 1429 1003 1460 esse
1038 1421 1200 1475 negant
1233 1428 1338 1468 eos,
1366 1411 1442 1475 qui
1479 1421 1556 1466 aut

76 1488 209 1536 dictis
240 1499 316 1536 aut
344 1488 473 1536 factis
508 1498 733 1536 sectantur
766 1489 989 1553 principia
1023 1489 1205 1537 omnino
1235 1487 1441 1554 opposita
1474 1487 1550 1543 iis,

76 1582 192 1629 quae
219 1565 292 1612 isti
330 1564 547 1612 libertatis
582 1575 827 1614 assertores
863 1565 1140 1630 profitentur.
1180 1565 1272 1613 Hos
1306 1574 1467 1613 vocant
1498 1563 1554 1611 li-

76 1641 259 1689 bertatis
295 1642 526 1698 inimicos,
571 1659 737 1706 eosque
770 1641 945 1689 excludi
979 1641 1135 1689 volunt
1167 1660 1193 1689 a
1227 1641 1419 1707 publicis
1454 1641 1553 1688 offi-

77 1718 191 1774 ciis,
231 1735 257 1765 a
289 1718 546 1781 magisterio
578 1728 622 1765 et
653 1718 930 1766 institutione
970 1719 1210 1766 iuventutis
1255 1719 1302 1764 in
1346 1717 1505 1765 litteris
1538 1755 1547 1773 ,

80 1794 210 1841 bonis
257 1794 427 1842 artibus
462 1811 514 1842 ac
548 1794 788 1858 religione;
829 1795 1003 1842 excludi
1038 1813 1114 1843 eos
1149 1794 1302 1843 volunt
1334 1811 1360 1841 a
1394 1794 1554 1858 quovis

78 1869 368 1932 magistratu:
418 1871 703 1935 potissimum
742 1888 845 1918 vero
879 1865 1108 1919 exclusum
1140 1870 1293 1919 volunt
1334 1870 1550 1917 inssuxum

79 1945 309 2010 utriusque
327 1946 433 1993 cleri
458 1946 503 1992 in
533 1946 685 2011 populi
713 1964 858 1994 mores
875 1984 885 2003 ,
916 1946 1200 2010 disciplinam
1231 1956 1365 2010 atque
1394 1945 1555 1992 instru-

81 2022 270 2069 ctionem
287 2059 297 2077 ‚
327 2031 375 2069 ut
408 2022 535 2069 liberi
555 2022 640 2088 ipsi
660 2022 840 2070 omnino
859 2022 971 2078 sint,
993 2021 1128 2070 veluti
1146 2039 1173 2068 a
1192 2021 1380 2086 spectris
1397 2058 1407 2077 ,
1439 2038 1555 2086 quae

79 2098 336 2162 perturbare
370 2116 447 2147 eos
479 2099 791 2164 quoquomodo
836 2109 1048 2164 possent,
1099 2099 1319 2163 taciteque
1364 2115 1549 2161 arguere

77 2184 120 2221 et
153 2175 555 2232 commonefacere,
593 2186 641 2222 ut
674 2193 724 2223 se
758 2175 1104 2223 avertantaviis
1125 2175 1359 2239 pessimis,
1388 2174 1552 2239 quibus

77 2251 283 2299 incedere
316 2251 496 2300 vellent.
539 2253 692 2316 Itaque
725 2251 944 2299 libertatis
980 2251 1279 2299 conscientiae
1313 2251 1441 2298 titulo
1478 2267 1555 2297 ne-

77 2327 240 2374 minem
277 2328 365 2376 sibi
401 2328 555 2377 volunt
597 2327 757 2384 verbo,
796 2338 871 2375 aut
907 2345 954 2375 re
987 2328 1289 2375 contradicere
1310 2366 1320 2384 ,
1361 2327 1554 2392 ideoque

76 2403 206 2451 bonis
240 2403 449 2451 omnibus
484 2421 587 2451 acre
620 2403 785 2451 bellum
820 2403 1036 2451 indicunt.
1078 2404 1231 2468 Neque
1269 2403 1355 2450 hoc
1389 2420 1552 2451 novum

77 2489 172 2535 est;
212 2480 324 2528 tales
359 2490 484 2527 erant
517 2479 693 2527 duobus
729 2490 807 2527 aut
840 2489 905 2526 ter
939 2479 1062 2526 mille
1080 2479 1136 2526 ab
1154 2479 1261 2526 hinc
1287 2479 1445 2535 annis,
1474 2480 1552 2544 qui

79 2555 248 2603 iamdiu
290 2556 408 2603 hanc
452 2555 655 2603 eamdem
700 2555 950 2604 libertatem
987 2555 1285 2603 conscientiae
1325 2565 1555 2603 consecta-

79 2631 264 2679 bantur:
302 2652 325 2678 «
346 2633 632 2689 Considerat‚
672 2632 819 2680 aiebat
850 2632 1019 2689 David,
1052 2642 1257 2697 peccator
1292 2632 1481 2690 iustum,
1512 2644 1555 2679 et

76 2708 252 2770 quaerit
283 2709 548 2757 mortificare
583 2726 682 2757 eum
722 2710 873 2772 (13).»
895 2707 1110 2756 Dixerunt
1142 2708 1363 2774 (impii),
1402 2708 1554 2757 subdit

166 2807 230 2848 (ιε)
254 2809 304 2841 ps.
320 2811 463 2843 xxxw.
484 2815 538 2844 32.
