1912 3180
316 169 404 213 406
576 181 655 212 un.
686 181 714 210 1.
745 179 858 211 sacr.
888 179 1058 210 Arrana.
1082 181 1132 211 nr:
1158 181 1330 212 mrum.
1350 181 1489 213 cmm.

312 270 407 315 tae,
444 256 626 321 perinde
660 271 712 302 ac
748 255 1125 320 subsequentibus
1165 257 1417 314 aetatibus;
1456 260 1495 306 si
1530 260 1640 308 forte
1673 273 1781 312 tem-

312 351 419 399 pora
460 332 625 396 quibus
660 343 900 394 regnarunt
932 331 1287 396 Carolovingiani
1333 335 1622 399 imperatores
1662 340 1780 386 exci-

311 411 488 474 piantur
510 410 625 470 (88).
1762 463 1766 466 ,

408 485 699 549 Imperatores
741 485 912 531 romani
958 495 1058 549 post
1097 485 1435 533 Constantinum
1458 525 1467 543 ,
1506 488 1632 536 addit
1664 489 1784 538 alius

312 572 489 617 orator,
529 578 580 608 ac
622 561 897 608 Iustinianus
934 561 1031 626 ipse
1066 561 1271 625 quamvis
1308 563 1487 627 saepius
1532 563 1782 630 theologum

313 654 442 702 agere
476 636 687 693 voluerit,
733 655 979 702 numquam
1015 646 1162 683 tamen
1194 637 1535 686 celebrationem
1569 640 1680 688 ritus
1715 658 1784 688 re-

277 772 285 783 ·
310 714 459 778 ligiosi
489 723 538 761 ut
561 713 859 761 conditionem
893 712 1038 760 civilis
1068 713 1338 761 matrimonii
1372 716 1672 764 accesserim
1696 727 1785 764 aa·

312 800 502 839 tuerunt.
537 790 768 838 Eiusmodi
799 790 1042 837 necessitas
1069 790 1251 838 inducta
1279 791 1361 839 fuit
1384 809 1410 839 a
1439 792 1597 840 Carolo
1624 793 1681 839 M.
1706 810 1786 842 nec

313 868 413 917 sine
447 867 810 931 exceptionibus,
850 866 998 930 iisque
1032 884 1120 914 non
1156 867 1335 931 paucis,
1365 878 1414 915 ut
1442 878 1562 932 patet
1594 886 1649 916 ex
1682 886 1787 917 con—

313 943 448 1007 iugiis
477 943 783 991 clandestinis.
806 941 978 989 Deinde
1004 943 1239 990 concilium
1265 944 1555 991 tridentinum
1580 961 1670 992 non
1692 945 1788 1010 qui-

313 1020 414 1073 dem
444 1019 692 1083 dogmatica
714 1018 997 1075 definitione,
1029 1019 1108 1066 sed
1139 1037 1218 1085 per
1243 1021 1423 1069 modum
1458 1021 1785 1069 reformationis

316 1095 558 1144 solemnem
592 1095 861 1142 matrimonii
896 1095 1029 1142 ritum
1063 1096 1316 1154 constituit,
1355 1115 1406 1145 ac
1440 1097 1655 1161 gubernia
1689 1114 1785 1144 eam

315 1171 456 1234 legem
491 1170 773 1235 adoptarunt.
802 1170 922 1218 Haec
957 1181 1025 1218 est
1058 1172 1252 1235 genuina
1285 1172 1489 1220 historia.

411 1248 514 1295 Post
537 1247 686 1311 ipsum
715 1246 1003 1294 tridentinum
1030 1247 1267 1295 concilium
1299 1266 1481 1296 romana
1507 1250 1633 1296 curia
1659 1266 1787 1296 num-

315 1340 448 1389 quam
493 1322 699 1386 gallicam
746 1321 889 1385 legem
931 1322 987 1369 de
1028 1324 1310 1371 matrimonio
1344 1324 1463 1371 civili
1510 1324 1790 1385 anticatholi—

313 1415 410 1446 cam
444 1397 699 1445 declaravit.
730 1398 970 1462 Postquam
1005 1399 1201 1462 organici
1232 1400 1405 1447 articuli
1440 1400 1548 1448 editi
1583 1400 1783 1457 suerunt,

314 1485 467 1523 sancta
501 1474 630 1522 sedes
666 1474 885 1538 quasdam
911 1474 1016 1521 fecit
1038 1475 1414 1539 expostulationes
1432 1515 1442 1533 ,
1471 1486 1516 1524 at
1539 1476 1653 1523 nihil
1680 1476 1790 1524 dixit

313 1551 494 1598 omnino
533 1550 589 1598 de
633 1550 912 1598 matrimonio
953 1550 1107 1607 civili,
1158 1551 1236 1599 sed
1283 1552 1339 1599 de
1384 1552 1574 1600 divortio
1618 1562 1787 1599 tantum

314 1636 558 1692 conquesta
597 1637 679 1673 est.
717 1625 844 1674 Anno
886 1628 1028 1673 1817.
1069 1637 1221 1674 sancta
1265 1627 1394 1674 sedes
1441 1627 1529 1675 alia
1568 1627 1787 1692 quaedam

314 1702 431 1750 circa
463 1702 824 1758 conventionem,
864 1720 998 1766 quam
1032 1713 1208 1759 vocant,
1248 1715 1380 1768 atque
1414 1704 1647 1766 organicos
1681 1704 1787 1751 arti·

313 1777 436 1826 culos
471 1778 734 1843 proposuit,
776 1778 854 1825 sed
890 1778 1047 1825 iterum
1084 1779 1205 1825 siluit
1234 1780 1289 1826 de
1323 1780 1604 1827 matrimonio
1647 1779 1782 1827 civili.

314 1853 516 1901 Attamen
557 1863 661 1900 tunc
704 1853 914 1918 temporis
950 1864 1050 1917 post
1084 1854 1173 1901 fata
1214 1872 1287 1901 an.
1326 1856 1468 1902 1814.
1516 1855 1670 1918 religio
1715 1873 1788 1902 ca—

320 1929 478 1977 tholica
510 1940 735 1994 tamquam
767 1940 908 1976 status
935 1930 1090 1993 religio
1110 1930 1358 1978 habebatur
1379 1933 1495 1994 (89).

411 2006 553 2071 Atque
587 2006 642 2052 ad
679 2005 863 2052 Galliam
899 2006 1080 2070 quidem
1105 2045 1114 2063 ,
1148 2007 1266 2071 quod
1303 2008 1489 2064 attinet,
1527 2009 1566 2055 si
1600 2007 1696 2055 eius
1725 2007 1789 2054 hi-

315 2083 451 2130 storia
490 2092 632 2130 aetate
667 2083 767 2147 ipsa
797 2082 1022 2129 tridentini
1051 2083 1341 2148 inspiciatur,
1378 2084 1518 2131 Gallia
1546 2102 1787 2149 numquam

316 2158 602 2223 disciplinam
637 2158 865 2205 tridentini
890 2158 1065 2206 concilii
1091 2160 1274 2223 accepit.
1296 2159 1441 2206 Voluit
1461 2161 1641 2225 quidem
1660 2177 1786 2208 suam

316 2252 416 2283 esse
449 2235 633 2283 sormam
667 2235 934 2283 matrimonii
954 2236 998 2281 in
1017 2236 1206 2283 concilio
1233 2247 1463 2293 statutam,
1488 2254 1541 2284 eo
1558 2236 1629 2284 vel
1649 2237 1788 2284 maxi-

315 2328 413 2368 me,
452 2311 571 2376 quod
603 2311 842 2358 cardinalis
878 2312 1189 2375 Lotharingius
1235 2313 1357 2360 illam
1386 2331 1412 2360 a
1444 2312 1631 2361 concilio
1664 2312 1788 2359 effla-

318 2386 544 2449 gitaverit,
589 2388 670 2435 sed
716 2405 813 2434 eam
855 2388 1150 2453 promulgavit
1182 2399 1231 2436 ut
1262 2389 1404 2452 legem
1437 2388 1617 2437 omnino
1659 2406 1785 2436 suam

318 2464 552 2511 occasione
585 2475 827 2512 conventus
861 2464 1105 2522 blesensis,
1145 2465 1253 2530 quin
1287 2465 1424 2513 ullam
1460 2464 1635 2513 concilii
1670 2482 1787 2512 men-

317 2539 480 2587 tionem
514 2540 804 2588 iniiceret.1n
835 2541 933 2606 ipso
967 2557 1102 2605 regno
1137 2541 1376 2606 subalpino
1401 2542 1445 2588 in
1475 2540 1663 2589 Pineroli
1684 2558 1786 2605 pro-

318 2615 465 2663 vincia
499 2616 740 2682 disciplina
773 2616 1002 2664 tridentini
1019 2634 1107 2665 non
1127 2617 1209 2665 fuit
1229 2628 1425 2683 recepta:
1467 2617 1573 2664 alibi
1610 2629 1785 2682 recepta

414 2739 480 2778 (88)
501 2741 626 2772 senato
645 2740 703 2773 del
723 2748 838 2781 rayno.
859 2745 908 2773 16.
924 2740 1069 2773 Dicemb.
1089 2745 1178 2773 1852.

416 2791 480 2829 (89)
503 2793 627 2822 senato
643 2790 700 2823 del
719 2800 834 2831 regno.
854 2796 900 2825 16.
915 2791 1061 2824 Dicemb.
