1912 3180
362 231 452 262 cn.
478 232 522 262 n.
547 232 597 262 ni:
622 232 745 263 una.
764 219 847 263 civ.
872 234 981 264 ome.
1008 234 1056 264 m·
1082 234 1227 265 paona.
1256 234 1348 264 Aur.
1379 235 1407 264 1.
1539 218 1621 263 261

168 308 313 363 Quare
348 326 434 356 non
471 320 705 373 potuerunt
740 311 785 355 in
825 309 1081 372 religionem
1121 311 1411 358 christianam
1436 327 1533 357 eam
1569 328 1635 357 se-

165 383 439 447 parationem
476 384 708 437 inducere,
742 401 875 447 quam
916 384 1138 431 exclusam
1177 396 1388 432 noverant
1422 386 1478 432 ab
1519 386 1631 450 ipsis

165 459 357 506 ethnicis
375 497 385 515 ,
415 459 494 505 sed
519 459 667 522 potius
692 459 986 505 arctissimam
1016 462 1371 509 coniunctionem
1402 462 1629 516 fovebant,

163 535 468 598 urgebantque
502 553 634 598 quam
670 535 876 581 maxime.
916 536 1054 582 Tanto
1090 549 1234 584 autem
1271 539 1412 601 magis
1448 538 1494 584 id
1528 555 1634 585 con-

164 627 323 672 gruum
359 610 603 667 videbitur,
642 612 758 676 quod
794 629 890 657 eam
927 612 1116 676 professi
1153 614 1314 660 fuerint
1346 614 1630 676 religionem,

163 702 277 750 quae
295 686 634 749 praedicabatur
648 687 714 733 uti
732 687 882 733 anima
901 704 979 733 seu
1002 687 1095 733 vita
1118 689 1367 743 societatis⁷
1388 698 1634 753 receptum-

162 779 251 826 que
286 772 381 808 erat
412 762 618 817 effatum,
648 779 748 808 esse
779 761 1036 824 religionem
1069 762 1384 818 christianam,
1418 763 1551 810 relate
1575 763 1636 810 ad·

164 848 326 885 statum
346 876 356 893 ‚
391 838 511 902 quod
546 849 613 885 est
647 839 796 884 anima
831 838 964 885 relate
997 838 1053 885 ad
1088 855 1275 903 corpus,
1313 840 1430 903 quod
1461 839 1537 891 illa
1571 840 1635 886 in-

163 914 320 961 format
353 925 395 961 et
427 914 620 961 vivificat
643 915 726 975 (4).

258 989 388 1045 Quod
415 990 453 1036 si
488 1000 606 1036 arcto
640 989 751 1036 adeo
787 1008 901 1037 nexu
934 991 1239 1038 vinciebantur
1273 1001 1412 1038 status
1447 1009 1499 1038 ac
1534 991 1635 1038 reli—

159 1066 257 1128 gio,
296 1065 481 1128 perinde
515 1083 567 1112 ac
600 1083 652 1112 ea
687 1083 801 1129 quae
835 1066 891 1112 ad
924 1065 1179 1112 alterutrum
1215 1067 1496 1131 spectabant,
1526 1083 1632 1113 con-

160 1158 352 1205 sequens
387 1141 581 1205 profecto
604 1152 697 1196 est,
727 1159 814 1188 non
839 1141 969 1188 modo
993 1141 1191 1189 noluisse
1215 1159 1341 1205 reges
1364 1153 1407 1188 et
1430 1159 1523 1198 eos,
1552 1142 1629 1206 qui

158 1234 439 1282 quocumque
467 1218 644 1264 nomine
663 1218 850 1281 imperio
869 1217 1108 1281 pollebant,
1132 1235 1389 1282 promovere
1409 1217 1633 1265 connubia

92 1310 97 1313 ·
160 1293 423 1358 simpliciter
454 1292 629 1347 civilia,
660 1293 739 1340 sed
765 1293 912 1357 potius
948 1292 1061 1338 nihil
1096 1293 1358 1339 intentatum
1394 1292 1631 1356 reliquisse

158 1370 397 1434 quominus
422 1368 645 1416 connubia
663 1387 689 1415 a
708 1369 921 1431 religione
939 1379 1303 1416 consecrarentur
1320 1369 1475 1415 saltem
1493 1386 1631 1432 quan-

159 1455 250 1493 tum
274 1463 327 1493 ex
351 1463 399 1493 se
422 1457 540 1501 erat,
579 1446 688 1510 quin
722 1463 777 1492 ex
810 1444 958 1492 debito
991 1444 1231 1507 obligatam
1270 1444 1491 1493 eiusmodi
1534 1462 1626 1491 rem

159 1522 303 1568 facere
331 1521 599 1568 viderentur.
630 1521 776 1575 Quum
814 1521 998 1584 proinde
1035 1521 1205 1567 romani
1230 1520 1287 1567 ab
1311 1520 1512 1567 instituto
1536 1538 1629 1567 ma-

158 1598 300 1644 iorum
330 1597 636 1653 desciverunt,
665 1613 898 1661 moresque
922 1613 1072 1643 eorum
1097 1596 1142 1642 in
1168 1596 1295 1660 peius
1321 1608 1528 1653 ruerunt,
1558 1614 1631 1643 ne-

157 1673 386 1736 glexerunt
409 1673 542 1719 ritum
566 1673 938 1736 confarreationis,
968 1689 1056 1736 quo
1086 1673 1283 1736 ipsorum
1321 1672 1530 1736 coniugia
1555 1690 1632 1737 pe-

158 1749 277 1796 nitus
302 1746 635 1795 indissolubilia
662 1746 960 1794 reddebantur
983 1757 1134 1811 utpote
1158 1765 1228 1794 res
1253 1763 1405 1794 sacrae
1428 1749 1513 1809 (5),
1536 1765 1631 1795 coe-

158 1834 316 1887 perunt
333 1822 555 1870 celebrare
574 1822 853 1868 matrimonia
870 1832 945 1868 aut
963 1821 1057 1869 solo
1069 1840 1166 1877 usu,
1185 1833 1260 1869 aut
1273 1824 1526 1886 coemptione
1538 1825 1623 1884 (6).

159 1898 317 1944 Verum
341 1896 779 1945 animadvertendum
804 1907 886 1952 cst,
910 1913 996 1944 non
1015 1897 1158 1945 solum
1186 1915 1274 1945 non
1298 1896 1546 1944 obtinuisse
1569 1898 1629 1943 ri-

154 2112 249 2143 nam,
266 2105 437 2144 postquam
452 2103 539 2144 quod
561 2103 690 2136 libitum
705 2104 739 2135 id
755 2105 824 2135 erat
838 2105 869 2135 et
887 2102 1028 2141 licitum,
1045 2101 1132 2142 quod
1148 2109 1268 2132 novum
1282 2100 1436 2141 placitum
1452 2107 1564 2130 omnes
1583 2107 1629 2130 oi-

156 2155 247 2188 dines
259 2155 425 2189 infecerat.
442 2158 489 2188 De
508 2165 574 2197 quo
588 2158 731 2197 tempore
742 2155 902 2187 luvenalis
919 2156 1023 2195 satyr.
1038 2156 1078 2185 V.
1094 2153 1271 2185 scribebat:

489 2233 632 2241 .....
656 2209 708 2240 Sic
723 2208 804 2240 fiunt
820 2212 894 2240 octo
908 2208 1014 2239 mariti

425 2262 577 2303 Quinque
599 2270 656 2302 per
682 2263 866 2293 autumnos.

151 2316 183 2347 et
197 2314 354 2347 Martialis
367 2316 423 2346 Vl.
439 2317 471 2347 7.

488 2391 628 2399 .....
652 2367 759 2399 Toties
778 2374 860 2406 quae
883 2365 977 2397 nubit
1000 2364 1146 2397 adultera
1168 2365 1235 2405 lege
1250 2367 1317 2402 est3

421 2420 576 2453 Offendor
598 2419 731 2451 moecha
752 2418 947 2458 simpliciore
966 2417 1084 2448 minus.

246 2476 291 2516 (4)
312 2475 455 2507 Isidorus
470 2473 633 2505 pelusiota
648 2471 838 2512 Epistolar.
851 2470 906 2502 lib.
924 2472 980 2501 Ill.
1000 2478 1049 2510 ep.
1069 2473 1138 2501 216.
1155 2468 1205 2500 ed.
1223 2468 1324 2499 Paris.
1346 2470 1433 2500 1648.
1451 2470 1483 2500 et
1498 2467 1554 2500 lib.
1567 2469 1623 2501 ΠΙ.

149 2538 199 2569 ep.
220 2529 292 2561 220.
312 2530 392 2560 Item
407 2537 433 2559 s.
448 2526 623 2566 Gregorius
637 2525 779 2557 nazianz.
795 2526 884 2556 Orat.
895 2524 997 2555 XVll.
1014 2523 1100 2554 s.1o.
1112 2521 1278 2562 chrysost.
1291 2521 1386 2552 Hom.
1399 2521 1468 2552 XV.
1481 2520 1514 2552 in
1524 2522 1566 2553 11.
1580 2521 1630 2553 ad·

147 2583 223 2613 Cor.
233 2583 264 2613 S.
275 2583 332 2613 lvo
346 2582 478 2613 carnot.
491 2589 541 2620 ep.
551 2584 601 2611 51.
612 2577 653 2610 ad
669 2578 842 2610 Henricum
854 2576 986 2616 Angliae
999 2583 1115 2615 regem.
1124 2574 1246 2606 Omitto
1260 2572 1453 2616 posteriores
1464 2575 1629 2614 auctores,

151 2634 208 2675 qui
227 2634 312 2666 idem
337 2635 529 2666 statuerunt.
764 2624 768 2627 ⁴

247 2687 291 2727 (5)
312 2687 413 2719 Cuius
432 2686 618 2719 assertionis
633 2695 707 2717 mox
725 2683 859 2716 indubia
873 2683 1067 2714 documenta
1082 2681 1245 2713 dabimus.

247 2739 291 2779 (6)
313 2739 363 2771 Cf.
379 2739 563 2778 Doellinger
588 2739 621 2770 in
645 2747 697 2778 op.
716 2739 867 2769 German.
889 2735 942 2767 cui
956 2733 1087 2765 titulus:
1108 2732 1315 2774 Hippolytus
1327 2733 1361 2764 et
1377 2731 1551 2765 calixtus.
1563 2733 1622 2764 Re·

146 2790 318 2832 gensburgi
334 2795 422 2823 1853.
437 2791 467 2832 §.
480 2793 535 2822 VI.
550 2792 655 2822 Sexla
668 2790 844 2821 accusatio
859 2789 995 2827 (nempe
1010 2785 1161 2826 anonymi
1174 2784 1315 2816 auctoris
1328 2793 1383 2824 op.
1395 2783 1621 2826 Philosophu-

150 2851 252 2876 mena
276 2843 430 2876 adversus
452 2843 614 2875 calixtum
640 2841 781 2882 papam)
806 2850 875 2880 pag.
900 2844 953 2871 138
969 2848 1059 2879 seqq.
