1912 3180
343 210 435 256 404
596 223 676 254 mn.
706 221 737 253 1.
766 220 881 253 sacr.
909 221 1081 254 ALTERA.
1111 221 1162 253 m:
1187 221 1363 255 mmm.
1393 221 1533 254 civlu.

340 301 521 349 teriores
551 297 732 363 quidem
761 298 898 344 animi
928 297 1249 363 dispositiones
1279 299 1336 346 ad
1361 299 1442 347 rite
1472 300 1812 366 suscipiendum

337 385 661 424 sacramentum
690 374 786 423 sola
809 374 944 438 exigit
966 375 1255 432 conscientia,
1285 386 1329 423 at
1351 375 1408 423 ad
1433 377 1660 440 ponendos
1684 389 1810 428 actus

337 462 540 499 externos
575 451 712 515 cogit,
751 468 852 498 cum
886 468 1000 516 opus
1035 462 1134 509 est,
1174 451 1404 499 sanctione
1445 462 1624 500 externa
1657 455 1812 504 catho-

334 527 422 575 lica
454 527 691 575 auctoritas
721 529 837 590 (85).

429 603 552 650 Nihil
585 603 820 651 adiicimus
845 603 901 650 de
933 603 1236 651 conformitate
1265 613 1342 650 aut
1368 604 1650 653 difformitate
1684 607 1808 670 prin-

333 679 550 744 cipiorum
579 678 877 742 legislationis
900 677 1100 725 liberalis
1125 695 1226 725 cum
1251 678 1522 742 obligatione
1545 698 1635 745 qua
1657 681 1808 730 civilia

332 756 669 819 obstringuntur
701 755 919 819 gubernia
942 754 999 800 ad
1028 755 1251 817 cogendos
1286 755 1406 803 cives
1435 766 1484 803 ut
1513 766 1636 804 actus
1665 768 1807 805 exter-

332 850 414 881 nos
449 832 583 879 edant
617 849 730 896 quos
755 831 810 878 ab
842 830 956 894 ipsis
990 830 1191 894 exposcit
1213 830 1368 894 religio
1394 842 1562 889 status,
1591 833 1700 898 quia
1722 833 1806 881 hac

331 910 389 956 de
417 927 464 956 re
493 908 602 956 satis
637 908 859 964 diximus,
893 924 995 954 cum
1025 916 1332 955 excuteremus
1363 908 1631 973 principium
1666 909 1715 956 de
1753 910 1806 957 li-

333 986 491 1033 bertate
515 986 811 1039 eonscientiae,
835 1001 914 1033 seu
938 983 994 1030 de
1017 982 1221 1031 libertate
1245 985 1439 1048 pessime
1463 985 1597 1033 etiam
1622 986 1798 1050 agendi.

425 1062 518 1108 VII.
557 1060 771 1116 Additur,
800 1060 921 1125 quod
945 1060 984 1107 si
1007 1078 1162 1108 verum
1193 1071 1311 1108 esset
1343 1062 1673 1109 matrimonium
1698 1079 1804 1111 con-

330 1137 445 1185 trahi
474 1154 501 1183 a
524 1136 755 1184 catholicis
781 1154 869 1184 non
894 1153 1027 1202 posse
1042 1175 1052 1194 ,
1081 1137 1190 1201 quin
1214 1137 1289 1184 ille
1312 1148 1436 1185 actus
1449 1155 1531 1202 per
1550 1138 1804 1187 benedictio-

327 1231 423 1261 nem
443 1213 750 1260 sacerdotalem
766 1213 821 1260 ad
841 1212 1028 1277 gradum
1046 1214 1311 1261 sacramenti
1335 1215 1563 1271 evehatur,
1586 1214 1633 1260 id
1648 1232 1801 1263 verum

326 1300 446 1338 esset
472 1288 679 1336 omnibus
702 1289 748 1334 in
771 1288 905 1336 locis:
935 1299 981 1336 at
1001 1306 1104 1337 vero
1128 1289 1415 1337 tridentinum
1440 1306 1528 1338 non
1551 1289 1671 1352 viget
1703 1290 1803 1338 ubi-

326 1383 439 1431 que,
468 1382 518 1412 ac
542 1383 672 1429 porro
701 1364 888 1428 intelligi
923 1365 1079 1430 nequit
1112 1365 1335 1430 quomodo
1366 1382 1436 1413 res
1455 1403 1465 1423 ,
1494 1365 1541 1412 in
1565 1383 1654 1430 qua
1682 1366 1802 1431 apud

325 1441 451 1506 ipsos
486 1439 727 1488 catholicos
763 1440 952 1488 habetur
983 1440 1191 1497 varietas,
1232 1441 1451 1504 pertineat
1474 1440 1530 1488 ad
1554 1441 1715 1504 dogma
1731 1442 1801 1489 vel

326 1517 380 1566 ad
419 1517 703 1582 disciplinam
735 1516 1060 1573 universalem,
1099 1527 1143 1563 et
1181 1517 1403 1581 quomodo
1438 1517 1800 1565 anticatholicum

326 1609 429 1641 esse
461 1592 605 1657 possit
636 1592 682 1638 in
716 1609 852 1655 regno
885 1591 1155 1656 subalpino,
1195 1591 1314 1656 quod
1343 1591 1451 1639 alibi
1475 1602 1542 1639 est
1565 1592 1696 1658 plane
1732 1610 1803 1641 ca-

325 1667 556 1718 tholicum.
599 1666 870 1731 Reponimus
903 1667 1046 1732 primo
1091 1677 1308 1714 oratorem
1343 1667 1543 1715 omittere
1577 1685 1630 1715 ea
1661 1668 1798 1716 verba

325 1744 562 1792 debuisse:
585 1761 666 1808 per
692 1743 1019 1790 benedictionem
1042 1743 1376 1798 sacerdotalem,
1405 1754 1454 1791 ut
1477 1744 1658 1808 saepius
1683 1744 1798 1791 dixi-

324 1837 441 1868 mus.
480 1819 651 1867 Deinde
686 1818 1107 1875 animadvertimus,
1147 1818 1451 1867 auctoritatem
1492 1820 1708 1868 ecclesiae
1751 1821 1798 1867 in

325 1897 502 1960 legibus
540 1895 735 1943 serendis
769 1895 1192 1952 matrimonialibus,
1216 1906 1349 1960 atque
1370 1896 1415 1943 in
1434 1896 1519 1943 hac
1537 1897 1798 1944 nominatim

325 1973 423 2037 lege
440 2011 451 2031 ‚
480 1972 701 2037 pertinere
725 1971 781 2019 ad
806 1971 966 2035 dogma
981 2010 991 2028 ,
1025 1971 1225 2036 adeoque
1257 1990 1392 2020 unam
1418 1972 1504 2020 hac
1526 1972 1582 2020 de
1606 1990 1653 2020 re
1677 1973 1796 2038 apud

420 2144 486 2186 (85)
507 2145 556 2178 Cf.
579 2144 711 2177 Civiltc'z
727 2143 890 2177 calcolica
908 2144 942 2176 in
959 2144 1019 2176 art.
1036 2144 1091 2184 qui
1108 2142 1315 2175 inscribitur:
1339 2143 1376 2175 Il
1393 2145 1513 2184 potere
1530 2144 1682 2176 coaccivo
1697 2143 1795 2176 della

324 2197 439 2230 chiesa
459 2206 493 2230 n.
510 2199 593 2230 cxl.
605 2196 758 2229 Seconda
775 2199 863 2230 serie
877 2197 943 2228 vol.
960 2197 1048 2228 vm.
1068 2198 1115 2227 14.
1131 2195 1287 2227 Novemh.
1302 2197 1391 2227 1854.
1407 2195 1440 2226 in
1457 2204 1522 2236 quo
1538 2195 1678 2237 perbelle
1691 2196 1796 2228 totum

320 2250 384 2283 hoc
394 2251 619 2291 argumentum
633 2250 795 2282 evolvitur
810 2249 965 2281 adversus
982 2248 1151 2281 modernas
1164 2248 1315 2280 theorias.

420 2302 470 2335 Gt.
488 2303 586 2335 etiam
607 2302 787 2343 Taparelli:
806 2304 928 2343 Sayyio
948 2302 1107 2333 teoretz'co
1123 2300 1161 2332 di
1177 2300 1298 2333 dir-mo
1312 2300 1477 2332 naturale
1492 2300 1557 2331 vol.
1574 2301 1615 2331 11.
1629 2300 1707 2332 diss.
1721 2302 1793 2333 vn.

317 2356 436 2388 Drmo
455 2355 753 2396 speciale.cap.11.
767 2355 902 2387 δοεῑειὰ
917 2356 1097 2386 cristiana.
1115 2353 1144 2394 §.
1161 2355 1202 2386 11.
1219 2362 1251 2385 n.
1272 2356 1360 2385 1432.
1375 2353 1426 2385 ed.
1443 2361 1524 2385 rom.
1543 2356 1631 2384 1855.
1649 2352 1705 2384 ubi
1721 2361 1796 2385 cuin

321 2407 383 2440 sibi
404 2408 625 2450 proposuisset
646 2407 888 2440 difficultatem:
911 2420 927 2435 a
937 2409 985 2439 La
999 2407 1107 2439 chiesa
1119 2407 1137 2439 e
1152 2415 1217 2438 una
1229 2406 1350 2438 societa
1362 2405 1558 2447 spirituale.
1573 2406 1712 2445 Dunque
1726 2414 1792 2437 uon

320 2461 364 2494 ha
378 2462 474 2494 alcun
489 2461 601 2494 diritto
617 2461 666 2493 sul
683 2461 871 2493 materiale»
886 2468 988 2502 resp:
1003 2462 1067 2492 «Se
1078 2468 1134 2501 per
1145 2459 1274 2492 sociem
1282 2459 1468 2500 spirituale
1481 2458 1656 2490 intendono
1668 2458 1798 2491 sociem

320 2512 358 2545 di
377 2515 512 2555 spiriti,
535 2513 568 2545 la
593 2522 756 2555 premaesa
779 2513 797 2545 e
826 2513 924 2553 falsa3
947 2521 981 2545 se
1002 2513 1056 2553 poi
1078 2512 1254 2544 intendono
1284 2511 1406 2544 societa
1430 2510 1548 2543 diretta
1573 2518 1593 2542 a
1616 2509 1679 2542 fine
1704 2509 1796 2551 spiri-

309 2566 415 2607 tuale,
429 2566 448 2599 ὸ
462 2566 544 2599 falsa
560 2566 593 2598 la
608 2574 826 2607 conseguenza
839 2578 854 2593 »
871 2565 958 2606 quod
976 2565 1093 2597 deinde
1108 2565 1179 2597 ruse
1193 2564 1326 2597 evolvit.

418 2620 458 2651 Et
470 2619 536 2653 vol.
552 2621 578 2652 Ι.
595 2618 676 2652 diss.
694 2621 749 2651 IV.
765 2627 835 2660 cap.
853 2620 908 2650 IV.
923 2620 983 2651 art.
997 2619 1039 2650 11.
1050 2617 1081 2659 ᾖ.
1096 2619 1122 2650 I.
1139 2627 1170 2649 n.
1185 2622 1255 2650 888.
1273 2618 1345 2649 «Le
1359 2624 1438 2656 pene
1450 2615 1602 2655 adunque
1615 2615 1647 2646 in
1663 2615 1706 2648 tal
1722 2624 1798 2648 caso

322 2678 461 2711 possono
475 2671 643 2713 adoptarsi
657 2672 771 2703 contro
786 2671 797 2703 i
811 2670 963 2703 violatori
976 2671 1062 2702 della
1078 2670 1232 2710 religione
1246 2679 1266 2702 a
1283 2668 1492 2710 proporzione
1504 2668 1589 2700 della
1603 2668 1697 2710 colpa
1706 2692 1716 2709 ,
1733 2676 1798 2700 non

322 2722 374 2763 gia
395 2732 450 2764 per
467 2723 541 2756 farli
556 2724 620 2765 pii,
640 2733 660 2756 ο
681 2723 835 2758 credenti
850 2732 915 2765 per
926 2723 1051 2764 sor-za,
1074 2732 1128 2755 ma
1154 2722 1270 2766 perche
1291 2729 1355 2753 non
1376 2720 1506 2752 turbino
1524 2721 1555 2752 la
1571 2721 1689 2753 sociale
1708 2720 1798 2752 unita

322 2775 487 2816 religiosa,
510 2777 668 2810 elemento
688 2777 976 2818 importantissimo
990 2776 1023 2810 di
1039 2777 1191 2819 pubblica
1205 2773 1341 2814 felicita,
1357 2783 1378 2806 o
1393 2774 1477 2806 colla
1495 2774 1602 2807 salsita
1617 2773 1701 2807 delle
1723 2773 1791 2807 dot-

322 2828 407 2863 triue
420 2837 440 2860 o
454 2828 539 2862 collo
551 2829 705 2862 scandalo
719 2829 805 2872 degli
819 2830 949 2872 esempi.
958 2843 972 2858 »
