1912 3180
232 199 323 230 CAP.
348 199 403 230 [v.
427 198 478 229 ni:
503 197 659 230 ancum.
679 197 756 229 rao
782 198 886 229 Laui:
911 198 962 228 na
987 197 1111 229 uun.
1137 196 1220 229 civ.
1250 197 1342 229 An'r.
1366 198 1394 228 1.
1493 181 1580 226 339

112 276 406 339 gubernandi,
426 275 495 322 cui
522 275 665 323 innuit
688 286 849 331 orator,
871 292 923 322 ea
947 286 1029 332 est,
1048 292 1181 340 quam
1201 275 1245 321 in
1263 284 1420 323 senatu
1438 276 1584 340 regius

114 353 319 399 minister
342 352 601 416 proposuit:
622 352 733 397 «Per
748 351 866 396 hanc
889 350 1030 412 legem
1049 351 1138 398 duo
1160 368 1320 416 maqna
1344 351 1582 417 principia,

114 428 285 493 inquit,
325 427 371 473 in
405 437 551 474 actum
585 426 892 481 deducentur;
933 426 1137 483 alterum,
1166 428 1285 492 quod
1319 427 1585 491 gubernium

114 504 213 551 sine
247 502 340 550 ulla
371 520 555 567 prorsus
590 502 848 567 exceptione
871 501 927 548 de
951 503 1159 550 omnibus
1185 504 1358 551 actibus
1381 504 1586 553 civilibus

112 579 233 642 leges
269 579 381 626 serre
416 578 597 634 debeat;
636 578 853 634 alterum,
891 578 1190 626 conscientiae
1234 579 1416 628 libertas
1464 583 1583 644 (5).»

113 655 168 702 At
193 655 249 702 de
272 655 444 702 duobus
470 655 595 702 hisce
617 657 789 719 maqnis
818 653 1051 719 principiis
1082 672 1182 702 mox
1207 655 1335 719 plura
1365 657 1582 705 dicemus.

210 733 390 779 Interim
426 732 646 796 reliquum
685 742 778 787 est,
817 741 866 778 ut
896 730 1042 778 velum
1078 730 1365 780 detrahamus
1400 732 1456 780 ab
1491 733 1547 782 iis
1572 772 1582 790 ,

112 825 229 872 quae
262 825 342 873 per
375 825 533 856 novam
567 808 708 871 legem
743 807 1021 854 decernenda
1046 818 1380 871 proponuntur,
1409 810 1488 857 sed
1511 827 1588 858 vc·

113 884 193 932 luti
228 895 343 932 tecta
377 902 429 932 ac
458 884 681 932 obvoluta.

212 961 407 1008 Primum
448 972 538 1017 est,
579 960 697 1024 quod
733 977 820 1007 non
855 961 1027 1025 possint
1062 959 1146 1007 frui
1181 960 1414 1009 effectibus
1449 962 1588 1009 civili-

117 1038 202 1085 bus
221 1075 231 1094 ,
270 1054 457 1102 quorum
490 1046 740 1084 contractus
776 1036 939 1083 relatus
977 1052 1063 1083 non
1093 1036 1152 1084 sit
1183 1036 1230 1082 in
1265 1036 1438 1085 tabulas
1469 1048 1589 1087 acto-

115 1131 214 1161 rum
244 1113 458 1161 civilium.
490 1113 627 1168 Quasi
659 1130 818 1177 nempe
843 1130 929 1160 non
954 1112 1042 1159 alia
1077 1113 1207 1160 suerit
1240 1113 1351 1161 ratio
1384 1114 1589 1178 exigendi

114 1189 450 1254 inscriptionem
470 1189 662 1252 coniugii
683 1190 727 1235 in
747 1188 939 1254 publicis
965 1188 1150 1245 tabulis,
1173 1206 1308 1253 quam
1333 1191 1585 1248 statuendo,

114 1277 163 1314 ut
193 1284 347 1314 verum
383 1265 670 1313 contrahatur
700 1265 954 1328 coniugium
988 1264 1276 1330 validumque
1309 1282 1458 1313 coram
1492 1266 1590 1315 solo

114 1342 375 1406 magistratu
409 1342 546 1389 civili.
576 1342 658 1388 Hic
687 1359 775 1389 non
800 1352 869 1388 est
892 1341 981 1388 nisi
1016 1341 1188 1388 fucatus
1223 1353 1492 1406 praetextus.
1522 1344 1591 1390 Si·-

113 1419 296 1484 quidem
326 1419 528 1484 pluribus
563 1418 664 1465 aliis
694 1418 861 1473 modis,
902 1435 1036 1482 quam
1073 1435 1151 1482 per
1183 1417 1325 1481 legem
1351 1419 1409 1466 de
1437 1420 1591 1467 matri-

114 1496 263 1543 monio
288 1495 408 1543 civili
432 1494 650 1560 potuisset
678 1494 789 1541 haec
822 1494 1054 1558 inscriptio
1080 1494 1285 1541 obtineri.
1315 1495 1426 1542 Nam
1452 1497 1589 1544 statui

115 1581 307 1637 poterat,
329 1581 394 1628 ut,
410 1580 586 1635 praeter
609 1579 755 1618 actum
779 1569 1054 1633 religiosum,
1074 1571 1169 1618 sive
1192 1581 1324 1618 antea
1349 1571 1443 1619 sive
1467 1584 1585 1638 post.

112 1657 367 1696 contractus
410 1647 669 1710 coniugales
705 1663 859 1693 omnes
895 1646 1244 1694 inscriberentur
1282 1647 1409 1701 libris
1444 1649 1590 1697 civilis

116 1725 428 1789 magistratus,
467 1734 598 1788 prout
631 1723 855 1770 nonnullis
886 1723 931 1769 in
965 1723 1076 1771 locis
1105 1723 1297 1781 obtinet,
1326 1726 1588 1789 praesertim

120 1801 164 1846 in
196 1800 355 1847 codice
389 1798 673 1863 neapolitano
723 1800 806 1860 (6).
846 1800 1020 1846 Poterat
1054 1800 1278 1864 provideri
1312 1800 1591 1850 decernendo

119 1875 330 1932 multam,
358 1885 435 1922 aut
458 1891 646 1939 poenam
676 1884 827 1921 contra
854 1891 954 1931 eos,
982 1875 1059 1939 qui
1084 1875 1304 1922 eiusmodi
1339 1876 1592 1942 inscriptio-

119 1970 222 2000 nem
257 1951 544 2015 negligerent.
585 1952 758 1998 Poterat
790 1950 1028 2007 constitui,
1060 1962 1109 1998 ut
1134 1968 1222 1998 non
1257 1951 1506 2000 fruerentur
1526 1954 1591 2001 ef-

120 2028 309 2076 fectibus
353 2026 584 2082 civilibus,
631 2026 708 2091 qui
750 2026 1013 2074 simultanee
1052 2027 1227 2092 utrique
1270 2028 1504 2092 religiosae
1537 2047 1591 2078 ac

119 2105 237 2153 civili
282 2104 539 2168 obligationi
576 2121 661 2151 non
698 2103 1029 2159 satisfacerent,
1081 2105 1422 2169 praecipiendo,
1460 2117 1509 2155 ut
1542 2108 1591 2155 fit

218 2286 263 2325 (5)
286 2285 409 2317 senato
428 2283 485 2316 del
501 2293 616 2325 reqno.
629 2284 769 2315 Tornata
782 2282 832 2315 del
854 2288 901 2315 ¹6.
920 2283 1064 2315 Dicemb.
1086 2288 1172 2316 1851.
1189 2292 1260 2325 pag.
1283 2288 1405 2316 189-90.

213 2338 260 2378 (6)
281 2339 329 2370 lta
350 2338 482 2378 quidem
501 2339 533 2368 in
553 2337 718 2369 nonnullis
732 2337 916 2377 regionibus
930 2338 1062 2369 cautum
1072 2339 1142 2377 est,
1156 2337 1345 2378 praesertim
1354 2346 1445 2378 vero,
1458 2339 1495 2369 ut
1508 2337 1591 2371 dixi-

120 2399 210 2430 mus,
225 2390 259 2421 in
274 2399 372 2430 regno
385 2390 610 2431 neapolin-mm
626 2390 768 2421 attamen
786 2389 874 2421 istud
890 2389 1022 2421 sistema
1038 2390 1071 2421 in
1086 2390 1178 2430 praxi
1194 2398 1253 2421 nec
1266 2390 1379 2430 paucis
1393 2399 1453 2423 nec
1467 2390 1594 2424 levibus

120 2442 336 2475 incommodis
351 2442 529 2474 obnoxium
539 2440 800 2483 deprehenditur.
818 2444 900 2474 Cum
917 2442 1003 2474 enim
1018 2443 1175 2474 statutum
1190 2442 1335 2475 fueritin
1349 2442 1463 2475 codice
1475 2452 1591 2485 neapo-

118 2496 219 2528 litano
233 2496 294 2528 sub
309 2496 507 2536 gravissimis
522 2496 651 2536 poenis,
666 2497 702 2527 ut
715 2495 847 2536 parochi
866 2504 931 2526 non
947 2496 1081 2535 iungant
1095 2496 1249 2536 coniugia
1260 2520 1269 2536 ‚
1286 2496 1348 2527 nisi
1362 2495 1454 2536 prius
1466 2498 1591 2529 contra-

122 2550 234 2581 hentes
249 2549 422 2582 exhibeant
434 2549 656 2581 testimouium
672 2550 878 2589 magistratus
897 2549 1022 2589 civilis;
1038 2557 1207 2589 quumque
1224 2557 1319 2581 casus
1332 2548 1531 2590 quandoque
1541 2559 1593 2582 oc·

120 2604 263 2642 currant,
277 2603 310 2634 in
326 2602 446 2644 quibus
460 2603 591 2643 parochi
605 2611 643 2634 ex
658 2602 854 2634 conscientia
870 2603 1021 2634 tenentur
1035 2602 1241 2634 matrimonia
1251 2602 1395 2643 iungere,
1404 2603 1593 2644 magistratu

121 2663 253 2695 prorsus
268 2656 315 2686 rei
329 2655 432 2687 inscio
441 2678 450 2693 ‚
466 2655 540 2687 inde
553 2655 589 2687 fit
598 2679 607 2695 ‚
620 2657 657 2687 ut
669 2655 895 2687 vexationibus
908 2663 972 2686 non
987 2654 1130 2687 minimis
1145 2655 1312 2687 subiacere
1322 2655 1470 2688 debeant.
1487 2657 1593 2689 Huius

122 2706 243 2739 codicis
257 2707 428 2740 articulum
438 2733 447 2749 ,
465 2709 521 2749 qui
537 2708 602 2740 huc
616 2708 768 2748 refertur,
784 2708 882 2749 paulo
898 2709 971 2749 post
982 2706 1213 2740 describemus.
1231 2709 1299 2740 Hac
1313 2709 1410 2741 etiam
1425 2709 1466 2742 de
1481 2718 1591 2750 causa,

125 2760 161 2790 ut
173 2760 265 2791 autea
280 2760 518 2802 adnotavimus,
530 2760 720 2793 mutinensis
734 2760 800 2792 dux
814 2759 974 2793 eiusmodi
988 2760 1274 2802 praescriptionem
1285 2761 1492 2804 temperavit,
1504 2764 1535 2795 et
1547 2763 1594 2795 sie

127 2811 204 2843 dum
222 2811 346 2845 obtinet
372 2813 466 2846 finem
480 2838 488 2854 ,
506 2813 711 2846 incommoda
727 2814 837 2845 omnia
851 2813 993 2846 sustulit.

1469 2869 1496 2896 ³*-
