1912 3180
332 169 422 214 374
596 180 675 211 211³.
706 179 735 209 1.
763 176 877 209 sacr.
906 177 1077 208 Atrum.
1105 176 1158 207 nr.
1181 175 1358 208 mrum.
1386 176 1525 208 cmm.

323 271 366 306 et
400 258 618 306 caelorum
651 255 724 302 via
758 253 926 316 largius
959 261 1128 318 pateat,
1155 263 1204 299 ut
1238 263 1441 300 terrestre
1475 270 1658 317 regnum
1691 272 1786 302 cae-

324 335 421 381 lesti
456 348 589 394 regno
624 328 861 377 famuletur
899 330 1049 392 (45).»
1078 329 1122 375 S.
1153 330 1237 376 Leo
1269 330 1326 375 M.
1360 328 1575 385 «Debes,
1614 329 1783 385 scribit,

325 410 628 455 incunctanter
673 405 900 453 advertere
945 405 1110 469 regiam
1145 415 1404 470 potestatem
1427 442 1437 462 ,
1476 404 1573 451 Tibi
1609 422 1696 452 non
1731 405 1788 452 ad

324 484 467 531 solum
501 482 654 529 mundi
690 482 914 546 regimen,
943 482 1021 529 sed
1056 481 1246 528 maxime
1279 481 1335 528 ad
1370 481 1585 529 ecclesiae
1620 482 1790 547 praesi-

323 559 445 605 dium
483 575 583 605 esse
616 557 848 605 collatam:
888 569 936 604 ut
969 574 1106 604 ausus
1141 556 1333 604 nefarios
1368 557 1718 621 comprimendo,
1746 568 1789 605 et

322 652 437 700 quae
471 634 582 682 bene
622 645 726 681 sunt
760 644 922 681 statuta
965 632 1210 689 defendas,
1247 643 1291 680 et
1322 650 1470 681 veram
1500 650 1654 697 pacem
1695 633 1783 689 his,

323 728 438 776 quae
473 721 578 758 sunt
610 709 798 766 turbata,
831 709 1037 756 restituas
1066 708 1216 770 (46).»
1234 708 1278 754 S.
1298 708 1498 755 Isidorus
1518 707 1789 773 hispalensis

329 808 350 830 «
373 787 679 850 Cognoscant,
720 785 894 850 inquit,
934 784 1159 848 principes
1193 784 1383 840 saeculi,
1420 784 1512 831 Deo
1545 783 1706 831 debere
1741 801 1790 832 se

324 864 535 911 rationem
570 863 754 910 reddere
784 871 962 925 propter
990 859 1250 916 ecclesiam,
1282 877 1416 924 quam
1450 877 1478 906 a
1511 859 1688 907 Christo
1722 870 1791 907 tu-

324 940 484 986 endam
520 939 785 1003 suscipiunt.
827 938 936 983 Nam
971 937 1066 983 sive
1099 947 1311 1000 augeatur
1345 954 1452 1002 pax,
1479 947 1524 984 et
1551 936 1791 1001 disciplina

324 1015 538 1063 ecclesiae
569 1032 647 1079 per
674 1013 828 1060 fideles
864 1012 1110 1078 principes,
1151 1011 1243 1059 sive
1277 1011 1493 1068 solvatur,
1530 1011 1606 1058 ille
1635 1012 1692 1059 ab
1724 1012 1790 1059 eis

324 1091 537 1138 rationem
566 1090 733 1153 exiget,
762 1089 839 1154 qui
864 1106 1016 1137 eorum
1040 1088 1246 1153 potestati
1274 1106 1401 1135 suam
1436 1087 1671 1136 ecclesiam
1695 1104 1790 1135 cre-

327 1166 441 1213 didit
479 1167 629 1228 (47),»
663 1176 705 1213 et
743 1165 843 1212 aliis
876 1165 1073 1221 omissis,
1113 1182 1151 1211 s.
1174 1163 1449 1212 Caelestinus
1484 1182 1602 1229 papa
1634 1164 1790 1212 eadem

322 1241 497 1288 scribit:
523 1242 688 1289 «Maior
721 1241 847 1290 vobis
876 1241 981 1288 fidei
1011 1258 1147 1289 causa
1175 1240 1304 1288 debet
1327 1258 1453 1297 esse,
1483 1257 1619 1305 quam
1644 1241 1785 1304 regni,

323 1318 609 1383 ampliusque
641 1335 722 1382 pro
756 1335 867 1382 pace
900 1317 1187 1365 ecclesiarum
1213 1316 1455 1369 >clementia
1480 1327 1629 1364 vestra
1662 1316 1793 1364 debet

323 1411 425 1440 esse
447 1393 656 1449 sollicita,
684 1411 818 1458 quam
842 1411 922 1459 pro
945 1393 1142 1441 omnium
1168 1394 1402 1441 securitate
1426 1404 1656 1440 terrarum.
1680 1392 1793 1440 Sub-

323 1480 572 1533 sequuntur
611 1470 728 1517 enim
770 1470 919 1517 omnia
953 1487 1164 1534 prospera
1186 1507 1196 1525 ,
1237 1469 1276 1516 si
1312 1469 1518 1534 primitus
1551 1487 1668 1534 quae
1700 1470 1793 1517 Deo

323 1555 428 1591 sunt
454 1546 624 1592 cariora
658 1555 886 1593 serventur
903 1546 1052 1607 (48).»
1071 1546 1178 1592 Item
1203 1562 1241 1592 s.
1266 1545 1481 1601 Thomas,
1504 1545 1567 1591 De
1584 1546 1791 1608 reqimine

316 1622 534 1685 principis
552 1660 561 1678 ,
599 1622 676 1686 qui
710 1622 821 1669 haec
856 1621 1011 1668 habet:
1045 1641 1067 1666 «
1095 1622 1144 1667 ln
1180 1621 1394 1684 regimine
1426 1620 1653 1684 legislator
1682 1638 1793 1668 sem-

322 1714 402 1761 per
429 1697 560 1745 debet
582 1698 834 1754 intendere,
872 1708 921 1745 ut
954 1698 1072 1745 cives
1106 1697 1355 1761 dirigantur
1378 1697 1435 1743 ad
1458 1697 1697 1745 vivendum
1722 1715 1793 1745 se—

323 1773 517 1820 cundum
551 1774 780 1830 virtutem,
821 1775 908 1821 imo
942 1774 1016 1821 hic
1049 1785 1118 1822 est
1151 1774 1255 1821 finis
1289 1773 1583 1837 legislatoris,
1611 1784 1660 1820 ut
1692 1773 1795 1838 phi-

326 1848 541 1914 losophus
561 1850 669 1897 dicit
686 1850 732 1896 in
753 1852 797 1896 2.
813 1850 1029 1898 ethicor.»
1047 1861 1090 1898 et
1109 1850 1242 1915 paulo
1259 1860 1375 1915 post:
1397 1850 1564 1906 «Finis,
1586 1849 1643 1897 ad
1661 1866 1793 1914 quem

326 1925 628 1990 principaliter
654 1925 724 1972 lex
751 1926 980 1974 intendere
1013 1927 1144 1974 debet
1178 1926 1225 1972 in
1260 1925 1410 1991 seipsa
1439 1936 1482 1972 et
1508 1926 1554 1972 in
1579 1924 1788 1981 subditis,

322 2011 392 2048 est
413 2011 592 2048 aeterna
622 2001 867 2059 beatitudo,
904 2019 1019 2067 quae
1042 2003 1088 2049 in
1112 2002 1285 2050 visione
1306 2001 1387 2048 Dei
1413 2001 1618 2049 consistit
1638 2002 1788 2063 (49).»

323 2078 390 2124 En
425 2077 533 2143 quid
574 2078 759 2126 doceant
793 2089 940 2143 patres
975 2089 1108 2143 atque
1141 2077 1356 2125 ecclesiae
1390 2078 1610 2125 doctores.
1650 2076 1792 2133 Quam

323 2170 426 2202 vero
451 2153 508 2201 ab
533 2154 604 2201 his
630 2155 838 2203 sensibus
864 2154 1080 2202 abludunt
1106 2153 1500 2219 pseudo-politici,
1529 2154 1605 2218 qui
1631 2162 1791 2202 statum

322 2229 505 2277 atheum
534 2229 864 2294 quodammodo
898 2230 1092 2278 vellent!

417 2366 482 2406 (45)
504 2365 575 2398 Lib.
592 2367 650 2398 111.
666 2366 768 2407 Epist.
785 2368 882 2399 LXV.
901 2365 953 2398 Ad
970 2367 1104 2398 Maurit
1123 2367 1283 2407 imperat.

417 2417 483 2457 (46)
505 2418 616 2458 Epist.
635 2419 746 2449 GLV1.
763 2426 834 2459 cap.
851 2422 881 2450 3.
898 2417 950 2449 ed.
967 2417 1118 2450 Ballerin.

419 2468 485 2509 (47)
504 2469 576 2501 Lib.
593 2471 650 2501 111.
665 2471 814 2502 sentent.
831 2478 902 2511 cap.
916 2471 969 2502 LI.
982 2478 1015 2502 n.
1031 2474 1062 2502 6.
1077 2469 1130 2501 ed.
1143 2469 1282 2502 Arevali.

419 2521 484 2561 (48)
507 2523 543 2553 In
550 2523 661 2563 Epist.
671 2521 719 2554 ad
731 2522 892 2555 Theodos.
900 2523 1059 2564 imperat.
1071 2530 1154 2562 quae
1164 2522 1253 2554 extat
1261 2521 1294 2553 in
1304 2521 1385 2553 actis
1395 2529 1485 2553 conc.
1496 2520 1610 2561 Ephes.
1620 2521 1741 2552 Aetion.
1753 2522 1794 2552 11.

325 2573 409 2613 apud
425 2574 582 2607 Harduin.
598 2576 678 2608 Acta
690 2575 805 2608 concil.
818 2576 898 2608 tom.
913 2577 939 2607 l.
953 2575 1017 2607 col.
1035 2578 1124 2608 1473.
1768 2605 1771 2608 ,

421 2626 486 2667 (49)
508 2627 580 2659 Lib.
602 2629 658 2660 111.
674 2636 702 2660 c.
717 2632 746 2659 3.
760 2628 811 2660 Cf.
827 2627 1087 2661 Admonitionem
1106 2627 1270 2669 praeviam
1290 2626 1444 2660 Bernardi
1456 2624 1576 2658 Mariae
1587 2625 1627 2658 de
1639 2625 1769 2658 Rubels.
