1918 3186
317 191 408 222 GAP.
425 191 455 222 1.
474 190 566 222 ΛΒΤ.
583 189 628 220 n.
647 188 698 219 DE
717 187 916 219 VEm'rA‘rs
942 188 1116 221 smum.
1133 188 1186 220 EX
1203 187 1351 220 noem.
1370 187 1515 220 scum„
1599 171 1657 217 23

186 286 262 316 cra
306 268 535 316 tractanda
569 268 783 315 invectam
829 266 1085 314 methodum
1107 305 1117 324 ‚
1156 284 1237 315 seu
1270 267 1420 331 potius
1466 259 1664 332 philoso-

187 346 356 410 phandi
391 346 620 393 rationem.
666 343 807 408 quue
846 354 936 390 tam
977 344 1094 392 circa
1136 354 1464 392 sacramentum
1509 343 1659 408 ipsum

182 423 401 486 coniugii,
439 432 531 470 tum
565 421 849 486 potissimum
873 421 990 468 circa
1013 432 1214 469 naturam
1248 421 1418 486 gratiae
1439 434 1556 486 quae
1578 434 1659 485 per

184 500 269 548 hoc
301 508 627 547 sacramentum
661 498 900 545 confertur.

279 575 369 623 Nos
394 574 581 622 iniurios
606 575 652 621 in
677 573 972 622 scholasticos
1007 574 1225 621 eiusmodi
1250 584 1536 622 accusatores
1559 590 1661 621 esse

180 651 362 700 omnino
395 651 662 699 arbitramur
684 651 804 698 circa
826 660 1064 715 utrumque
1095 649 1351 706 articulum;
1380 650 1516 716 idque
1537 650 1662 698 evin-

181 729 325 777 cimus
359 739 453 777 tum
487 747 514 777 a
547 729 708 793 priori,
746 739 839 775 tum
874 745 901 775 a
934 727 1185 792 posteriori.
1214 727 1251 773 A
1284 727 1422 791 priori
1445 727 1628 792 quidem
1645 765 1655 783 ,

181 805 289 870 quia
325 809 367 852 1.
390 805 603 853 transitus
628 822 655 852 a
677 804 880 869 patribus
904 803 961 850 ad
986 802 1278 851 scholasticos
1304 803 1367 850 ita
1389 802 1659 866 pedetentim

180 881 324 930 factus
365 892 432 929 est
447 920 457 938 ‚
506 892 555 929 ut
593 899 642 929 se
680 891 835 928 mutuo
876 880 1143 945 exceperint.
1178 880 1271 927 Iam
1305 879 1425 926 enim
1457 890 1663 944 caeperat

181 973 298 1007 nova
321 957 558 1006 methodus
592 957 830 1014 introduci,
869 956 1049 1022 quando
1081 964 1258 1021 patrum
1292 956 1430 1004 series
1465 955 1661 1003 nondum

177 1034 354 1099 expleta
385 1043 480 1082 erat
517 1035 635 1097 (69);
665 1033 866 1098 adeoque
905 1033 1000 1080 fieri
1033 1048 1122 1080 non
1157 1032 1301 1097 potuit
1339 1042 1389 1080 ut
1432 1032 1508 1080 isti
1547 1032 1660 1080 adeo

178 1109 439 1158 deflexerint
471 1127 497 1157 a
531 1118 786 1157 sanctorum
820 1119 994 1174 patrum
1028 1108 1242 1156 institutis
1275 1119 1326 1155 ut
1358 1117 1519 1156 novam
1542 1108 1661 1156 intu-

178 1185 311 1234 lerint
336 1185 607 1243 doctrinam,
646 1203 792 1251 neque
827 1185 972 1234 solum
1005 1185 1250 1243 diversam,
1279 1185 1359 1234 sed
1393 1186 1660 1234 contrariam

176 1262 243 1309 illi
277 1281 413 1329 quam
446 1274 595 1328 patres
629 1263 919 1310 tradiderunt.
950 1262 1043 1310 Hoc
1068 1271 1185 1309 certe
1217 1261 1435 1309 absonum
1456 1272 1524 1310 est
1539 1263 1661 1327 cogi-

177 1349 287 1388 tare.
317 1340 527 1405 Alioquin
551 1341 597 1386 in
622 1338 1039 1404 repraehensionem
1062 1338 1311 1387 certissime
1343 1339 1655 1395 incurrissent;

178 1415 296 1471 Quia
332 1418 376 1463 2.
406 1427 580 1465 constat
602 1433 680 1465 eos
703 1416 751 1463 in
773 1426 949 1481 patrum
982 1415 1171 1463 lectione
1192 1429 1282 1463 non
1312 1415 1425 1462 adeo
1458 1414 1660 1480 hospites

178 1491 344 1549 fuisse,
373 1501 423 1540 ut
446 1491 746 1556 ignoraverint
779 1509 896 1557 quae
930 1492 986 1539 ab
1021 1492 1134 1556 ipsis
1170 1491 1345 1539 fuerant
1372 1491 1531 1540 litteris
1553 1508 1661 1539 con-

176 1567 374 1630 signata:
404 1568 509 1615 hinc
530 1584 607 1615 eos
631 1567 836 1615 videmus
860 1568 1031 1633 passim
1055 1567 1112 1614 ad
1135 1584 1199 1615 ss.
1223 1566 1486 1632 praesertim
1509 1567 1660 1631 Augu-

178 1644 369 1701 stinum,
404 1644 753 1710 Hieronymum,
783 1644 1040 1708 Gregorium
1070 1644 1375 1701 M.,loannem
1399 1642 1660 1708 Chrysosto-

175 1737 298 1768 mum
321 1719 523 1786 aliosque
546 1737 786 1786 provocare
808 1722 926 1784 (70);
945 1720 1061 1776 Quia
1082 1720 1125 1766 3.
1141 1719 1343 1768 nonnulli
1366 1737 1420 1767 ex
1442 1720 1499 1767 iis
1523 1720 1654 1785 ipsis,

176 1797 255 1862 qui
272 1797 407 1846 huius
426 1807 665 1845 temeratae
680 1797 908 1845 doctrinae
919 1797 1038 1845 circa
1050 1797 1305 1860 coniugium
1324 1796 1653 1852 insimulantur,

179 1884 305 1921 erant
333 1874 552 1939 episcopi,
581 1884 659 1921 aut
682 1873 894 1939 praelati,
933 1874 1011 1939 qui
1045 1883 1164 1921 certe
1196 1873 1399 1937 ignorare
1423 1889 1511 1920 non
1536 1883 1659 1937 pote·

181 1957 280 1995 rant
311 1949 357 1996 id
391 1951 511 2015 quod
542 1962 638 1999 erat
659 1951 705 1998 in
730 1968 817 1999 usu
850 1951 1112 2016 quotidiano
1146 1951 1339 2015 positum
1358 1987 1368 2006 ,
1406 1949 1655 1997 cuiusmodi

181 2024 378 2088 proiecto
409 2037 504 2073 erat
536 2027 773 2076 celebratio
806 2028 1112 2091 coniugiorum
1141 2028 1270 2089 (71);
1303 2029 1350 2073 4.
1373 2025 1490 2082 Quia
1528 2025 1657 2091 plura

181 2117 233 2147 ex
273 2100 384 2157 illis,
419 2118 535 2166 quae
564 2103 711 2150 adhuc
742 2114 984 2168 supersunt
1022 2102 1214 2159 ritualia,
1259 2102 1304 2148 in
1346 2102 1511 2167 quibus
1551 2102 1658 2151 ordo

179 2175 368 2224 traditur
402 2177 766 2226 celebrandorum
801 2180 1132 2243 coniugiorum,
1166 2178 1278 2226 etin
1307 2178 1473 2243 quibus
1508 2189 1657 2243 aperte

273 2294 339 2337 (69)
360 2295 452 2327 Dixi:
475 2297 624 2337 caeperat
647 2305 739 2328 nova
762 2296 944 2330 methodus
966 2296 1153 2337 introduci,
1180 2305 1256 2329 nun
1278 2297 1307 2329 si
1325 2305 1434 2338 presse
1453 2305 1491 2329 ac
1513 2297 1658 2338 rigoroso

174 2354 270 2380 sensu
292 2347 383 2388 loqui
407 2347 567 2388 velimus,
592 2348 779 2381 scholastici
801 2356 865 2381 non
891 2350 1065 2390 caeperunt
1092 2348 1155 2381 nisi
1175 2350 1249 2391 post
1269 2350 1401 2382 Petrum
1424 2346 1655 2388 Lombardum,

176 2399 233 2440 qui
245 2399 289 2432 ob
300 2399 406 2432 editos
417 2408 493 2433 suos
506 2402 645 2441 quatuor
658 2401 760 2434 libros
771 2401 1003 2434 sententiarum
1015 2426 1025 2443 ,
1044 2403 1212 2443 Macte-ter
1225 2403 1482 2435 sententiarum
1496 2402 1559 2434 fuit
1573 2408 1655 2433 nun-

174 2454 332 2493 cupatus,
354 2452 411 2493 qui
433 2461 511 2486 vero
532 2453 592 2486 hos
611 2453 714 2486 libros
734 2455 974 2487 commentariis
998 2455 1205 2488 illustrarunt
1227 2456 1335 2488 vocati
1357 2457 1434 2487 sunt
1456 2455 1655 2488 scholastici

174 2506 321 2546 respectu
341 2506 513 2547 maqistri.
529 2506 563 2538 Si
584 2505 735 2548 ampliori
755 2506 988 2548 significatione
1008 2508 1276 2541 scholasticorum
1298 2516 1415 2540 nomen
1439 2516 1651 2549 usurpemus,

175 2559 300 2590 certum
313 2559 363 2591 cst
377 2558 465 2600 quod
487 2559 582 2601 longe
606 2560 684 2592 aute
701 2560 892 2601 nagistrum
909 2561 1089 2602 coeperint,
1106 2568 1182 2593 cum
1194 2585 1204 2601 ,
1224 2561 1272 2592 uti
1293 2560 1476 2592 videbimus
1487 2584 1498 2601 ‚
1515 2560 1551 2592 in
1570 2560 1655 2593 uotis

175 2609 413 2652 chronologicis
428 2611 480 2644 vel
495 2611 602 2653 ipsum
618 2621 645 2644 s.
664 2613 865 2645 Bernardum
881 2614 1124 2655 praecesserint.

271 2662 337 2704 (70)
358 2663 444 2696 Satis
461 2664 511 2696 est
527 2664 678 2697 manibus
691 2665 794 2697 terere
809 2665 946 2698 istorum
959 2666 1149 2705 volumina,
1166 2665 1203 2696 ut
1223 2664 1362 2705 quisque
1380 2672 1475 2705 saepe
1488 2664 1557 2697 suis
1575 2664 1655 2705 ipsis

175 2711 280 2746 oculis
293 2713 511 2755 deprehendat
525 2715 645 2757 passim
659 2716 718 2749 lios
731 2716 837 2758 patres
851 2717 892 2749 ab
907 2717 987 2758 ipsis
1001 2717 1134 2757 allegari
1153 2724 1212 2757 pro
1227 2715 1390 2749 substrata
1407 2716 1553 2748 nuteria.

271 2764 337 2806 (71)
357 2765 452 2799 Tales
466 2766 550 2799 inter
564 2768 688 2800 ceteros
707 2768 838 2801 suerunt
852 2769 966 2802 Petrus
985 2767 1203 2808 Lombardus,
1225 2776 1252 2801 s.
1267 2768 1510 2808 manentum,
1529 2770 1651 2801 Duran-

178 2816 239 2848 dus
250 2841 259 2856 ,
277 2817 392 2850 Petrus
415 2817 599 2852 Paludanus
612 2820 674 2852 etc.
