1918 3186
331 175 421 221 100
586 190 666 222 un.
696 189 726 220 1.
756 186 870 219 sacr.
899 186 927 217 1.
957 186 1010 217 nn
1044 186 1216 219 mrum.
1247 186 1528 219 smmumwro.

330 267 630 316 honestandas
663 264 840 330 nuptias
873 280 1000 312 sacro
1033 264 1134 311 ritu.
1167 264 1364 321 Etenim,
1400 274 1446 311 et
1478 281 1559 312 nos
1592 265 1796 323 fatemur,

329 344 418 392 imo
441 354 482 391 et
505 341 813 390 contendimus
846 339 1079 389 ecclesiam
1114 358 1288 404 semper
1320 339 1607 388 abhorruisse
1636 359 1663 389 a
1696 359 1802 390 con-

330 419 466 483 iugiis
510 416 824 472 clandestinis,
873 434 988 482 quae
1021 417 1120 482 ipsa
1153 434 1396 481 numquam
1431 434 1518 463 non
1553 417 1803 481 reprobavit

330 505 552 559 tamquam
577 493 808 556 illegitima
822 531 832 550 ,
860 493 1059 558 adeoque
1075 493 1361 540 constituisse
1377 493 1538 556 iugiter
1553 503 1603 540 ut
1619 494 1803 557 nuptiae

329 569 595 618 christianae
618 568 664 614 in
688 567 801 615 facie
824 567 1038 616 ecclesiae
1071 567 1415 624 celebrarentur,
1453 585 1505 615 ac
1534 568 1621 615 ritu
1645 585 1773 616 sacro
1788 607 1801 625 ‚

329 644 589 710 praesertim
617 661 721 692 vero
745 643 1053 692 benedictione
1089 644 1350 691 sacerdotali
1382 644 1800 701 condecorarentur,

329 730 372 767 et
394 729 716 767 sacramentum
749 736 802 766 ea
833 735 922 783 qua
953 735 1033 782 par
1066 727 1135 764 est
1167 718 1397 767 sanctitate
1429 719 1800 776 circumdaretur,

329 806 461 860 atque
473 795 605 842 etiam
623 794 782 842 certior
797 794 987 859 ipsamet
1005 794 1128 842 fieret
1142 793 1198 841 de
1208 794 1316 842 inito
1333 795 1538 859 coniugio
1555 796 1612 843 ad
1630 814 1805 844 omnem

328 871 528 919 fraudem
554 870 915 935 praecavendam.
948 870 1140 918 Necesse
1175 870 1362 934 proinde
1395 871 1506 919 foret
1527 882 1577 919 ut
1599 890 1652 920 ea
1675 873 1806 921 affer-

331 956 483 994 rentur
501 945 779 1003 documenta,
802 944 985 1010 quibus,
1008 944 1079 992 sin
1098 944 1245 992 minus
1259 945 1456 1002 disertis,
1483 946 1632 994 verbis
1651 946 1807 995 saltem

329 1022 742 1087 aequivalentibus,
794 1021 1024 1085 patefieret
1067 1021 1234 1085 requiri
1277 1021 1548 1070 sacerdotem
1583 1033 1807 1088 tamquam

329 1098 583 1162 nuptiarum
624 1098 874 1146 ministrum
899 1136 909 1154 ,
957 1097 1146 1162 eiusque
1187 1097 1541 1146 benedictionem
1578 1109 1804 1164 tamquam

329 1173 516 1220 formam
550 1172 608 1220 ad
642 1182 967 1221 sacramentum
1001 1172 1343 1221 conficiendum.

426 1249 520 1296 Iam
542 1266 646 1297 vero
669 1266 725 1296 ne
747 1266 884 1296 unum
909 1248 1091 1313 quidem
1114 1266 1168 1295 ex
1192 1259 1268 1305 tot,
1291 1266 1406 1314 quae
1429 1249 1591 1297 adduci
1626 1267 1810 1298 consue-

330 1335 488 1373 verunt
509 1325 784 1373 documentis
798 1363 808 1382 ,
830 1342 883 1372 ex
900 1325 975 1389 pia
992 1325 1253 1389 antiquitate
1270 1335 1363 1382 est,
1386 1326 1506 1390 quod
1523 1326 1593 1374 vel
1611 1326 1810 1374 insinuet

331 1400 377 1448 id
411 1400 531 1465 quod
555 1400 642 1448 sibi
666 1400 814 1449 Canus
849 1399 1127 1464 probandum
1162 1400 1406 1465 proposuit.
1429 1401 1615 1448 Etiamsi
1649 1418 1810 1464 magno

330 1492 514 1523 numero
546 1475 644 1540 ipse
678 1474 872 1523 attulerit
910 1474 1196 1538 allegationes
1227 1492 1280 1522 ex
1315 1475 1510 1523 Gratiani
1550 1477 1810 1540 praesertim

328 1551 502 1597 Decreto
517 1570 531 1606 ,·
558 1561 702 1598 tamen
726 1551 847 1598 haud
872 1550 1050 1607 dubito,
1079 1550 1188 1615 quin
1214 1550 1252 1598 si
1277 1550 1425 1599 Canus
1458 1551 1616 1600 sedulo
1645 1570 1810 1617 expen-

328 1626 470 1674 disset
492 1644 544 1675 ac
567 1626 612 1673 in
637 1627 830 1691 propriis
863 1626 1061 1675 fontibus
1089 1627 1354 1675 documenta
1376 1627 1453 1674 illa
1476 1628 1804 1692 perlustrasset,

328 1720 539 1768 umquam
574 1703 727 1750 fidenti
762 1703 872 1751 adeo
907 1704 1054 1751 animo
1086 1720 1139 1751 ea
1168 1721 1248 1768 pro
1282 1721 1365 1750 sua
1399 1705 1619 1752 sententia
1653 1704 1812 1753 fuisset

329 1779 561 1829 allaturus.
592 1779 720 1837 Quod
748 1791 798 1827 ut
827 1797 908 1828 nos
941 1779 1212 1837 efficiamus,
1245 1779 1508 1828 documenta
1541 1780 1721 1843 singula
1753 1780 1812 1829 le-

331 1855 529 1918 gentium
562 1855 704 1903 oculis
739 1855 1055 1912 subiiciemus,
1098 1867 1148 1903 ut
1184 1873 1264 1920 per
1301 1873 1351 1903 se
1390 1856 1458 1904 vel
1493 1856 1580 1920 ipsi
1614 1856 1812 1905 iudicent

330 1942 462 1996 atque
495 1935 777 1996 experiantur
809 1949 960 1981 eorum
978 1969 988 1988 ,
1025 1949 1139 1996 quae
1173 1931 1520 1989 affirmavimus,
1558 1932 1804 1980 veritatem.

429 2006 556 2063 Quod
579 2018 817 2072 antequam
841 2007 1050 2064 efficiam,
1075 2007 1130 2054 ad
1147 2007 1238 2055 vim
1261 2007 1502 2055 universim
1527 2007 1804 2065 elevandam,

332 2081 420 2128 imo
449 2081 687 2129 tollendam
714 2083 890 2146 penitus
915 2082 971 2130 ab
994 2082 1068 2129 his
1090 2082 1297 2129 omnibus
1322 2083 1605 2140 testimoniis,
1634 2100 1687 2130 ex
1710 2082 1811 2147 qui-

330 2155 415 2203 bus
450 2157 594 2220 arguit
627 2157 774 2204 Canus
809 2175 888 2222 pro
923 2175 1005 2205 sua
1039 2157 1284 2214 sententia,
1325 2157 1484 2205 iuverit
1516 2157 1720 2221 generale
1742 2157 1810 2204 vi-

333 2231 441 2279 tium
466 2232 510 2278 in
535 2233 630 2280 eius
655 2233 1031 2296 argumentatione
1066 2233 1255 2297 aperire.
1286 2234 1387 2298 lpse
1410 2234 1544 2296 igitur
1566 2251 1654 2280 non
1679 2244 1811 2296 negat

329 2307 555 2355 veritatem
579 2319 621 2355 et
643 2309 835 2356 valorem
868 2309 1155 2366 matrimonii,
1184 2309 1256 2356 cui
1281 2326 1369 2357 non
1401 2308 1699 2365 benedicitur,
1729 2309 1808 2356 sed

331 2393 462 2446 negat
499 2383 609 2431 illud
644 2400 746 2431 esse
780 2394 1138 2440 sacramentum;
1186 2384 1354 2448 quippe
1398 2383 1576 2431 nonnisi
1621 2384 1810 2448 officium

331 2457 581 2513 humanum,
610 2469 659 2506 ut
681 2469 829 2523 patres
853 2458 974 2522 loqui
1001 2458 1156 2507 solent.
1182 2458 1299 2514 Quin
1329 2459 1462 2506 etiam
1488 2458 1553 2506 sic
1575 2475 1810 2521 argumen-

331 2543 470 2581 tatur:
510 2533 792 2582 manifestum
826 2544 917 2590 est,
956 2533 1235 2581 matrimonia
1251 2571 1261 2589 ,
1290 2550 1406 2598 quae
1429 2533 1486 2580 ab
1509 2533 1581 2580 his
1606 2534 1808 2598 patribus

331 2607 420 2655 fere
456 2609 804 2674 aequiparantur
837 2608 1064 2658 adulteriis
1081 2646 1091 2665 ,
1120 2625 1208 2657 non
1232 2626 1332 2656 esse
1357 2619 1656 2666 sacramenta3
1685 2610 1808 2674 atqui

330 2683 376 2731 in
411 2694 583 2748 patrum
613 2686 867 2734 eorumdem
904 2685 1122 2734 sententia
1157 2685 1279 2733 fuere
1310 2684 1460 2732 valida
1494 2685 1802 2741 matrimonia;

330 2775 433 2821 ergo
451 2760 794 2819 matrimonium,
810 2761 929 2826 quod
948 2779 1035 2808 non
1057 2760 1115 2809 sit
1132 2770 1476 2818 sacramentum,
1490 2760 1688 2809 validum
1706 2777 1807 2808 esse
