1912 3180
320 187 411 232 314
584 200 663 232 Lm.
694 200 723 231 1.
752 198 866 231 sacr.
895 200 1067 232 ALTERA.
1096 201 1149 232 nr.
1173 200 1349 232 numu.
1379 199 1518 233 cmm.

316 278 471 326 foedus
495 293 625 323 suum
654 275 800 339 iugale
832 287 1035 341 spectant
1056 287 1106 324 ut
1129 277 1271 325 solum
1303 277 1477 325 civilem
1508 289 1778 329 contractum

316 354 433 400 omni
459 346 683 415 religionis
708 353 932 417 praesidio
954 353 1251 401 destitutum?
1269 353 1386 409 Quid
1405 354 1463 400 ab
1482 354 1538 402 iis
1557 366 1778 420 expectes,

315 428 392 492 qui
440 445 683 492 numquam
718 429 774 476 ad
809 428 1022 477 salutaria
1067 440 1343 477 sacramenta
1385 431 1624 488 accedunt,
1668 449 1787 496 quae

315 515 460 551 tamen
493 504 821 552 validissimum
851 505 1049 553 fraenum
1081 506 1391 570 suppeditant,
1429 524 1486 554 ne
1517 507 1619 572 quis
1655 507 1786 571 fragi-

314 580 426 628 litati
454 591 611 628 natura
629 581 714 629 sibi
734 582 895 630 insitae
918 582 1072 638 cedat,
1100 591 1232 646 atque
1256 581 1302 628 in
1327 599 1536 648 praeceps
1560 583 1785 631 dilabatur

315 674 369 705 ac
391 667 517 714 ruat,
545 674 647 705 cum
670 657 727 705 ab
756 658 813 705 iis
846 657 1180 722 frequentandis
1203 658 1249 704 in
1274 658 1352 705 tali
1376 669 1492 706 statu
1515 659 1572 706 ab
1594 659 1783 707 ecclesia

315 732 586 780 arceantur?
618 733 768 781 Honor
797 750 848 780 ac
882 732 1087 797 propriae
1120 732 1484 790 existimationis,
1524 751 1604 781 seu
1638 734 1783 798 diqm‘-

314 810 418 856 tatis
443 809 651 856 humanae
675 826 836 858 sensus
851 847 860 864 ,
889 826 1132 873 numquam
1156 808 1375 856 defectum
1399 809 1629 873 religionis
1654 827 1783 875 repa-

315 885 430 932 rabit
451 902 503 932 ac
527 885 866 950 praesidiorum,
890 883 1054 948 quibus
1079 883 1179 949 ipsa
1200 885 1338 932 utitur
1360 877 1639 933 ad-homines
1664 902 1783 933 com—

315 962 564 1025 pescendos
587 979 612 1010 a
635 961 773 1017 vitiis,
812 970 946 1026 atque
979 960 1035 1008 ad
1068 960 1273 1009 virtutem
1309 962 1630 1026 promovendos
1659 963 1777 1024 (15).

313 1037 586 1094 Quotidiana
619 1037 890 1102 experientia
917 1037 1258 1086 ineluctabiliter
1282 1038 1524 1103 practicam
1558 1038 1676 1085 hanc
1712 1055 1784 1086 ve-

316 1115 489 1161 ritatem
521 1114 730 1162 ostendit.
769 1114 942 1162 Deinde
976 1114 1138 1163 frustra
1171 1114 1353 1163 honoris
1387 1132 1440 1162 ac
1473 1115 1680 1179 propriae
1713 1115 1783 1161 di-

313 1190 495 1253 gnitatis
542 1189 746 1237 stimulos
782 1191 980 1256 requires
1014 1191 1059 1237 in
1093 1191 1178 1248 iis,
1216 1191 1319 1273 qui,
1358 1191 1569 1255 opinione
1602 1190 1781 1255 publica

314 1265 598 1330 posthabita,
626 1266 826 1331 profanis
861 1267 933 1315 his
967 1267 1136 1332 nuptiis
1170 1245 1359 1315 contenti
1383 1267 1439 1314 de
1463 1267 1675 1330 religione
1697 1267 1784 1315 sol-

312 1340 421 1388 liciti
456 1358 545 1390 non
580 1353 709 1400 sunt,
747 1360 933 1408 eamque
967 1343 1116 1408 potius
1149 1353 1433 1392 contemnunt
1466 1360 1519 1390 ac
1553 1343 1682 1389 nihili
1716 1343 1784 1390 fa-

311 1429 450 1465 ciunt.

410 1494 626 1542 lndirecte
659 1495 764 1542 item
798 1495 887 1543 vim
922 1494 1055 1543 habet
1091 1495 1246 1542 eadem
1282 1495 1351 1542 lex
1387 1496 1432 1541 in
1468 1513 1639 1543 morum
1685 1513 1781 1543 cor-

313 1571 562 1635 ruptionem
602 1572 769 1619 ratione
804 1571 958 1619 habita
992 1571 1282 1619 institutionis
1316 1571 1589 1627 liberorum,
1628 1589 1744 1636 quae
1765 1611 1776 1629 ,

312 1656 361 1693 ut
393 1646 506 1694 alias
540 1647 952 1706 animadvertimus,
993 1647 1238 1695 christiana
1261 1664 1313 1694 ac
1337 1647 1544 1711 religiosa
1567 1665 1668 1694 esse
1691 1665 1778 1696 non

312 1732 458 1786 potest
489 1740 543 1770 ex
576 1734 701 1788 parte
733 1741 902 1780 eorum,
932 1723 1007 1788 qui
1033 1723 1180 1772 officia
1212 1723 1438 1787 religionis
1474 1741 1559 1771 non
1596 1724 1782 1789 implent

312 1798 561 1854 cuiusmodi
596 1816 697 1846 esse
730 1817 806 1847 eos
845 1800 1061 1855 vidimus,
1100 1801 1176 1865 qui
1212 1800 1402 1847 civiliter
1438 1810 1609 1847 tantum
1649 1817 1779 1864 copu-

313 1874 472 1921 lantur.
497 1874 691 1922 Primum
719 1875 837 1923 enim
867 1877 1134 1924 christianae
1157 1893 1209 1924 ac
1232 1876 1464 1939 religiosae
1488 1876 1780 1923 institutionis

312 1950 623 1998 documentum
652 1962 720 1999 est
745 1951 996 2017 exemplum
1026 1952 1326 2000 institutorum
1356 1952 1475 1999 iuxta
1508 1951 1619 1999 illud
1652 1969 1782 2015 gene-

315 2026 407 2073 rale
441 2026 622 2074 effatum
655 2037 832 2092 poetae:
860 2029 914 2075 Si
933 2029 1002 2075 vis
1023 2046 1088 2075 me
1110 2029 1232 2093 flere,
1261 2027 1488 2074 dolendum
1510 2037 1572 2074 est
1588 2029 1781 2092 primum

313 2104 403 2168 ipsi
441 2103 523 2150 tibi
544 2122 559 2159 ;
602 2103 799 2170 alioquin
835 2104 1163 2152 exhortationes
1197 2121 1248 2152 ac
1281 2104 1450 2151 monita
1482 2105 1571 2152 vim
1605 2121 1780 2152 omnem

315 2197 442 2227 suam
480 2181 712 2238 amittunt,
749 2193 794 2229 et
826 2181 974 2229 cancri
1009 2181 1179 2246 proles,
1218 2192 1267 2229 ut
1300 2181 1449 2228 fabula
1483 2181 1635 2239 docet,
1665 2199 1781 2230 sem-

310 2273 392 2320 per
424 2267 662 2305 retrorsum
697 2257 886 2305 incedet.
916 2257 1033 2314 Quid
1068 2275 1199 2322 porro
1232 2258 1427 2305 futurum
1462 2258 1520 2305 sit
1553 2258 1610 2304 de
1643 2258 1776 2314 filiis,

313 2333 391 2397 qui
416 2333 530 2381 inter
551 2334 795 2382 domestica
817 2334 929 2382 haec
952 2334 1165 2382 scandala
1198 2334 1481 2390 adolescunt,
1510 2333 1696 2399 quilibet
1727 2351 1779 2380 ex

313 2426 435 2467 sese,
476 2409 584 2475 quin
620 2410 750 2475 plura
783 2410 1078 2468 adiiciamus,
1118 2410 1363 2468 coniicere,
1402 2429 1480 2459 seu
1515 2410 1664 2458 verius
1700 2427 1781 2474 pro

409 2601 476 2642 (15)
495 2603 543 2633 Ex
563 2602 614 2634 his
636 2603 746 2643 patet,
770 2611 826 2643 per
848 2611 947 2644 quam
969 2601 1143 2634 ridiculum
1167 2610 1237 2634 csse
1259 2601 1448 2642 oraculum,
1474 2601 1561 2642 quod
1582 2601 1781 2642 irreligiosus

312 2654 449 2694 scriptor
463 2655 600 2687 Michael
614 2655 724 2688 Amari
739 2656 831 2688 velut
846 2664 884 2688 ex
899 2653 1028 2697 tripode
1047 2654 1241 2696 pronunciat
1253 2655 1286 2686 in
1300 2662 1353 2695 op.
1368 2655 1484 2686 storia
1504 2653 1780 2686 de’musulmam·

313 2705 350 2737 in
377 2706 509 2740 Sicilia.
531 2707 662 2741 Firenze
688 2711 776 2742 1854.
801 2710 882 2742 tom.
896 2710 922 2741 1.
937 2716 1007 2750 cap.
1019 2709 1074 2741 lx.
1089 2716 1160 2749 pag.
1179 2709 1250 2741 22⁴.
1266 2707 1315 2740 «ΙΙ
1329 2707 1521 2743 sentimento
1548 2706 1635 2740 dena
1657 2706 1779 2747 dignita

311 2765 450 2797 muana,
475 2759 535 2791 che
556 2760 629 2792 solo
648 2761 714 2802 pno
735 2762 919 2793 mantenere
933 2760 943 2792 i
958 2760 1057 2792 buoni
1075 2759 1232 2800 costumi,
1249 2767 1304 2792 era
1318 2759 1475 2791 sotiocato
1494 2759 1781 2793 necessariamente

313 2809 346 2840 in
364 2818 406 2841 un
420 2811 550 2851 popolo,
566 2812 588 2843 il
602 2813 654 2844 cui
669 2813 828 2845 intelietto
839 2821 949 2853 gemea
962 2813 1011 2845 tra
1024 2812 1034 2844 i
1048 2812 1140 2853 ceppi
1155 2811 1206 2844 dei
1222 2812 1295 2844 frati
1308 2819 1326 2843 e
1340 2811 1427 2843 (lello
1440 2811 1666 2852 imperatore.»
