1918 3186
273 147 297 197 6
529 167 610 197 un.
640 166 668 197 1.
700 165 810 196 SECT.
841 166 870 193 Ι.
900 164 951 195 DE
986 164 1156 195 numu.
1180 165 1459 197 sAanMEN'ro.

268 243 371 291 fidei
396 242 686 307 proditorem,
713 242 901 304 eiusque
926 240 1144 287 asseclam
1168 242 1375 289 loannem
1399 242 1734 309 Cariophyllum

266 336 386 367 saec.
406 319 536 365 XVII.
554 354 564 374 ,
589 315 840 380 cuiusmodi
865 315 986 364 fuere
1006 317 1210 382 synodus
1234 318 1629 384 hierosolymitana
1650 318 1739 368 aab

266 394 478 443 Dositheo
513 392 768 458 patriarcha
785 430 796 448 ,
841 391 1044 458 aliaeque
1081 404 1259 442 coactae
1302 394 1395 442 sub‘
1429 394 1595 461 Cyrillo
1632 397 1737 443 Ber-

267 470 472 518 rhocensi
512 486 564 517 ac
603 468 838 516 Parthenio
877 467 1079 526 seniore;
1118 483 1200 517 nec
1240 487 1328 518 non
1369 488 1422 518 ex
1460 471 1740 520 confessione

265 547 509 594 orthodoxa
525 584 536 604 ,
574 563 628 593 ex
662 545 920 593 tractatibus
936 585 947 603 ,
984 545 1427 613 expositionibusque
1448 548 1704 599 eorumdem
1721 587 1732 606 ‚

267 622 552 686 Gregoriique
586 617 903 686 Protosyncelli
922 660 932 678 ,
971 632 1090 686 patet
1118 639 1282 670 omnes
1321 640 1415 671 uno
1449 641 1526 671 ore
1558 641 1739 690 unoque

265 715 486 745 consensu
520 698 671 745 testari
712 697 833 745 iuxta
872 708 1133 762 perpetuam.
1171 698 1386 747 eeclesiae
1419 698 1648 748 orientalis
1686 701 1738 748 fi-

264 774 386 830 dem,
424 773 749 821 matrimonium
785 792 920 820 unum
955 790 1057 820 esse
1091 774 1147 821 de
1181 786 1350 838 septem
1385 777 1677 824 sacramentis
1700 794 1739 824 a

266 850 444 897 Christo
483 850 696 897 institutis
719 851 852 911 (11).
891 849 1062 896 Deinde
1097 850 1135 897 si
1172 851 1456 899 consulamus
1490 853 1737 900 Simeonem

266 926 689 974 thessalonicensem
729 925 1018 990 praecipuum
1058 926 1317 990 posterioris
1352 927 1448 974 aevi
1483 945 1739 991 graecorum

267 1003 519 1066 theologum
538 1041 547 1059 ‚
596 1002 675 1066 qui
723 1001 873 1049 ssoruit
914 1018 1010 1049 sec.‘
1040 1002 1129 1047 XV.
1168 1002 1347 1049 ineunte
1391 1004 1488 1065 (12)
1511 1041 1521 1059 ,
1576 1003 1746 1070 quique

267 1078 456 1125 adstruit
483 1074 774 1125 christianum
805 1077 1058 1141 coniugium
1086 1078 1200 1129 inter
1229 1090 1399 1143 septem
1430 1079 1646 1127 ecclesiae
1675 1097 1744 1127 sa-

268 1165 491 1202 cramenta
519 1155 642 1216 (13);
674 1154 710 1201 si
742 1154 1036 1219 antiquiorem
1063 1166 1290 1219 praeterea
1318 1156 1613 1221 inspiciamus
1637 1155 1742 1204 fidei

266 1230 591 1278 confessionem
619 1230 849 1277 Michaelis
883 1229 1162 1295 imperatoris
1189 1231 1452 1295 paulo-ante
1477 1249 1746 1280 commemo-

270 1316 408 1353 ratam
432 1306 479 1352 in
503 1305 690 1353 concilio
714 1305 981 1369 lugdunensi
1007 1306 1303 1353 11.sec.xlll.
1320 1307 1499 1356 abunde
1524 1308 1666 1374 liquet
1689 1309 1746 1356 de

268 1381 399 1446 plena
429 1392 471 1429 et
498 1382 693 1447 perfecta
721 1398 774 1429 ea
802 1391 946 1429 aetate
975 1381 1092 1429 circa
1119 1382 1240 1430 hunc
1267 1383 1501 1430 articulum
1529 1384 1747 1432 ecelesiae

267 1457 496 1505 orientalis
529 1475 630 1506 cum
663 1457 925 1505 occidentali
960 1458 1267 1505 consensione.

363 1534 418 1581 At
440 1551 493 1580 ex
516 1534 588 1581 his
614 1534 932 1582 recentioribus
950 1535 1248 1582 monumentis
1266 1535 1321 1581 ad
1341 1536 1596 1600 antiquiora
1613 1554 1744 1600 porro

270 1621 554 1674 assurgentes
595 1610 877 1675 pervenimus
912 1610 967 1657 ad
1002 1610 1263 1674 euchologia
1282 1650 1291 1667 ,
1341 1628 1483 1677 eaque
1524 1613 1745 1677 antiquis-

270 1687 412 1744 sima,
450 1687 496 1734 in
532 1686 696 1753 quibus
744 1687 927 1753 officium
966 1689 1277 1742 coronationis,
1317 1705 1396 1736 seu
1434 1688 1745 1737 celebrationis

270 1763 524 1827 nuptiarum
548 1763 809 1811 continetur.
847 1763 938 1809 Iam
962 1780 1065 1810 vero
1091 1762 1249 1809 horum
1274 1763 1634 1827 euchologiorum
1658 1765 1747 1812 ori-

270 1839 417 1902 ginem
443 1838 574 1903 plane
598 1838 956 1903 antiquissimam
981 1855 1082 1886 esse
1105 1839 1264 1887 exinde
1287 1851 1480 1897 constat,
1498 1841 1617 1906 quod
1642 1859 1746 1888 non-

271 1915 493 1963 nullorum
528 1933 637 1963 mss.
672 1915 846 1963 codices
882 1916 1142 1980 perveniant
1169 1916 1226 1962 ad
1256 1933 1346 1964 sec.
1380 1916 1596 1964 ecclesiae
1628 1929 1748 1965 octa-

265 2007 372 2039 vum
402 2009 542 2057 eoque
569 1992 762 2057 amplius
793 1993 909 2055 (14).
935 1993 1056 2039 Haec
1084 1992 1219 2056 igitur
1242 2010 1359 2058 quae
1386 1993 1431 2039 in
1460 2011 1547 2040 usu
1572 1993 1748 2042 fuerunt

271 2069 316 2115 in
359 2069 565 2116 omnibus
610 2086 866 2132 graecorum
918 2069 1120 2117 ecclesiis
1166 2069 1296 2133 longe
1341 2081 1442 2117 ante
1484 2070 1746 2134 photianum

272 2145 492 2201 schisma,
527 2141 654 2193 nobis
690 2145 900 2196 exhibent
933 2145 1064 2192 ritum
1100 2163 1189 2211 quo
1217 2144 1643 2194 administrabantur
1675 2163 1748 2193 sa-

369 2250 436 2291 (11)
457 2252 504 2281 De
523 2250 574 2282 his
589 2250 659 2282 fuse
675 2250 741 2290 agit
754 2250 976 2282 Renaudotius
994 2252 1123 2282 tom.V.
1135 2253 1183 2283 De
1197 2250 1234 2283 la
1245 2245 1443 2292 perpetuae
1453 2250 1496 2282 de
1513 2249 1611 2290 lasci
1623 2251 1680 2283 liv.
1690 2253 1747 2284 vl.

274 2303 325 2335 ch.
338 2305 363 2334 1.
376 2303 433 2343 qui
449 2303 544 2335 affert
556 2303 738 2335 testimonia
754 2304 939 2336 authentica
960 2303 1190 2344 consessionis
1213 2303 1427 2336 orthodoxae
1438 2326 1450 2343 ,
1471 2304 1616 2344 Gregorii
1639 2305 1750 2337 Proto-

272 2355 424 2396 syncelli,
445 2357 477 2388 et
496 2355 692 2388 Euchiridn'i
709 2359 833 2388 contra
856 2357 1060 2391 lutheranos
1076 2359 1111 2390 ec
1125 2357 1331 2389 calvinistes
1347 2356 1426 2389 editi
1445 2365 1464 2389 a
1479 2357 1662 2397 patriarcha
1686 2358 1748 2389 Do·

272 2409 375 2440 sitlieo
398 2417 462 2440 una
478 2417 552 2440 cum
571 2409 729 2449 opusculo
749 2403 883 2441 Jo'annis
899 2409 1099 2450 cariophylli
1118 2417 1157 2441 ac
1175 2408 1366 2442 Hieremiae.
1386 2410 1478 2447 Quae
1491 2416 1566 2442 cum
1582 2409 1751 2442 notissima

271 2461 334 2492 sint
347 2485 356 2501 ,
371 2469 411 2493 ne
437 2461 596 2501 longiores
622 2461 741 2501 simus,
769 2461 898 2493 silentio
926 2457 1226 2502 praetermittimus.

369 2514 396 2553 (1
404 2513 435 2550 2)
449 2514 538 2545 Obiit
549 2514 635 2546 enim
650 2522 702 2546 an.
717 2517 806 2546 1429.
819 2516 870 2546 De
879 2523 946 2555 quo
955 2514 997 2546 cf.
1006 2516 1036 2547 J.
1049 2518 1084 2546 Α.
1093 2514 1278 2546 Fabricium
1287 2514 1454 2547 Biblioth.
1465 2523 1592 2555 yraeca
1599 2517 1679 2548 tom.
1689 2517 1747 2548 xl.

271 2577 302 2607 p,
323 2571 393 2599 300.
409 2567 460 2598 ed.
477 2567 653 2607 Hambnrgi
675 2571 764 2599 1808.

370 2619 435 2659 (13)
458 2621 492 2650 ln
515 2621 627 2652 Tracc.
644 2619 686 2652 de
702 2627 852 2652 sacram.
867 2628 938 2661 cap.
954 2623 1026 2653 276.
1042 2620 1074 2652 et
1087 2628 1216 2652 rursum
1231 2622 1281 2652 De
1294 2622 1426 2652 initiat.
1439 2629 1509 2662 cap.
1529 2625 1578 2654 33.
1596 2622 1748 2661 «septem

272 2680 415 2712 quoque,
431 2671 561 2711 scribit,
576 2674 652 2704 sunt
672 2672 826 2704 ecclesiae
846 2674 1048 2705 sacramenta
1059 2697 1068 2713 ,
1083 2681 1170 2713 quac
1189 2681 1246 2713 per
1259 2672 1411 2713 spiritum
1425 2674 1612 2714 operantur,
1635 2671 1748 2705 videli-

274 2724 325 2755 cet
341 2723 536 2763 baptismus,
552 2726 763 2764 unguentum,
773 2725 976 2765 communio,
991 2726 1147 2766 nuptiae,
1162 2725 1374 2765 poenitentia,
1390 2726 1422 2758 et
1435 2727 1583 2758 sanctum
1605 2726 1747 2758 oleum.»

370 2776 435 2816 (14)
457 2776 506 2808 Cf.
529 2777 683 2809 Goarium
699 2778 731 2809 in
742 2779 896 2818 proemio
911 2777 951 2809 ad
968 2786 1062 2809 suum
1080 2777 1341 2817 Eucholoqium.
