1912 3180
301 214 392 245 GAP.
413 214 470 245 lv.
489 213 541 244 m:
561 212 717 245 moun.
737 212 813 244 PRO
832 212 935 244 LEGE
954 212 1006 244 nt:
1024 212 1149 244 nnn.
1164 211 1248 244 clv.
1268 212 1360 245 ΛΒΤ.
1380 212 1425 245 n.
1517 197 1606 244 389

140 303 271 356 geant
294 291 558 357 foedamque
581 292 828 355 transigant
849 292 1002 339 vitam.
1027 292 1105 339 Pia
1129 309 1155 339 a
1178 291 1464 340 s.Francisco
1480 291 1612 356 Regis

140 378 398 433 nuncupata
432 368 621 415 societas
655 378 745 415 tota
780 367 881 414 licet
915 367 1041 414 sitin
1066 368 1359 416 matrimoniis
1393 368 1612 416 eiusmodi

140 444 403 491 miserorum
427 442 802 506 redintegrandis,
824 459 1046 506 expensas
1072 443 1351 502 necessarias
1375 443 1609 500 solvendo,

140 529 341 584 spectata
365 519 540 566 illorum
564 518 847 566 multitudine
870 536 922 566 ac
947 536 1083 583 prava
1105 519 1355 577 voluntate,
1383 521 1527 586 impar
1547 531 1616 568 est

139 595 384 642 remedium
419 606 539 642 tanto
573 595 691 642 malo
724 594 896 642 afferre.
938 594 1120 641 Interim
1154 596 1314 644 vitium
1348 606 1483 644 totam
1524 596 1615 644 sere

138 671 282 719 inficit
315 671 571 719 societatem
600 673 718 733 (66).

236 747 334 804 Qua
367 748 503 811 igitur
537 747 678 795 fronte
713 747 948 812 improvidi
983 747 1345 812 pseudo-politici
1371 749 1427 796 ad
1452 749 1614 797 Gallia-

139 841 237 871 rum
264 841 317 871 ac
339 824 478 887 Belgii
513 824 688 872 codices
723 833 984 888 provocant,
1013 834 1062 871 ut
1084 824 1196 872 adeo
1219 824 1440 873 exitialem
1465 825 1607 889 legem

138 901 470 948 innumerorum
505 916 619 964 pene
653 899 744 948 illis
782 900 827 946 in
863 899 1119 963 regionibus
1164 899 1380 948 malorum
1426 902 1614 967 amplis-

139 975 298 1022 simam
334 975 670 1038 scaturiginem,
709 974 1002 1023 cohonestent
1035 986 1169 1040 atque
1201 975 1454 1024 suadeant?

238 1051 451 1098 Insanum
480 1067 588 1098 vero
613 1061 681 1098 est
704 1051 975 1116 paradoxum
1011 1051 1219 1115 turpique
1251 1052 1517 1117 sophismati
1543 1052 1613 1099 in-

138 1128 291 1175 nixum
314 1127 508 1175 ministri
534 1127 643 1190 regii
669 1139 888 1175 assertum
904 1165 914 1184 ‚
944 1145 1034 1192 quo
1056 1127 1190 1176 vellet
1220 1129 1314 1176 suis
1342 1130 1613 1193 persuadere

136 1204 279 1268 legem
318 1204 374 1252 de
414 1205 623 1268 coniugio
663 1204 782 1252 civili
818 1221 991 1252 morum
1028 1204 1267 1268 integritati
1302 1205 1614 1271 sanctitatique

136 1280 383 1329 consulere.
424 1281 469 1327 Si
506 1280 651 1328 Gallia
686 1297 761 1327 an.
798 1281 939 1327 1793.
984 1280 1029 1326 in
1072 1290 1237 1327 trucem
1279 1280 1613 1345 inauditamque

140 1356 476 1405 subversionem
506 1356 657 1413 irruit,
688 1373 775 1403 non
800 1355 990 1403 defectui
1014 1355 1210 1419 profecto
1235 1355 1371 1402 huius
1395 1355 1507 1419 legis
1531 1355 1612 1403 ad-

136 1432 421 1480 scribendum
450 1444 543 1488 est,
571 1432 690 1496 quod
726 1431 967 1479 absurdum
1004 1432 1115 1479 foret
1146 1431 1216 1478 vel
1252 1432 1498 1496 suspicari,
1528 1432 1607 1480 sed

137 1508 435 1557 incredulitati
461 1508 1043 1574 pseudo-philosophorum,
1067 1526 1119 1556 ac
1138 1508 1611 1573 pseudo-politicorum

135 1603 219 1650 ope
237 1594 508 1650 propagatae
528 1595 662 1650 atque
677 1585 870 1632 diffusae
888 1623 897 1641 ,
925 1585 1159 1632 universae
1179 1585 1501 1650 propemodum
1519 1603 1614 1633 mo—

136 1679 233 1709 rum
258 1662 528 1727 corruptioni
554 1679 609 1708 ex
635 1661 945 1709 incredulitate
978 1661 1223 1717 derivatae,
1263 1661 1497 1708 hostilitati
1533 1661 1612 1709 ad-

135 1755 290 1785 versus
315 1738 605 1802 apostolicam
631 1738 782 1785 sedem
810 1738 855 1784 in
884 1738 1079 1802 acceptis
1109 1738 1257 1785 referri
1289 1737 1419 1784 debet
1441 1738 1611 1784 subver-

134 1815 198 1860 sio
216 1814 293 1861 illa
315 1815 410 1876 (67)
424 1853 431 1859 .
447 1814 575 1869 Quod
600 1814 638 1861 si
664 1814 812 1861 mitior
831 1814 914 1861 fuit
930 1831 999 1870 ea,
1017 1832 1132 1878 quae
1148 1814 1333 1877 contigit
1350 1831 1421 1860 an.
1441 1815 1582 1860 1848.
1596 1852 1605 1870 ,

137 1905 226 1936 non
250 1888 335 1952 legi
367 1889 423 1936 de
453 1889 659 1952 coniugio
692 1890 838 1945 civili,
876 1889 996 1953 quod
1032 1889 1249 1936 absonum
1290 1889 1453 1952 pariter
1491 1900 1611 1937 esset

135 1964 283 2011 dicere
305 2003 315 2021 ,
347 1965 426 2012 sed
458 1965 643 2012 inssuxui
681 1964 1030 2012 adscribendum
1056 1981 1188 2028 quem
1218 1964 1433 2012 catholica
1456 1965 1611 2029 religio

136 2041 366 2088 exercebat
390 2041 436 2087 in
461 2041 658 2088 omnium
684 2059 797 2105 pene
822 2041 994 2088 animos
1010 2078 1020 2097 ,
1053 2040 1213 2088 reiecto
1236 2051 1280 2088 et
1302 2040 1500 2089 obsoleto
1534 2041 1610 2090 illo

136 2117 635 2183 pseudo-philophismo
663 2117 935 2165 voltaeriano
955 2117 1044 2164 sere
1069 2117 1334 2174 universim,
1366 2118 1612 2183 maiorique

136 2211 241 2258 erga
258 2191 410 2242 sedem
430 2194 720 2259 apostolicam
742 2194 1044 2258 propensioni.
1063 2194 1221 2240 Verum
1238 2204 1283 2240 et
1304 2193 1416 2242 haec
1434 2194 1612 2242 subver-

136 2270 205 2318 sio
222 2269 476 2319 exitialibus
500 2270 715 2319 doctrinis
736 2269 1045 2317 Universitatis
1069 2287 1230 2333 magna
1253 2287 1306 2317 ex
1332 2280 1455 2335 parte
1477 2270 1612 2319 debe—

228 2456 294 2497 (66)
316 2456 403 2488 Haec
417 2454 495 2486 milii
512 2463 551 2486 ex
565 2453 673 2494 Belgio
686 2462 704 2484 a
717 2453 758 2485 cl.
771 2452 1026 2493 doctissimoque
1040 2453 1110 2485 viro
1124 2461 1181 2493 per
1193 2452 1360 2494 epistolam
1372 2452 1483 2485 datam
1496 2453 1550 2486 die
1560 2457 1610 2486 ³0.

138 2508 291 2541 Decemb.
311 2511 400 2540 1⁸55.
417 2507 655 2539 communicata
668 2507 759 2546 sunt,
774 2514 849 2538 cum
864 2514 937 2538 eum
951 2506 1012 2537 hoc
1024 2514 1120 2547 snper
1133 2506 1261 2546 negotio
1274 2506 1509 2547 consuluerim3
1521 2508 1555 2539 et
1567 2507 1614 2539 ta·

138 2570 210 2593 men
226 2563 336 2602 aliqua
350 2562 479 2594 silentio
498 2559 610 2601 pressi.

234 2615 298 2654 (67)
321 2615 406 2646 Satis
432 2615 481 2646 est
509 2613 558 2644 vel
585 2613 697 2644 leviter
719 2621 906 2653 percurrere
923 2611 1047 2643 celebre
1070 2620 1152 2652 opus
1173 2611 1224 2643 ab.
1239 2612 1370 2643 Barruet
1387 2634 1397 2651 ,
1418 2611 1470 2644 cui
1482 2613 1532 2644 tit.
1548 2614 1613 2646 Μέ-

133 2668 256 2699 moires
276 2675 366 2707 pour
380 2668 494 2699 servir
515 2666 537 2698 ὰ
560 2665 737 2697 l’fflseou‘re
750 2664 799 2697 du
807 2664 1036 2705 jacobinisme
1050 2666 1190 2704 quatuor
1205 2664 1270 2696 vol.
1282 2664 1567 2706 in·8.Hambourg,
1580 2666 1613 2698 et

136 2718 281 2751 Lomlres
296 2721 386 2751 1798.
396 2720 433 2750 ut
449 2718 586 2759 quisque
596 2717 753 2757 intelligat
763 2718 946 2749 animorum
962 2716 1234 2757 comparationem
1247 2716 1337 2749 illius
1348 2717 1480 2757 aetatis,
1491 2717 1614 2758 conspi-

134 2771 291 2803 rationem
308 2771 521 2804 universalem
538 2769 943 2812 pseudo-philosophorum
958 2769 1113 2802 adversus
1127 2769 1313 2810 religionem
1327 2769 1547 2811 christianam,
1555 2779 1610 2803 seu

133 2826 288 2858 adversus
306 2824 487 2864 ecclesiam,
503 2825 535 2857 et
554 2823 750 2864 impietatem
772 2823 867 2864 longe
888 2822 1015 2863 lateque
1036 2823 1244 2863 grassantem.
