1918 3186
268 185 358 230 202
519 199 598 231 Lm.
628 198 656 228 1.
686 195 798 228 sacr.
828 197 856 228 ι.
886 196 938 228 ni:
972 197 1142 229 iuram.
1172 197 1451 230 sxcnxusmo.

263 277 484 340 perficitur
515 283 826 321 sacramentum
849 274 926 320 sub
949 275 1088 338 forma
1112 276 1383 339 praescripta
1415 276 1662 334 verborum,
1684 291 1727 328 et

267 363 336 400 est
368 349 678 415 inseparabilis
697 365 748 397 ac
767 350 1020 399 indistincta
1038 369 1065 397 a
1083 362 1377 409 sacramento;
1400 353 1461 400 ita
1478 364 1729 403 contractus

267 427 505 491 nuptialis,
532 427 634 474 dato
663 427 797 474 etiam
813 465 823 483 ,
851 427 968 491 quod
992 438 1093 475 ante
1117 439 1440 479 sacramentum
1463 431 1728 479 matrimonii

267 502 500 559 subsistat,
540 518 627 549 non
650 512 719 549 est
742 502 828 550 nisi
863 503 1046 549 materia
1079 514 1259 559 remota,
1287 521 1386 551 cum
1411 514 1556 552 autem
1589 523 1732 553 sacra-

264 588 451 625 mentum
477 578 699 642 perficitur
732 578 816 626 sub
849 578 1010 626 debitis
1040 579 1394 637 conditionibus,
1422 591 1466 628 et
1487 580 1731 645 prolatione

265 655 430 702 formae
446 654 765 719 praescriptae,
789 655 837 702 fit
855 654 1038 701 materia
1050 657 1254 718 proaeima
1266 692 1278 710 ,
1301 666 1350 703 ut
1366 656 1453 704 iam
1472 674 1559 704 non
1576 657 1732 705 distin-

264 740 425 794 guatur
442 729 499 777 ab
516 730 614 795 ipso
632 730 900 778 matrimonii
928 741 1203 779 sacramento
1237 742 1367 795 prout
1392 749 1567 780 rursum
1597 750 1733 797 expo-

263 807 328 855 nit
360 824 398 855 s.
421 806 612 855 Thomas
651 824 751 854 cum
792 806 968 854 scribit:
1011 807 1298 855 «Dicendum
1333 808 1452 872 quod
1475 846 1485 864 ,
1531 809 1648 856 sicut
1680 825 1730 856 se

265 883 400 931 habet
433 883 597 930 ablutio
631 884 816 930 exterior
838 883 894 930 ad
916 882 1211 947 baptismum,
1240 884 1300 931 ita
1323 901 1372 931 se
1394 884 1528 931 habet
1552 901 1732 948 expres-

266 960 334 1007 sio
368 958 600 1007 verborum
628 959 684 1006 ad
715 959 800 1006 hoc
833 970 1177 1016 sacramentum,
1215 970 1264 1007 ut
1296 960 1463 1008 dictum
1486 971 1555 1008 est
1576 962 1728 1023 (26).»

266 1035 320 1082 Et
345 1034 472 1083 alibi:
507 1054 529 1080 «
550 1034 684 1082 Actus
718 1035 974 1091 exteriores,
1012 1035 1182 1100 inquit,
1209 1046 1252 1083 et
1274 1036 1408 1083 verba
1441 1037 1732 1101 exprimentia

266 1127 533 1160 consensum
566 1110 730 1157 directe
764 1110 929 1158 faciunt
962 1127 1122 1159 nexum
1157 1112 1417 1176 quemdam,
1445 1112 1522 1176 qui
1556 1123 1625 1160 est
1658 1130 1732 1161 sa-

267 1195 537 1234 cramentum
571 1186 836 1233 matrimonii
859 1188 955 1249 (27)
968 1226 974 1232 .
987 1207 1008 1232 »

359 1262 470 1310 Cum
498 1261 682 1326 proinde
708 1262 754 1308 in
780 1279 1059 1328 quacumque
1093 1263 1356 1328 hypothesi,
1395 1282 1474 1312 seu
1507 1265 1730 1328 theologo-

266 1356 363 1387 rum
387 1339 500 1387 inter
517 1356 567 1386 se
585 1340 874 1404 pugnantium
899 1341 1136 1397 sententia,
1177 1351 1499 1388 sacramentum
1533 1342 1729 1405 coniugii

267 1417 327 1463 sit
359 1425 608 1464 contractus
642 1415 928 1473 nubentium,
967 1426 1185 1481 quatenus
1209 1418 1252 1464 vi
1277 1416 1510 1465 verborum
1541 1435 1621 1465 seu
1644 1418 1730 1466 for-

267 1509 366 1540 mae
383 1492 681 1556 praescriptae
699 1491 748 1540 fit
764 1502 1108 1548 sacramentum,
1137 1493 1254 1557 quod
1279 1503 1345 1541 est
1374 1494 1419 1539 in
1444 1493 1728 1550 indivisibili,

270 1577 389 1632 patet
421 1566 613 1632 profecto
647 1578 967 1615 sacramentum
991 1584 1078 1614 non
1102 1567 1292 1633 amplius
1317 1570 1504 1633 spectari
1530 1586 1662 1634 posse
1684 1580 1731 1617 ut

270 1660 362 1690 rem
394 1643 644 1690 distinctam
671 1661 697 1690 a
722 1653 947 1691 contractu
972 1643 1236 1691 connubiali.
1263 1644 1540 1709 Quapropter
1557 1645 1613 1692 ad
1631 1662 1731 1692 eum

265 1718 462 1776 modum,
485 1736 573 1784 quo
590 1719 783 1783 perfecta
798 1720 1005 1768 unctione
1022 1738 1109 1768 non
1128 1731 1271 1785 potest
1295 1721 1510 1784 distingui
1536 1721 1592 1768 ab
1616 1721 1729 1779 oleo,

266 1813 354 1861 quo
382 1796 531 1843 unctio
558 1796 671 1844 facta
704 1807 795 1853 est,
835 1814 914 1844 seu
947 1815 973 1844 a
1007 1808 1280 1845 sacramento
1314 1809 1532 1845 extremae
1561 1798 1733 1846 unctio-

267 1871 363 1927 nis;
396 1882 440 1918 et
468 1882 644 1936 peracta
672 1873 999 1921 consecratione
1024 1891 1111 1921 non
1136 1884 1324 1938 possunt
1346 1874 1559 1937 distingui
1585 1875 1631 1920 in
1654 1891 1731 1921 eu-

269 1947 479 1995 charistia
518 1948 647 2013 panis
687 1966 739 1996 ac
780 1949 931 1996 vinum
965 1968 991 1997 a
1026 1961 1324 2007 sacramento,
1363 1950 1482 2015 quod
1529 1950 1734 1998 subsistit

267 2024 563 2072 mediantibus
589 2025 842 2090 speciebus,
863 2026 924 2073 ita
947 2026 1163 2074 celebrato
1187 2026 1324 2074 semel
1348 2026 1625 2074 matrimonio
1650 2026 1733 2074 sub

267 2099 430 2148 debitis
464 2100 818 2158 conditionibus,
857 2119 944 2149 non
980 2112 1122 2167 potest
1154 2102 1346 2166 amplius
1381 2102 1595 2165 distingui
1630 2119 1733 2149 con-

268 2186 432 2224 tractus
467 2194 494 2223 a
527 2188 833 2234 sacramento,
878 2196 976 2226 cum
1011 2179 1109 2243 ipse
1142 2189 1390 2227 contractus
1423 2180 1464 2226 vi
1499 2179 1732 2226 verborum

268 2269 367 2299 sese
400 2254 660 2301 converterit
693 2255 738 2301 in
773 2266 1093 2303 sacramentum
1127 2256 1335 2304 connubii
1359 2255 1610 2310 christiani,
1639 2254 1732 2301 sive

269 2328 378 2376 haec
415 2329 549 2377 verba
584 2330 753 2394 prolata
787 2331 948 2379 fuerint
981 2332 1036 2379 ab
1070 2332 1180 2397 ipsis
1215 2330 1605 2385 contrahentibus,
1640 2330 1733 2377 sive

269 2421 295 2451 a
328 2405 555 2454 sacerdote
588 2406 836 2454 conferente
868 2407 1235 2455 benedictionem.

364 2481 595 2545 Superssua
629 2482 737 2529 haec
765 2500 791 2528 a
825 2482 952 2530 nobis
987 2483 1333 2547 appellarentur,
1364 2481 1450 2528 nisi
1474 2496 1637 2527 morem
1663 2497 1733 2542 ge—

272 2573 365 2603 rere
395 2557 609 2607 vellemus
640 2558 819 2606 alterius
851 2559 1111 2615 sententiae,
1141 2558 1309 2606 scilicet
1336 2557 1469 2613 Cani,
1509 2556 1726 2621 patronis,

270 2648 376 2680 neve
422 2634 686 2684 adversariis
724 2635 934 2699 effugium
969 2635 1353 2700 relinqueremus,
1403 2634 1531 2698 quasi
1576 2650 1733 2697 nempe

367 2772 433 2812 (26)
450 2775 487 2805 In
504 2778 534 2806 4.
550 2776 630 2808 Dist.
649 2779 698 2809 27.
714 2786 770 2817 qu.
785 2782 812 2809 1.
828 2778 887 2808 art.
907 2782 933 2808 2⁴
955 2776 1006 2808 Ad
1023 2777 1185 2817 quartam
1207 2776 1338 2816 quaest.

370 2824 435 2864 (27)
458 2825 538 2859 lbid.
558 2837 612 2868 qu.
633 2834 661 2860 2.
680 2830 739 2861 art.
758 2834 785 2860 3.
803 2829 840 2860 ad
856 2835 883 2861 2.
