1918 3186
283 205 372 252 152
542 220 620 250 un.
652 218 680 248 1.
711 214 826 246 sacr.
859 215 888 246 1.
917 214 968 246 ni:
1004 215 1174 247 mrum.
1206 214 1488 247 sicnnuemo.

272 298 505 345 dictionem
527 297 715 358 accipere
739 310 836 339 cum
857 310 1014 357 sponsa
1035 311 1118 341 non
1141 293 1373 339 merebitur
1389 295 1485 355 (26)
1498 331 1508 339 .
1526 313 1548 338 »
1576 294 1630 340 Et
1651 295 1754 342 aliis

276 373 479 428 omiss-is,
509 371 552 417 id
583 371 729 435 ipsum
753 369 970 433 reperitur
992 369 1037 416 in
1067 369 1143 415 lib.
1160 370 1229 415 Vl.
1254 369 1575 433 Capitularium
1602 387 1755 434 regum

279 450 552 503 francorum,
587 447 633 492 in
668 445 831 510 quibus
867 446 1142 502 decernitur,
1179 456 1228 492 ut
1255 446 1533 493 «christiani
1567 463 1620 492 ex
1653 463 1755 511 pro*

278 524 527 589 pinquitate
555 523 622 570 sui
653 522 884 586 sanguinis
909 540 1054 586 usque
1079 522 1135 569 ad
1172 522 1410 586 septimum
1440 521 1624 585 gradum
1655 538 1756 569 con-

278 600 415 646 nubia
446 618 533 646 non
563 599 749 646 ducant:
788 617 920 662 neque
955 600 1046 645 sine
1083 598 1365 645 benedictione
1392 598 1647 653 sacerdotis,
1680 599 1758 662 qui

281 685 377 721 ante
402 676 577 738 innupti
597 685 740 728 erant,
770 674 936 720 nubere
962 673 1153 720 audeant
1181 675 1297 735 (27).
1324 695 1345 718 »
1375 674 1438 719 Ex
1467 673 1632 738 quibus
1661 691 1755 722 ver-

278 751 347 798 bis
383 751 540 799 merito
575 750 780 797 infertur:
819 767 923 812 ergo
957 750 1034 813 qui
1069 760 1170 796 ante
1204 750 1330 814 nupti
1365 751 1538 798 fuerant
1569 750 1754 797 benedi-

277 827 422 875 ctione
455 827 756 892 privabantur.

373 904 489 951 Hinc
525 903 783 950 Guilielmus
820 902 1058 949 Durandus
1096 902 1338 950 universim
1382 903 1536 949 statuit
1565 920 1574 949 ε
1617 922 1640 947 «
1662 903 1752 949 Nu·

276 980 396 1043 ptiae
417 979 749 1026 benedicendae
778 989 880 1025 sunt
901 996 927 1024 a
954 978 1184 1026 sacerdote
1205 995 1305 1025 cum
1333 978 1540 1044 precibus
1569 988 1612 1025 et
1636 977 1755 1025 obla-

275 1055 503 1103 tionibus‘
535 1056 842 1102 Verumtamen
880 1055 949 1101 vir
986 1065 1028 1101 et
1065 1054 1223 1101 mulier
1261 1054 1318 1100 ad
1354 1054 1593 1117 digamiam
1633 1064 1754 1100 tran-

275 1133 419 1188 siens,
453 1132 782 1178 matrimonium
809 1130 1109 1178 contrahendo
1141 1149 1226 1179 non
1257 1131 1388 1177 debet
1421 1148 1448 1177 a
1481 1130 1752 1195 presbyteris

274 1207 500 1264 benedici,
529 1208 636 1272 quia
665 1207 755 1254 alia
779 1207 875 1254 vice
903 1207 1125 1254 benedicti
1162 1207 1276 1264 sint,
1314 1225 1464 1254 eorum
1499 1206 1752 1254 benedictio

274 1283 423 1331 iterari
451 1300 539 1330 non
570 1283 716 1330 debet.
750 1284 846 1331 Non
871 1301 975 1346 ergo
999 1283 1162 1330 debent
1185 1283 1367 1348 nuptiae
1396 1283 1626 1339 benedici,
1661 1282 1748 1329 nisi

274 1358 350 1406 ubi
368 1360 493 1423 virgo
510 1377 611 1406 cum
631 1360 801 1422 virgine
826 1359 1064 1409 contrahit.
1089 1398 1096 1405 .
1121 1361 1286 1406 ‚Immo
1307 1359 1561 1423 presbyter,
1584 1359 1661 1423 qui
1681 1358 1753 1406 be-

276 1435 573 1483 nedictionem
592 1453 693 1483 cum
712 1435 911 1483 secunda
926 1452 1063 1482 uxore
1081 1435 1384 1491 celebraverit,
1400 1435 1544 1483 officio
1557 1445 1600 1481 et
1617 1434 1753 1481 bene-

275 1511 376 1559 ficio
390 1529 656 1575 suspensus,
673 1522 741 1559 est
758 1511 815 1558 ad
840 1511 991 1558 sedem
1016 1511 1304 1576 apostolicam
1329 1511 1570 1558 mittendus
1593 1512 1745 1572 (28).»

275 1588 366 1635 Iam
392 1605 497 1635 vero
527 1605 655 1635 nemo
689 1598 779 1643 est,
807 1587 884 1652 qui
919 1604 1007 1635 non
1042 1586 1263 1650 intelligat
1285 1587 1545 1634 Durandum
1570 1587 1650 1634 niti
1674 1604 1755 1650 po·-

277 1663 500 1711 tissimum
526 1664 571 1710 in
596 1681 648 1711 eo
671 1664 848 1711 decreto
877 1680 1001 1711 conc.
1024 1663 1317 1711 lateranensis
1350 1665 1436 1720 ΙΙΙ,
1472 1663 1591 1728 quod
1621 1662 1754 1710 abso-

272 1739 363 1787 lute
390 1740 678 1804 pronunciat:
708 1760 730 1785 «
753 1740 882 1796 Quod
901 1757 988 1788 non
1007 1739 1139 1788 debet
1155 1739 1406 1788 benedictio
1424 1739 1573 1788 iterari
1597 1741 1747 1801 (29).»

370 1875 435 1916 (26)
456 1877 563 1907 Serm.
581 1880 651 1908 289.
669 1875 700 1907 in
714 1875 851 1917 append.
866 1885 940 1917 opp.
955 1884 981 1908 s.
995 1875 1165 1917 Augustini
1183 1877 1263 1908 tom.
1279 1880 1318 1908 Χ.

367 1928 434 1968 (27)
455 1930 534 1969 Gap.
554 1933 622 1960 130.

367 1979 434 2022 (28)
455 1983 492 2013 In
506 1981 685 2014 Rationale·
699 1982 757 2014 lib.
771 1983 798 2014 1.
812 1990 842 2014 c.
857 1984 956 2014 lX.n.
977 1987 1022 2014 15.
1042 1987 1090 2015 16.
1105 1983 1162 2015 rol.
1181 1987 1233 2015 29.
1247 1982 1299 2014 ed.
1314 1983 1428 2014 venet.
1447 1984 1536 2014 1577.
1554 1979 1616 2014 Hic
1626 1982 1751 2013 Duram-

273 2033 333 2065 dus
349 2034 505 2066 confundi
519 2043 585 2066 non
600 2035 694 2067 debet
707 2044 783 2067 cum
790 2036 1015 2068 alioDurando
1030 2044 1048 2067 a
1061 2036 1332 2077 Monteportiano,
1347 2036 1386 2066 de
1402 2044 1467 2076 quo
1481 2043 1579 2076 supra
1593 2033 1748 2065 diximus.

371 2086 436 2128 (29)
456 2087 551 2119 Haud
566 2096 618 2119 me
632 2088 710 2120 latet
723 2088 897 2120 nonnullos
914 2097 994 2128 esse,
1009 2089 1066 2129 qui
1082 2089 1143 2121 hoc
1158 2089 1382 2129 argumentum
1396 2087 1485 2128 quod
1507 2087 1560 2119 liic
1579 2086 1752 2119 adducitur

249 2162 251 2164 -
273 2139 315 2171 ad
337 2140 572 2172 ostendendum
593 2140 793 2173 sacerdotem
817 2132 1068 2182 haudquaquam
1091 2141 1202 2173 haberi
1217 2150 1310 2182 posse
1325 2140 1566 2173 utsacramenti
1580 2139 1677 2171 huius
1690 2139 1749 2170 ini·

272 2192 429 2232 nistrum,
453 2201 492 2225 eo
513 2193 601 2233 quod
616 2193 657 2225 ab
673 2202 711 2225 eo
727 2202 792 2225 non
812 2194 1012 2226 conferretur
1035 2193 1217 2226 benedictio
1244 2193 1394 2226 secundis
1416 2194 1514 2234 atque
1540 2191 1749 2225 ulterioribus

272 2243 417 2285 nuptiis,
440 2244 721 2285 tamquam'inane
735 2247 768 2278 et
781 2245 878 2278 fallax
894 2245 1083 2278 traducant:
1105 2246 1188 2279 ratio
1203 2247 1252 2279 est
1267 2246 1344 2286 quia
1365 2245 1564 2283 benedictio,
1588 2252 1672 2285 quae
1698 2243 1749 2275 liis

274 2297 398 2330 iteratis
409 2298 531 2339 nuptiis
544 2298 773 2340 denegabatur,
788 2300 837 2331 est
849 2299 1032 2332 benedictio
1045 2300 1217 2340 solemnis,
1233 2308 1318 2340 quae
1332 2298 1475 2331 daturin
1486 2297 1618 2339 speciali
1631 2297 1729 2329 missa
1738 2322 1747 2336 ‚

273 2358 373 2389 quam
386 2359 480 2383 nemo
490 2360 649 2392 umquam
664 2352 867 2384 essentialem
881 2360 950 2385 esse
963 2354 1157 2386 autumavit.
1168 2353 1219 2385 Cf.
1236 2352 1445 2385 Benedictum
1459 2352 1545 2383 ΧΠ.
1558 2352 1607 2386 De
1620 2349 1748 2391 synodo

273 2401 473 2439 lib.‚vt11.e.
486 2405 573 2440 Xlll.
588 2412 621 2435 n.
640 2407 672 2436 7.

366 2456 491 2486 'verum
513 2459 540 2486 1.
556 2455 589 2487 Si
605 2455 685 2487 baec
705 2456 828 2488 valeret
847 2457 1012 2497 exceptio,
1034 2466 1109 2489 cum
1132 2457 1244 2489 omnia
1266 2457 1459 2489 documenta
1480 2455 1694 2488 ecclesiastica
1709 2454 1750 2487 de

270 2507 340 2538 sola
365 2508 502 2539 solemni
529 2508 753 2541 benedictione
774 2509 967 2550 loquantur,
983 2518 1023 2542 ac
1035 2509 1114 2551 ipsis
1126 2509 1303 2542 fatentibus
1319 2509 1534 2549 adversariis,
1555 2509 1633 2541 haec
1655 2517 1748 2540 nuin-

271 2567 369 2599 quam
382 2560 430 2592 uti
446 2559 626 2593 essentialis
640 2561 750 2594 habita
766 2562 827 2603 sit,
843 2562 970 2594 nullum
986 2561 1217 2594 documentum
1233 2562 1311 2603 ipsis
1324 2562 1555 2602 suffragaretur
1579 2561 1622 2593 ad
1642 2563 1747 2593 osten·

270 2611 412 2644 dendum
428 2613 610 2646 sacerdotes
625 2614 790 2647 ministros
806 2623 875 2647 ωδε
889 2615 1081 2647 sacramenti
1097 2614 1309 2646 matrimonii.
1324 2619 1353 2646 2.
1369 2615 1439 2646 Hoc
1458 2613 1538 2646 adeo
1551 2622 1664 2646 verum
1677 2616 1726 2646 est
1737 2638 1748 2654 ‚

271 2666 308 2696 ut
317 2665 538 2698 Renaudotius
548 2666 625 2699 licet
637 2667 729 2700 alteri
744 2667 941 2709 suffragatus
951 2667 1050 2700 fuerit
1059 2666 1235 2700 sententiae
1248 2666 1290 2699 ab
1303 2675 1353 2707 ea,
1367 2675 1465 2707 quam
1480 2675 1541 2699 nos
1553 2668 1695 2708 tuemur,
1706 2667 1749 2699 ad

271 2717 387 2749 incitas
401 2717 566 2760 redactus,
583 2719 732 2753 debuerit
744 2721 916 2762 confugere
930 2720 972 2753 ad
987 2721 1093 2753 solum
1108 2728 1302 2753 consensum
1323 2720 1583 2752 contrahentium
1598 2731 1608 2760 ;
1632 2721 1748 2752 Marte-

270 2770 345 2801 nius
361 2779 437 2802 vero
452 2773 560 2812 aperte
573 2781 611 2804 ex
626 2773 829 2806 documentis
841 2774 1045 2814 antiquitatis
1058 2774 1141 2805 hanc
1154 2773 1258 2814 ipsam
1271 2772 1452 2804 doctrinam
1462 2773 1592 2805 secutus
1600 2772 1653 2804 sit.
1666 2774 1748 2812 Ergo

270 2824 378 2855 manet
395 2824 425 2855 in
443 2832 502 2855 suo
514 2825 622 2864 vigore
638 2835 674 2858 ac
690 2826 805 2859 robore
815 2827 877 2860 hoc
891 2828 1134 2871 argumentum,
1150 2825 1238 2867 quod
1250 2825 1344 2866 plane
1359 2825 1566 2857 ineluctabile
1579 2826 1640 2866 ast,
1651 2825 1750 2865 atque
