1918 3186
843 229 1074 263 rnooemuu
1083 252 1090 259 -
1647 229 1701 260 XV

228 328 334 359 rum
364 309 652 358 distributio:
681 310 862 371 primus
884 309 943 356 de
967 309 1265 357 matrimonio
1297 308 1546 354 christiano
1569 316 1615 354 et
1637 310 1703 355 ci-

227 390 331 436 vili:
368 388 483 436 alter
517 386 577 433 de
610 385 800 448 legifera
835 387 1076 449 utriusque
1106 387 1217 433 iuris
1253 394 1501 448 potestate:
1540 386 1703 432 tertius

226 467 285 513 de
318 464 601 512 matrimonii
636 462 827 510 dotibus
859 462 1141 510 inscribitur.

321 542 447 597 Quos
464 541 655 603 quidem
673 539 786 587 dum
806 541 929 603 typis
946 539 1243 587 concedimus
1259 547 1303 587 et
1319 539 1553 603 publicam
1570 539 1703 585 evul-

225 634 385 681 gamus
413 619 462 663 in
491 617 667 671 lucem,
692 618 724 663 ii
748 625 870 664 certe
900 631 994 663 non
1019 631 1179 663 sumus
1211 617 1293 678 qui
1323 614 1588 663 absolutum
1613 631 1701 662 un-

224 696 366 758 dique
400 710 546 758 opus,
584 694 931 758 perfectamque
961 693 1020 740 de
1055 694 1353 740 matrimonio
1382 694 1701 740 tractationem

223 772 435 836 polliceri
461 772 728 819 audeamus.
750 771 889 818 Plura
906 778 1014 818 sunt
1031 785 1177 832 eaque
1205 784 1301 816 non
1324 769 1554 831 vulgaria,
1581 783 1701 831 quae

221 851 270 895 in
304 865 355 896 re
396 857 491 895 tam
524 847 678 912 ampla
706 857 752 895 et
784 848 970 911 copiosa
1003 846 1275 910 pertractari
1314 844 1561 892 commode
1590 860 1701 907 pos-

221 921 353 973 sunt:
391 942 555 973 verum
585 926 893 988 praescriptos
926 924 1036 970 huic
1065 924 1196 987 operi
1233 921 1350 970 fines
1384 922 1701 986 praetergredi

222 1002 351 1050 nefas
382 1002 616 1050 duximus.
652 1004 812 1064 Neque
836 1002 875 1047 is
898 1016 985 1063 ego
1010 1015 1113 1047 sum
1138 1001 1219 1063 qui
1242 1014 1362 1046 nova
1387 1007 1433 1045 et
1457 998 1701 1062 splendida

221 1095 310 1142 pro
337 1081 475 1128 certis
497 1087 542 1127 et
570 1081 690 1126 veris
724 1080 939 1142 persequi
971 1077 1199 1125 voluerim
1215 1112 1227 1131 ,
1246 1077 1296 1123 id
1311 1077 1445 1124 unice
1460 1084 1670 1138 satagens
1684 1111 1696 1129 ,

221 1163 272 1202 ut
297 1157 618 1218 quaestionem
643 1154 835 1202 arduam
856 1170 965 1201 sane
985 1162 1122 1216 atque
1139 1152 1380 1200 difficilem
1406 1152 1588 1199 meliori
1610 1167 1702 1214 qua

221 1247 406 1294 possem
435 1232 540 1279 luce
570 1231 917 1295 perfunderem.
948 1231 1001 1277 ld
1025 1234 1062 1278 si
1085 1232 1184 1294 egi,
1220 1239 1271 1278 ut
1301 1245 1463 1293 spero,
1491 1244 1586 1276 non
1616 1244 1700 1292 pa-

219 1324 327 1356 rum
362 1309 615 1372 profecisse
652 1324 729 1356 me
760 1343 771 1361 ,
816 1317 952 1371 atque
992 1310 1047 1354 iis
1089 1309 1168 1372 qui
1214 1307 1395 1370 plenius
1434 1305 1701 1353 huiusmodi

219 1386 457 1432 materiam
493 1393 775 1448 pertractare
813 1393 1059 1448 poterunt,
1096 1383 1256 1430 videar
1284 1381 1584 1430 consuluisse.
1610 1383 1699 1428 Ve-

219 1463 398 1508 rissima
429 1471 499 1509 est
532 1462 668 1508 Tullii
702 1463 950 1516 sententia,
982 1460 1199 1508 omnibus
1222 1462 1270 1506 in
1298 1459 1437 1506 rebus
1461 1458 1699 1505 difficilem

218 1554 318 1585 esse
352 1540 514 1602 optimi
549 1538 881 1601 perfectionem
912 1546 1049 1601 atque
1085 1536 1443 1584 absolutionem.
1471 1536 1698 1599 Equidem

217 1615 367 1662 fateor
393 1614 685 1663 doctissimos
708 1616 836 1663 viros
863 1630 1036 1678 eosque
1052 1630 1148 1661 non
1165 1629 1337 1678 paucos
1355 1628 1543 1660 omnem
1568 1628 1699 1660 suam

217 1706 409 1754 operam
439 1692 488 1738 in
515 1691 636 1739 hanc
670 1692 990 1755 quaestionem
1032 1691 1311 1739 contulisse:
1347 1705 1500 1752 neque
1544 1698 1697 1736 tamen

216 1768 361 1814 ausim
399 1767 556 1814 dicere
585 1768 724 1830 plana
750 1783 849 1814 esse
879 1768 1036 1815 omnia
1070 1775 1208 1829 atque
1238 1766 1477 1831 explorata
1496 1801 1507 1819 ,
1550 1781 1695 1828 quum

214 1843 361 1891 multa
384 1844 568 1891 videam
587 1845 634 1890 in
655 1859 750 1891 non
778 1844 870 1891 levi
902 1844 1055 1891 adhuc
1081 1843 1360 1890 obscuritate
1391 1843 1580 1890 versari.
1599 1844 1698 1905 Ego

216 1930 442 1981 quantum
460 1922 507 1968 in
535 1937 610 1968 me
635 1929 732 1977 est,
768 1921 827 1968 ad
856 1922 993 1969 hasce
1024 1920 1344 1969 dissolvendas
1375 1919 1587 1967 tenebras
1613 1919 1697 1966 ali-

215 2010 356 2056 quam
380 2013 487 2044 cum
504 1999 668 2045 ceteris
692 1997 839 2045 facem
870 1998 1083 2046 conferre
1102 2005 1293 2045 conatus
1311 2012 1431 2044 sum.
1452 1997 1550 2044 Hac
1573 1996 1697 2043 enim

217 2072 395 2118 ratione
430 2074 709 2137 plerumque
744 2074 918 2123 factum
950 2075 1164 2123 videmus
1186 2110 1198 2130 ,
1234 2084 1285 2121 ut
1317 2089 1437 2136 quae
1463 2075 1597 2120 initio
1622 2074 1697 2119 in-

217 2156 339 2195 certa
375 2158 512 2196 erant
545 2159 591 2196 et
622 2150 857 2199 laboriosa
874 2187 886 2206 ‚
925 2153 1163 2199 communi
1198 2151 1445 2198 doctorum
1485 2151 1696 2198 virorum

217 2233 387 2271 conatu
423 2233 561 2287 atque
592 2225 818 2272 industria
849 2227 943 2273 iam
977 2242 1103 2273 nunc
1135 2235 1371 2290 comperta
1407 2225 1627 2273 omnibus
1650 2235 1696 2272 et

215 2301 459 2364 explanata
477 2300 754 2349 habeantur.
777 2302 920 2349 Prout
944 2304 1110 2365 cuique
1128 2302 1288 2350 datum
1307 2311 1374 2350 est
1398 2303 1509 2349 eniti
1534 2317 1697 2348 omnes

215 2375 441 2425 debemus
459 2413 469 2431 .
519 2387 568 2425 ut
603 2380 651 2425 in
682 2393 980 2426 communem
1022 2380 1271 2443 sapientiae
1306 2379 1574 2426 thesaurum
1611 2378 1695 2424 ali-

214 2454 330 2515 quid
369 2470 551 2517 semper
585 2454 908 2502 conferamus:
946 2455 1061 2517 quid
1093 2471 1183 2519 pro
1226 2470 1327 2502 mea
1365 2463 1498 2518 parte>
1531 2462 1696 2500 contu-

216 2530 374 2584 lerim,
395 2546 559 2578 eorum
590 2533 670 2594 qui
698 2533 942 2594 aequiores
969 2534 1060 2579 mei
1086 2533 1262 2579 iudices
1292 2540 1430 2578 erunt
1452 2531 1625 2578 iudicio
1648 2539 1694 2577 et

215 2607 465 2654 sententiae
490 2607 623 2655 facile
644 2608 878 2671 relinquo.
902 2608 1151 2656 Affirmare
1179 2617 1331 2655 tamen
1357 2623 1548 2671 possum
1576 2607 1694 2654 nulli

216 2696 290 2728 me
324 2682 590 2746 diligentiae
616 2693 662 2731 et
686 2684 838 2732 labori
874 2686 1156 2748 pepercisse,
1194 2699 1340 2746 quum
1374 2683 1423 2730 id
1456 2685 1504 2730 in
1538 2684 1693 2730 animo

216 2757 459 2807 habuerim
510 2777 693 2824 semper
738 2770 789 2808 ut
836 2761 1065 2824 quidquid
1116 2762 1400 2824 susceperim
1429 2796 1440 2815 ‚
1492 2759 1693 2807 catholi-

216 2849 315 2881 cam
351 2835 609 2885 doctrinam
636 2839 814 2885 sincero
839 2838 1052 2885 haustam
1083 2837 1212 2885 fonte
1242 2838 1423 2885 meliori
1456 2852 1546 2899 qua
1579 2851 1693 2898 pos-
