1918 3186
405 215 495 245 cAr.
523 215 582 245 vi.
611 214 663 245 nr.
687 213 821 245 msnr.
850 214 998 245 conrii.
1028 215 1077 246 m·
1107 213 1222 245 SAcu.
1252 214 1344 245 Aur.
1381 214 1410 244 1.
1558 199 1647 244 187

179 290 354 339 articuli
379 290 666 356 inscriptione
689 290 1049 347 enunciavimus‚
1077 290 1286 338 nimirum
1304 290 1351 336 in
1373 290 1654 340 matrimonio

180 367 378 414 fidelium
394 405 404 423 ,
428 366 504 413 ubi
523 384 611 414 non
630 366 818 414 habetur
841 377 1163 414 sacramentum
1177 404 1188 423 ,
1216 384 1361 432 neque
1382 376 1653 415 contractum

179 442 423 506 legitimum
458 442 630 489 haberi.

273 520 383 566 Nam
408 518 447 565 si
472 518 518 564 in
542 519 778 566 connubiis
801 518 1080 575 christianis,
1107 519 1326 568 celebrato
1350 521 1650 578 matrimonio,

179 595 301 642 nulla
334 604 539 660 superest
569 594 795 643 distinctio
822 594 953 643 realis
982 595 1096 643 inter
1127 606 1399 644 contractum
1431 607 1475 644 et
1506 613 1655 645 sacra-

177 681 375 719 mentum
393 709 403 727 ,
442 671 554 718 adeo
586 681 635 718 ut
669 681 992 719 sacramentum
1026 681 1070 718 et
1102 682 1351 720 contractus
1392 672 1483 720 sint
1515 690 1653 720 unum

177 747 412 813 idemque,
443 747 625 796 omnino
658 748 861 813 sequitur
884 747 947 794 ibi
976 765 1066 795 non
1095 747 1249 795 haberi
1284 758 1558 796 contractum
1591 748 1655 796 le-

176 826 379 888 gitimum
403 842 485 873 seu.
506 825 727 882 validum,
750 824 827 872 ubi
851 842 939 873 non
963 824 1151 872 habetur
1172 835 1516 872 sacramentum.
1540 823 1654 872 Hinc

178 902 268 949 sere
302 919 680 967 supervacaneum
713 901 855 949 videri
890 910 1044 966 posset
1080 900 1284 966 pluribus
1325 900 1437 948 adeo
1476 901 1655 966 conspi-

176 995 305 1025 cuam
337 978 568 1026 veritatem
601 978 846 1025 adstruere.

274 1054 495 1110 Quoniam
514 1063 662 1101 tamen
690 1054 768 1119 qui
796 1053 1067 1102 novitatibus
1094 1053 1293 1110 student,
1322 1069 1565 1118 numquam
1582 1051 1656 1099 de-

174 1130 327 1177 sinunt
356 1129 654 1194 perniciosam
682 1130 929 1177 doctrinam
957 1129 1217 1186 obtrudere,
1246 1130 1367 1177 iuxta
1395 1146 1555 1193 quam,
1586 1138 1651 1176 et-

176 1205 309 1253 iamsi
344 1205 390 1252 in
425 1206 647 1269 coniugiis
688 1206 945 1254 christianis
986 1217 1268 1271 quacumque
1299 1206 1356 1254 de
1389 1223 1526 1254 causa
1565 1222 1654 1253 non

174 1281 393 1330 habeatur
425 1292 752 1329 sacramentum
769 1321 779 1339 ,
818 1293 966 1330 teneat
998 1282 1288 1330 nihilominus
1323 1282 1654 1330 matrimonium

173 1359 221 1406 in
255 1359 427 1407 ratione
460 1370 712 1407 contractus
746 1359 958 1423 legitimi,
986 1376 1147 1423 operae
1170 1359 1362 1423 pretium
1394 1376 1496 1406 esse
1527 1358 1654 1406 duci-

174 1453 296 1492 mus,
327 1435 442 1499 ipsis
477 1435 562 1484 hoc
588 1436 721 1483 etiam
748 1436 963 1499 effugium
998 1436 1267 1500 praeripere.
1307 1435 1437 1492 Quod
1470 1435 1652 1501 quidem

173 1510 302 1558 facile
326 1511 376 1559 fit
397 1521 491 1558 tum
524 1528 577 1558 ex
609 1511 764 1558 intima
787 1511 851 1558 rei
876 1522 1056 1568 natura,
1086 1522 1179 1559 tum
1206 1528 1260 1559 ex
1287 1511 1489 1560 doctrina
1517 1510 1653 1558 eccle-

173 1587 292 1644 siae,
327 1598 420 1635 tum
449 1587 646 1653 denique
675 1604 729 1634 ex
761 1587 969 1652 analogia
996 1606 1097 1636 cum
1124 1588 1414 1636 sacramentis
1447 1587 1649 1653 reliquis.

267 1665 384 1712 Sane
409 1674 568 1712 natura
590 1665 693 1730 ipsa
710 1665 791 1722 rei,
813 1682 904 1730 qua
932 1665 987 1712 de
1016 1665 1179 1729 agitur,
1201 1665 1402 1730 exposcit
1426 1675 1475 1712 ut
1501 1664 1653 1712 nullus

172 1741 354 1805 agnosci
388 1741 549 1790 debeat
582 1741 810 1806 legitimus
839 1759 921 1791 seu
948 1742 1126 1790 validus
1154 1753 1404 1790 contractus
1434 1742 1550 1790 inter
1577 1760 1655 1789 nu-

172 1817 350 1875 bentes,
382 1818 461 1866 ubi
496 1835 585 1866 non
619 1817 810 1866 habetur
841 1835 1122 1884 quacumque
1149 1836 1202 1866 ex
1231 1835 1369 1866 causa
1402 1834 1656 1865 sacramen-

174 1905 265 1941 tum
283 1932 293 1950 ,
324 1895 363 1942 si
397 1905 726 1943 sacramentum
760 1895 1029 1943 matrimonii
1058 1894 1121 1941 nil
1151 1894 1274 1941 aliud
1300 1894 1360 1941 sit
1384 1911 1519 1958 quam
1549 1910 1655 1941 con-

175 1980 340 2018 tractus
357 1971 582 2034 legitimus
601 1971 687 2019 sub
703 1971 867 2019 debitis
885 1970 1215 2020 conditionibus
1234 1970 1507 2018 celebratus:
1528 1969 1654 2034 atqui

175 2065 229 2094 ex
272 2047 403 2094 dictis
445 2047 669 2095 eiusmodi
710 2058 780 2096 est
818 2047 1089 2096 matrimonii
1134 2057 1493 2105 sacramentum:
1526 2062 1650 2109 ergo,

174 2123 214 2170 si
248 2140 338 2170 non
370 2121 560 2170 habetur
593 2134 916 2171 sacramentum
933 2161 943 2180 ,
978 2140 1124 2188 neque
1156 2132 1407 2170 contractus
1443 2121 1647 2169 habetur.

173 2199 364 2255 Quando
398 2199 585 2264 proinde
618 2210 945 2248 sacramentum
972 2218 1061 2248 non
1089 2199 1162 2256 fit,
1193 2199 1293 2247 ideo
1326 2210 1419 2256 est,
1451 2199 1559 2264 quia
1587 2199 1653 2246 fa-

173 2286 271 2324 ctus
306 2293 395 2323 non
429 2288 498 2324 est
529 2288 780 2324 contractus
807 2277 1054 2340 legitimus3
1088 2275 1288 2341 alioquin
1318 2276 1407 2323 iam
1436 2286 1556 2323 esset
1579 2293 1653 2323 sa-

174 2364 474 2401 cramentum:
513 2371 618 2417 ergo
652 2364 851 2418 spectata
884 2353 1040 2400 intima
1073 2363 1231 2400 natura
1265 2352 1353 2408 rei,
1387 2351 1542 2400 haberi
1576 2369 1654 2400 ne-

173 2430 271 2494 quit
304 2441 557 2478 contractus
591 2430 668 2477 ubi
703 2447 791 2478 non
825 2430 1014 2478 hahetur
1047 2439 1390 2478 sacramentum.

269 2508 484 2556 Rursum:
519 2518 846 2556 sacramentum
874 2507 1106 2572 speciatim
1135 2506 1361 2562 consistit,
1391 2522 1472 2552 seu
1501 2504 1656 2570 nequit

174 2584 351 2648 concipi
375 2584 496 2649 quod
520 2583 626 2632 hinc
650 2584 833 2649 quidem
857 2583 944 2640 sit,
972 2582 1097 2630 illinc
1121 2599 1210 2630 non
1228 2581 1288 2628 sit
1304 2591 1649 2636 sacramentum,

174 2675 255 2705 seu
271 2676 326 2706 ex
344 2669 468 2724 parte
485 2660 560 2717 sit,
575 2677 628 2707 ex
646 2670 772 2724 parte
786 2676 891 2707 vero
907 2676 995 2706 non
1009 2658 1084 2714 sit;
1101 2666 1427 2705 sacramentum
1444 2655 1561 2704 enim
1580 2666 1656 2704 aut

176 2735 394 2799 integrum
416 2736 475 2783 sit
499 2747 672 2801 oportet
689 2753 741 2783 ac
758 2735 1002 2800 perfectum
1022 2735 1069 2781 in
1087 2751 1170 2782 sua
1182 2772 1192 2792 ‚
1214 2751 1348 2799 quam
1362 2743 1522 2782 vocant
1535 2770 1545 2790 ‚
1566 2732 1655 2780 sor-

175 2810 280 2857 mali
303 2811 495 2867 ratione,
518 2822 594 2859 aut
611 2810 781 2859 nullum
800 2822 869 2860 est
886 2810 1081 2860 omnino.
1100 2811 1234 2859 Porro
1252 2809 1437 2859 materia
1450 2809 1655 2874 proxima
