<?xml version="1.0" encoding="UTF-8"?>
<!DOCTYPE html PUBLIC "-//W3C//DTD XHTML 1.0 Transitional//EN"
    "http://www.w3.org/TR/xhtml1/DTD/xhtml1-transitional.dtd">
<html xmlns="http://www.w3.org/1999/xhtml" xml:lang="en" lang="en">
 <head>
  <title>
</title>
<meta http-equiv="Content-Type" content="text/html;charset=utf-8" />
  <meta name='ocr-system' content='tesseract 3.04.00' />
  <meta name='ocr-capabilities' content='ocr_page ocr_carea ocr_par ocr_line ocrx_word'/>
</head>
<body>
  <div class='ocr_page' id='page_1' title='image "a603380701perruoft_0355.png"; bbox 0 0 1912 3180; ppageno 0'>
   <div class='ocr_carea' id='block_1_1' title="bbox 354 176 1593 222">
    <p class='ocr_par' dir='ltr' id='par_1_1' title="bbox 354 176 1593 222">
     <span class='ocr_line' id='line_1_1' title="bbox 354 176 1593 222; baseline 0.002 -2"><span class='ocrx_word' id='word_1_1' title='bbox 354 189 443 220; x_wconf 76' lang='lat' dir='ltr'>CAP.</span> <span class='ocrx_word' id='word_1_2' title='bbox 475 189 536 219; x_wconf 91' lang='grc' dir='ltr'><strong>ιιι.</strong></span> <span class='ocrx_word' id='word_1_3' title='bbox 567 189 619 219; x_wconf 74' lang='grc' dir='ltr'>οε</span> <span class='ocrx_word' id='word_1_4' title='bbox 654 188 830 220; x_wconf 69' lang='lat' dir='ltr'>numu.</span> <span class='ocrx_word' id='word_1_5' title='bbox 862 188 1011 220; x_wconf 77' lang='lat' dir='ltr'>civms</span> <span class='ocrx_word' id='word_1_6' title='bbox 1036 189 1155 221; x_wconf 76' lang='lat' dir='ltr'><strong>LEGE.</strong></span> <span class='ocrx_word' id='word_1_7' title='bbox 1185 189 1276 221; x_wconf 70' lang='lat' dir='ltr'>Aur.</span> <span class='ocrx_word' id='word_1_8' title='bbox 1307 190 1364 222; x_wconf 82' lang='grc' dir='ltr'>ιν.</span> <span class='ocrx_word' id='word_1_9' title='bbox 1504 176 1593 222; x_wconf 88' lang='grc'>333</span> 
     </span>
    </p>
   </div>
   <div class='ocr_carea' id='block_1_2' title="bbox 114 266 1600 943">
    <p class='ocr_par' dir='ltr' id='par_1_2' title="bbox 116 266 1599 563">
     <span class='ocr_line' id='line_1_2' title="bbox 117 266 1599 333; baseline 0.003 -21"><span class='ocrx_word' id='word_1_10' title='bbox 117 266 205 313; x_wconf 89' lang='lat' dir='ltr'>lica</span> <span class='ocrx_word' id='word_1_11' title='bbox 234 266 425 314; x_wconf 88' lang='lat' dir='ltr'>ecclesia</span> <span class='ocrx_word' id='word_1_12' title='bbox 460 267 524 313; x_wconf 92' lang='lat' dir='ltr'>uti</span> <span class='ocrx_word' id='word_1_13' title='bbox 560 268 738 332; x_wconf 90' lang='lat' dir='ltr'>spurios</span> <span class='ocrx_word' id='word_1_14' title='bbox 762 284 814 314; x_wconf 90' lang='lat' dir='ltr'>ac</span> <span class='ocrx_word' id='word_1_15' title='bbox 839 267 1001 315; x_wconf 90' lang='lat' dir='ltr'>nothos</span> <span class='ocrx_word' id='word_1_16' title='bbox 1031 266 1242 315; x_wconf 82' lang='lat' dir='ltr'>declarat.</span> <span class='ocrx_word' id='word_1_17' title='bbox 1272 267 1327 314; x_wconf 91' lang='lat' dir='ltr'>Et</span> <span class='ocrx_word' id='word_1_18' title='bbox 1350 267 1469 333; x_wconf 90' lang='lat' dir='ltr'>quod</span> <span class='ocrx_word' id='word_1_19' title='bbox 1494 286 1599 316; x_wconf 92' lang='lat' dir='ltr'>con-</span> 
     </span>
     <span class='ocr_line' id='line_1_3' title="bbox 117 343 1598 409; baseline 0.003 -20"><span class='ocrx_word' id='word_1_20' title='bbox 117 361 309 407; x_wconf 90' lang='lat' dir='ltr'>sequens</span> <span class='ocrx_word' id='word_1_21' title='bbox 350 354 455 400; x_wconf 90' lang='lat' dir='ltr'>est,</span> <span class='ocrx_word' id='word_1_22' title='bbox 502 353 752 390; x_wconf 86' lang='lat' dir='ltr'>tenerentur</span> <span class='ocrx_word' id='word_1_23' title='bbox 794 343 839 388; x_wconf 93' lang='lat' dir='ltr'>in</span> <span class='ocrx_word' id='word_1_24' title='bbox 880 343 1042 390; x_wconf 89' lang='lat' dir='ltr'>iisdem</span> <span class='ocrx_word' id='word_1_25' title='bbox 1083 361 1324 408; x_wconf 81' lang='lat' dir='ltr'>agnoscere</span> <span class='ocrx_word' id='word_1_26' title='bbox 1365 344 1598 409; x_wconf 87' lang='lat' dir='ltr'>privilegia</span> 
     </span>
     <span class='ocr_line' id='line_1_4' title="bbox 117 419 1598 485; baseline 0.002 -20"><span class='ocrx_word' id='word_1_27' title='bbox 117 420 283 476; x_wconf 90' lang='lat' dir='ltr'>omnia,</span> <span class='ocrx_word' id='word_1_28' title='bbox 305 420 470 484; x_wconf 91' lang='lat' dir='ltr'>quibus</span> <span class='ocrx_word' id='word_1_29' title='bbox 490 420 548 467; x_wconf 90' lang='lat' dir='ltr'>ab</span> <span class='ocrx_word' id='word_1_30' title='bbox 566 419 757 467; x_wconf 89' lang='lat' dir='ltr'>ecclesia</span> <span class='ocrx_word' id='word_1_31' title='bbox 775 419 1027 484; x_wconf 81' lang='lat' dir='ltr'>privantur,</span> <span class='ocrx_word' id='word_1_32' title='bbox 1051 438 1256 485; x_wconf 89' lang='lat' dir='ltr'>quaeque</span> <span class='ocrx_word' id='word_1_33' title='bbox 1273 431 1417 468; x_wconf 91' lang='lat' dir='ltr'>tamen</span> <span class='ocrx_word' id='word_1_34' title='bbox 1438 421 1598 469; x_wconf 91' lang='lat' dir='ltr'>iisdem</span> 
     </span>
     <span class='ocr_line' id='line_1_5' title="bbox 116 495 1493 563; baseline 0.002 -23"><span class='ocrx_word' id='word_1_35' title='bbox 116 495 312 542; x_wconf 89' lang='lat' dir='ltr'>vindicat</span> <span class='ocrx_word' id='word_1_36' title='bbox 343 495 439 552; x_wconf 81' lang='lat' dir='ltr'>lex,</span> <span class='ocrx_word' id='word_1_37' title='bbox 472 495 579 542; x_wconf 90' lang='lat' dir='ltr'>dum</span> <span class='ocrx_word' id='word_1_38' title='bbox 615 495 836 559; x_wconf 85' lang='lat' dir='ltr'>legitimas</span> <span class='ocrx_word' id='word_1_39' title='bbox 871 495 1070 543; x_wconf 83' lang='lat' dir='ltr'>decernit</span> <span class='ocrx_word' id='word_1_40' title='bbox 1105 497 1260 545; x_wconf 88' lang='lat' dir='ltr'>civiles</span> <span class='ocrx_word' id='word_1_41' title='bbox 1296 498 1493 563; x_wconf 89' lang='lat' dir='ltr'>nuptias.</span> 
     </span>
    </p>

    <p class='ocr_par' dir='ltr' id='par_1_3' title="bbox 114 572 1600 943">
     <span class='ocr_line' id='line_1_6' title="bbox 215 572 1598 638; baseline 0.004 -20"><span class='ocrx_word' id='word_1_42' title='bbox 215 573 368 636; x_wconf 89' lang='lat' dir='ltr'>Itaque</span> <span class='ocrx_word' id='word_1_43' title='bbox 411 583 613 638; x_wconf 89' lang='lat' dir='ltr'>respectu</span> <span class='ocrx_word' id='word_1_44' title='bbox 654 584 745 620; x_wconf 91' lang='lat' dir='ltr'>tum</span> <span class='ocrx_word' id='word_1_45' title='bbox 778 572 1018 630; x_wconf 87' lang='lat' dir='ltr'>ecclesiae,</span> <span class='ocrx_word' id='word_1_46' title='bbox 1063 584 1156 620; x_wconf 89' lang='lat' dir='ltr'>tum</span> <span class='ocrx_word' id='word_1_47' title='bbox 1192 575 1430 638; x_wconf 88' lang='lat' dir='ltr'>coniugum</span> <span class='ocrx_word' id='word_1_48' title='bbox 1455 614 1465 632; x_wconf 95' lang='lat'>,</span> <span class='ocrx_word' id='word_1_49' title='bbox 1506 586 1598 623; x_wconf 92' lang='lat' dir='ltr'>tum</span> 
     </span>
     <span class='ocr_line' id='line_1_7' title="bbox 118 647 1600 717; baseline 0.005 -24"><span class='ocrx_word' id='word_1_50' title='bbox 118 647 274 712; x_wconf 91' lang='lat' dir='ltr'>prolis,</span> <span class='ocrx_word' id='word_1_51' title='bbox 299 658 392 695; x_wconf 92' lang='lat' dir='ltr'>tum</span> <span class='ocrx_word' id='word_1_52' title='bbox 410 649 606 714; x_wconf 90' lang='lat' dir='ltr'>denique</span> <span class='ocrx_word' id='word_1_53' title='bbox 624 650 786 697; x_wconf 89' lang='lat' dir='ltr'>civium</span> <span class='ocrx_word' id='word_1_54' title='bbox 806 649 1051 697; x_wconf 85' lang='lat' dir='ltr'>universim</span> <span class='ocrx_word' id='word_1_55' title='bbox 1070 661 1244 698; x_wconf 88' lang='lat' dir='ltr'>constat</span> <span class='ocrx_word' id='word_1_56' title='bbox 1260 652 1442 708; x_wconf 87' lang='lat' dir='ltr'>veritas,</span> <span class='ocrx_word' id='word_1_57' title='bbox 1465 670 1600 717; x_wconf 85' lang='lat' dir='ltr'>quam</span> 
     </span>
     <span class='ocr_line' id='line_1_8' title="bbox 114 725 1600 791; baseline 0.004 -20"><span class='ocrx_word' id='word_1_58' title='bbox 114 725 483 784; x_wconf 77' lang='lat' dir='ltr'>enunciavimus,</span> <span class='ocrx_word' id='word_1_59' title='bbox 514 727 723 773; x_wconf 90' lang='lat' dir='ltr'>nimirum</span> <span class='ocrx_word' id='word_1_60' title='bbox 742 726 910 790; x_wconf 88' lang='lat' dir='ltr'>legem,</span> <span class='ocrx_word' id='word_1_61' title='bbox 933 744 1048 791; x_wconf 86' lang='lat' dir='ltr'>quae</span> <span class='ocrx_word' id='word_1_62' title='bbox 1064 726 1154 774; x_wconf 20' lang='lat' dir='ltr'>sub*</span> <span class='ocrx_word' id='word_1_63' title='bbox 1175 726 1392 776; x_wconf 89' lang='lat' dir='ltr'>libertatis</span> <span class='ocrx_word' id='word_1_64' title='bbox 1417 728 1600 777; x_wconf 91' lang='lat' dir='ltr'>obtentu</span> 
     </span>
     <span class='ocr_line' id='line_1_9' title="bbox 118 800 1597 866; baseline 0.003 -19"><span class='ocrx_word' id='word_1_65' title='bbox 118 800 271 849; x_wconf 87' lang='lat' dir='ltr'>civilia</span> <span class='ocrx_word' id='word_1_66' title='bbox 306 802 567 849; x_wconf 87' lang='lat' dir='ltr'>cohonestat</span> <span class='ocrx_word' id='word_1_67' title='bbox 603 802 834 866; x_wconf 87' lang='lat' dir='ltr'>coniugia,</span> <span class='ocrx_word' id='word_1_68' title='bbox 880 802 924 848; x_wconf 91' lang='lat' dir='ltr'>in</span> <span class='ocrx_word' id='word_1_69' title='bbox 961 801 1103 866; x_wconf 90' lang='lat' dir='ltr'>legem</span> <span class='ocrx_word' id='word_1_70' title='bbox 1144 802 1350 851; x_wconf 86' lang='lat' dir='ltr'>desinere</span> <span class='ocrx_word' id='word_1_71' title='bbox 1383 821 1515 852; x_wconf 81' lang='lat' dir='ltr'>verae</span> <span class='ocrx_word' id='word_1_72' title='bbox 1547 805 1597 851; x_wconf 90' lang='lat' dir='ltr'>li-</span> 
     </span>
     <span class='ocr_line' id='line_1_10' title="bbox 118 877 1323 943; baseline 0.002 -21"><span class='ocrx_word' id='word_1_73' title='bbox 118 877 276 925; x_wconf 88' lang='lat' dir='ltr'>bertati</span> <span class='ocrx_word' id='word_1_74' title='bbox 316 878 543 925; x_wconf 91' lang='lat' dir='ltr'>inimicam</span> <span class='ocrx_word' id='word_1_75' title='bbox 580 889 713 943; x_wconf 88' lang='lat' dir='ltr'>atque</span> <span class='ocrx_word' id='word_1_76' title='bbox 749 878 860 926; x_wconf 91' lang='lat' dir='ltr'>adeo</span> <span class='ocrx_word' id='word_1_77' title='bbox 895 895 995 925; x_wconf 89' lang='lat' dir='ltr'>esse</span> <span class='ocrx_word' id='word_1_78' title='bbox 1030 879 1323 943; x_wconf 85' lang='lat' dir='ltr'>tyrannicam.</span> 
     </span>
    </p>
   </div>
   <div class='ocr_carea' id='block_1_3' title="bbox 700 1031 1033 1069">
    <p class='ocr_par' dir='ltr' id='par_1_4' title="bbox 700 1031 1033 1069">
     <span class='ocr_line' id='line_1_11' title="bbox 700 1031 1033 1069; baseline -0.003 -1"><span class='ocrx_word' id='word_1_79' title='bbox 700 1031 917 1069; x_wconf 72' lang='lat' dir='ltr'>cAPIJ&#39;r</span> <span class='ocrx_word' id='word_1_80' title='bbox 947 1032 1033 1067; x_wconf 77' lang='lat' dir='ltr'>lv.</span> 
     </span>
    </p>
   </div>
   <div class='ocr_carea' id='block_1_4' title="bbox 284 1142 1444 1176">
    <p class='ocr_par' dir='ltr' id='par_1_5' title="bbox 284 1142 1444 1176">
     <span class='ocr_line' id='line_1_12' title="bbox 284 1142 1444 1176; baseline -0.001 -2"><span class='ocrx_word' id='word_1_81' title='bbox 284 1144 336 1175; x_wconf 80' lang='lat' dir='ltr'>DE</span> <span class='ocrx_word' id='word_1_82' title='bbox 372 1144 635 1176; x_wconf 79' lang='lat' dir='ltr'><strong>ARGUMENTIS</strong></span> <span class='ocrx_word' id='word_1_83' title='bbox 671 1145 747 1175; x_wconf 84' lang='lat' dir='ltr'>PRO</span> <span class='ocrx_word' id='word_1_84' title='bbox 783 1144 887 1175; x_wconf 77' lang='lat' dir='ltr'><strong>LEGE</strong></span> <span class='ocrx_word' id='word_1_85' title='bbox 922 1144 973 1174; x_wconf 83' lang='lat' dir='ltr'>DE</span> <span class='ocrx_word' id='word_1_86' title='bbox 1009 1143 1268 1175; x_wconf 72' lang='lat' dir='ltr'>nummomo</span> <span class='ocrx_word' id='word_1_87' title='bbox 1302 1142 1444 1176; x_wconf 78' lang='lat' dir='ltr'>elvlu.</span> 
     </span>
    </p>
   </div>
   <div class='ocr_carea' id='block_1_5' title="bbox 122 1263 1611 2861">
    <p class='ocr_par' dir='ltr' id='par_1_6' title="bbox 122 1263 1606 1998">
     <span class='ocr_line' id='line_1_13' title="bbox 219 1263 1595 1330; baseline -0.001 -19"><span class='ocrx_word' id='word_1_88' title='bbox 219 1266 461 1330; x_wconf 87' lang='lat' dir='ltr'>Postquam</span> <span class='ocrx_word' id='word_1_89' title='bbox 500 1265 709 1328; x_wconf 90' lang='lat' dir='ltr'>coniugia</span> <span class='ocrx_word' id='word_1_90' title='bbox 734 1282 784 1312; x_wconf 90' lang='lat' dir='ltr'>ac</span> <span class='ocrx_word' id='word_1_91' title='bbox 810 1263 951 1327; x_wconf 87' lang='lat' dir='ltr'>legem</span> <span class='ocrx_word' id='word_1_92' title='bbox 969 1302 978 1320; x_wconf 96' lang='lat'>,</span> <span class='ocrx_word' id='word_1_93' title='bbox 1008 1281 1124 1328; x_wconf 90' lang='lat' dir='ltr'>quae</span> <span class='ocrx_word' id='word_1_94' title='bbox 1147 1264 1267 1311; x_wconf 88' lang='lat' dir='ltr'>circa</span> <span class='ocrx_word' id='word_1_95' title='bbox 1290 1280 1343 1311; x_wconf 90' lang='lat' dir='ltr'>ea</span> <span class='ocrx_word' id='word_1_96' title='bbox 1370 1271 1595 1318; x_wconf 88' lang='lat' dir='ltr'>versatur,</span> 
     </span>
     <span class='ocr_line' id='line_1_14' title="bbox 122 1340 1603 1406; baseline -0.001 -18"><span class='ocrx_word' id='word_1_97' title='bbox 122 1341 206 1388; x_wconf 89' lang='lat' dir='ltr'>sub</span> <span class='ocrx_word' id='word_1_98' title='bbox 230 1342 350 1389; x_wconf 92' lang='lat' dir='ltr'>omni</span> <span class='ocrx_word' id='word_1_99' title='bbox 388 1352 590 1406; x_wconf 87' lang='lat' dir='ltr'>respectu</span> <span class='ocrx_word' id='word_1_100' title='bbox 622 1341 943 1405; x_wconf 84' lang='lat' dir='ltr'>expendimus,</span> <span class='ocrx_word' id='word_1_101' title='bbox 982 1341 1213 1404; x_wconf 87' lang='lat' dir='ltr'>religioso,</span> <span class='ocrx_word' id='word_1_102' title='bbox 1242 1340 1415 1395; x_wconf 87' lang='lat' dir='ltr'>ethico,</span> <span class='ocrx_word' id='word_1_103' title='bbox 1446 1357 1499 1387; x_wconf 87' lang='lat' dir='ltr'>ac</span> <span class='ocrx_word' id='word_1_104' title='bbox 1523 1357 1603 1404; x_wconf 88' lang='lat' dir='ltr'>po-</span> 
     </span>
     <span class='ocr_line' id='line_1_15' title="bbox 124 1415 1604 1481; baseline 0.001 -19"><span class='ocrx_word' id='word_1_105' title='bbox 124 1417 273 1473; x_wconf 90' lang='lat' dir='ltr'>litico,</span> <span class='ocrx_word' id='word_1_106' title='bbox 314 1427 448 1464; x_wconf 88' lang='lat' dir='ltr'>restat</span> <span class='ocrx_word' id='word_1_107' title='bbox 481 1427 529 1464; x_wconf 90' lang='lat' dir='ltr'>ut</span> <span class='ocrx_word' id='word_1_108' title='bbox 562 1427 822 1480; x_wconf 88' lang='lat' dir='ltr'>argumenta</span> <span class='ocrx_word' id='word_1_109' title='bbox 866 1416 1177 1474; x_wconf 84' lang='lat' dir='ltr'>excutiamus,</span> <span class='ocrx_word' id='word_1_110' title='bbox 1217 1415 1383 1481; x_wconf 90' lang='lat' dir='ltr'>quibus</span> <span class='ocrx_word' id='word_1_111' title='bbox 1419 1432 1507 1462; x_wconf 92' lang='lat' dir='ltr'>non</span> <span class='ocrx_word' id='word_1_112' title='bbox 1543 1416 1604 1463; x_wconf 88' lang='lat' dir='ltr'>ita</span> 
     </span>
     <span class='ocr_line' id='line_1_16' title="bbox 123 1490 1604 1557; baseline -0.001 -18"><span class='ocrx_word' id='word_1_113' title='bbox 123 1492 294 1557; x_wconf 90' lang='lat' dir='ltr'>pridem</span> <span class='ocrx_word' id='word_1_114' title='bbox 329 1492 531 1540; x_wconf 88' lang='lat' dir='ltr'>eiusdem</span> <span class='ocrx_word' id='word_1_115' title='bbox 565 1492 678 1555; x_wconf 81' lang='lat' dir='ltr'>legis</span> <span class='ocrx_word' id='word_1_116' title='bbox 714 1491 909 1539; x_wconf 85' lang='lat' dir='ltr'>fautores</span> <span class='ocrx_word' id='word_1_117' title='bbox 957 1492 1104 1539; x_wconf 90' lang='lat' dir='ltr'>adnisi</span> <span class='ocrx_word' id='word_1_118' title='bbox 1142 1501 1247 1539; x_wconf 89' lang='lat' dir='ltr'>sunt</span> <span class='ocrx_word' id='word_1_119' title='bbox 1277 1508 1376 1539; x_wconf 89' lang='lat' dir='ltr'>eam</span> <span class='ocrx_word' id='word_1_120' title='bbox 1411 1490 1604 1539; x_wconf 92' lang='lat' dir='ltr'>cohone-</span> 
     </span>
     <span class='ocr_line' id='line_1_17' title="bbox 123 1567 1605 1633; baseline -0.001 -17"><span class='ocrx_word' id='word_1_121' title='bbox 123 1579 256 1616; x_wconf 87' lang='lat' dir='ltr'>stare.</span> <span class='ocrx_word' id='word_1_122' title='bbox 297 1568 425 1624; x_wconf 88' lang='lat' dir='ltr'>Quod</span> <span class='ocrx_word' id='word_1_123' title='bbox 462 1569 549 1616; x_wconf 89' lang='lat' dir='ltr'>nisi</span> <span class='ocrx_word' id='word_1_124' title='bbox 585 1568 742 1616; x_wconf 88' lang='lat' dir='ltr'>sedulo</span> <span class='ocrx_word' id='word_1_125' title='bbox 771 1579 1050 1633; x_wconf 87' lang='lat' dir='ltr'>praestemus</span> <span class='ocrx_word' id='word_1_126' title='bbox 1068 1606 1078 1624; x_wconf 94' lang='lat'>,</span> <span class='ocrx_word' id='word_1_127' title='bbox 1107 1584 1319 1615; x_wconf 85' lang='lat' dir='ltr'>accusare</span> <span class='ocrx_word' id='word_1_128' title='bbox 1342 1585 1424 1615; x_wconf 91' lang='lat' dir='ltr'>nos</span> <span class='ocrx_word' id='word_1_129' title='bbox 1447 1567 1605 1615; x_wconf 89' lang='lat' dir='ltr'>merito</span> 
     </span>
     <span class='ocr_line' id='line_1_18' title="bbox 123 1645 1605 1711; baseline -0.001 -18"><span class='ocrx_word' id='word_1_130' title='bbox 123 1656 305 1711; x_wconf 90' lang='lat' dir='ltr'>possent</span> <span class='ocrx_word' id='word_1_131' title='bbox 328 1646 574 1693; x_wconf 87' lang='lat' dir='ltr'>adversarii</span> <span class='ocrx_word' id='word_1_132' title='bbox 599 1663 732 1693; x_wconf 91' lang='lat' dir='ltr'>unam</span> <span class='ocrx_word' id='word_1_133' title='bbox 758 1656 929 1693; x_wconf 88' lang='lat' dir='ltr'>tantum</span> <span class='ocrx_word' id='word_1_134' title='bbox 958 1662 1039 1693; x_wconf 90' lang='lat' dir='ltr'>nos</span> <span class='ocrx_word' id='word_1_135' title='bbox 1059 1645 1244 1692; x_wconf 87' lang='lat' dir='ltr'>audisse</span> <span class='ocrx_word' id='word_1_136' title='bbox 1268 1654 1463 1709; x_wconf 89' lang='lat' dir='ltr'>partem,</span> <span class='ocrx_word' id='word_1_137' title='bbox 1491 1662 1605 1692; x_wconf 86' lang='lat' dir='ltr'>rem-</span> 
     </span>
     <span class='ocr_line' id='line_1_19' title="bbox 124 1721 1605 1787; baseline -0.001 -17"><span class='ocrx_word' id='word_1_138' title='bbox 124 1740 211 1787; x_wconf 87' lang='lat' dir='ltr'>que</span> <span class='ocrx_word' id='word_1_139' title='bbox 252 1721 338 1769; x_wconf 93' lang='lat' dir='ltr'>sub</span> <span class='ocrx_word' id='word_1_140' title='bbox 383 1739 473 1769; x_wconf 88' lang='lat' dir='ltr'>una</span> <span class='ocrx_word' id='word_1_141' title='bbox 509 1732 678 1769; x_wconf 90' lang='lat' dir='ltr'>tantum</span> <span class='ocrx_word' id='word_1_142' title='bbox 714 1722 828 1769; x_wconf 89' lang='lat' dir='ltr'>facie</span> <span class='ocrx_word' id='word_1_143' title='bbox 862 1733 1113 1786; x_wconf 89' lang='lat' dir='ltr'>spectasse,</span> <span class='ocrx_word' id='word_1_144' title='bbox 1152 1739 1203 1769; x_wconf 88' lang='lat' dir='ltr'>ac</span> <span class='ocrx_word' id='word_1_145' title='bbox 1239 1722 1489 1785; x_wconf 82' lang='lat' dir='ltr'>neglexisse</span> <span class='ocrx_word' id='word_1_146' title='bbox 1535 1740 1605 1769; x_wconf 88' lang='lat' dir='ltr'>ra-</span> 
     </span>
     <span class='ocr_line' id='line_1_20' title="bbox 126 1798 1605 1863; baseline 0.001 -19"><span class='ocrx_word' id='word_1_147' title='bbox 126 1799 295 1845; x_wconf 90' lang='lat' dir='ltr'>tionum</span> <span class='ocrx_word' id='word_1_148' title='bbox 326 1809 574 1854; x_wconf 87' lang='lat' dir='ltr'>momenta,</span> <span class='ocrx_word' id='word_1_149' title='bbox 610 1798 775 1863; x_wconf 92' lang='lat' dir='ltr'>quibus</span> <span class='ocrx_word' id='word_1_150' title='bbox 806 1799 837 1844; x_wconf 92' lang='lat' dir='ltr'>ii</span> <span class='ocrx_word' id='word_1_151' title='bbox 869 1799 1056 1863; x_wconf 90' lang='lat' dir='ltr'>permoti</span> <span class='ocrx_word' id='word_1_152' title='bbox 1083 1799 1262 1846; x_wconf 87' lang='lat' dir='ltr'>suerunt</span> <span class='ocrx_word' id='word_1_153' title='bbox 1291 1798 1346 1845; x_wconf 88' lang='lat' dir='ltr'>ad</span> <span class='ocrx_word' id='word_1_154' title='bbox 1374 1816 1472 1845; x_wconf 91' lang='lat' dir='ltr'>eam</span> <span class='ocrx_word' id='word_1_155' title='bbox 1503 1816 1605 1863; x_wconf 89' lang='lat' dir='ltr'>pro—</span> 
     </span>
     <span class='ocr_line' id='line_1_21' title="bbox 127 1873 1606 1937; baseline 0.001 -18"><span class='ocrx_word' id='word_1_156' title='bbox 127 1873 406 1921; x_wconf 86' lang='lat' dir='ltr'>movendam.</span> <span class='ocrx_word' id='word_1_157' title='bbox 446 1873 743 1921; x_wconf 83' lang='lat' dir='ltr'>Dissimulare</span> <span class='ocrx_word' id='word_1_158' title='bbox 778 1885 924 1921; x_wconf 89' lang='lat' dir='ltr'>autem</span> <span class='ocrx_word' id='word_1_159' title='bbox 959 1874 1316 1922; x_wconf 86' lang='lat' dir='ltr'>adversariorum</span> <span class='ocrx_word' id='word_1_160' title='bbox 1344 1883 1606 1937; x_wconf 87' lang='lat' dir='ltr'>argumenta</span> 
     </span>
     <span class='ocr_line' id='line_1_22' title="bbox 129 1950 646 1998; baseline 0.002 -2"><span class='ocrx_word' id='word_1_161' title='bbox 129 1968 215 1997; x_wconf 91' lang='lat' dir='ltr'>non</span> <span class='ocrx_word' id='word_1_162' title='bbox 251 1961 318 1998; x_wconf 89' lang='lat' dir='ltr'>est</span> <span class='ocrx_word' id='word_1_163' title='bbox 351 1968 404 1997; x_wconf 88' lang='lat' dir='ltr'>ea</span> <span class='ocrx_word' id='word_1_164' title='bbox 434 1950 646 1998; x_wconf 77' lang='lat' dir='ltr'>refellere.</span> 
     </span>
    </p>

    <p class='ocr_par' dir='ltr' id='par_1_7' title="bbox 128 2027 1611 2861">
     <span class='ocr_line' id='line_1_23' title="bbox 225 2027 1607 2091; baseline 0.001 -18"><span class='ocrx_word' id='word_1_165' title='bbox 225 2028 287 2074; x_wconf 90' lang='lat' dir='ltr'>Ne</span> <span class='ocrx_word' id='word_1_166' title='bbox 317 2045 419 2075; x_wconf 87' lang='lat' dir='ltr'>vero</span> <span class='ocrx_word' id='word_1_167' title='bbox 443 2045 471 2074; x_wconf 88' lang='lat' dir='ltr'>a</span> <span class='ocrx_word' id='word_1_168' title='bbox 488 2029 654 2091; x_wconf 77' lang='lat' dir='ltr'>priori,</span> <span class='ocrx_word' id='word_1_169' title='bbox 684 2038 732 2075; x_wconf 90' lang='lat' dir='ltr'>ut</span> <span class='ocrx_word' id='word_1_170' title='bbox 755 2029 905 2084; x_wconf 88' lang='lat' dir='ltr'>aiunt,</span> <span class='ocrx_word' id='word_1_171' title='bbox 940 2028 1069 2075; x_wconf 92' lang='lat' dir='ltr'>nobis</span> <span class='ocrx_word' id='word_1_172' title='bbox 1098 2027 1318 2075; x_wconf 90' lang='lat' dir='ltr'>eiusmodi</span> <span class='ocrx_word' id='word_1_173' title='bbox 1348 2039 1607 2091; x_wconf 91' lang='lat' dir='ltr'>argumenta</span> 
     </span>
     <span class='ocr_line' id='line_1_24' title="bbox 128 2104 1607 2170; baseline -0.001 -18"><span class='ocrx_word' id='word_1_174' title='bbox 128 2104 459 2168; x_wconf 87' lang='lat' dir='ltr'>confingamus,</span> <span class='ocrx_word' id='word_1_175' title='bbox 497 2122 638 2170; x_wconf 90' lang='lat' dir='ltr'>eaque</span> <span class='ocrx_word' id='word_1_176' title='bbox 671 2123 725 2152; x_wconf 83' lang='lat' dir='ltr'>ex</span> <span class='ocrx_word' id='word_1_177' title='bbox 760 2123 877 2169; x_wconf 90' lang='lat' dir='ltr'>penu</span> <span class='ocrx_word' id='word_1_178' title='bbox 913 2115 1062 2152; x_wconf 90' lang='lat' dir='ltr'>nostro</span> <span class='ocrx_word' id='word_1_179' title='bbox 1097 2104 1436 2169; x_wconf 89' lang='lat' dir='ltr'>depromamus,</span> <span class='ocrx_word' id='word_1_180' title='bbox 1476 2104 1607 2152; x_wconf 89' lang='lat' dir='ltr'>nobis</span> 
     </span>
     <span class='ocr_line' id='line_1_25' title="bbox 129 2179 1606 2245; baseline 0 -19"><span class='ocrx_word' id='word_1_181' title='bbox 129 2180 441 2245; x_wconf 87' lang='lat' dir='ltr'>proposuimus</span> <span class='ocrx_word' id='word_1_182' title='bbox 485 2181 642 2228; x_wconf 91' lang='lat' dir='ltr'>maiori</span> <span class='ocrx_word' id='word_1_183' title='bbox 678 2198 768 2244; x_wconf 90' lang='lat' dir='ltr'>qua</span> <span class='ocrx_word' id='word_1_184' title='bbox 804 2180 899 2228; x_wconf 87' lang='lat' dir='ltr'>fieri</span> <span class='ocrx_word' id='word_1_185' title='bbox 937 2181 1080 2245; x_wconf 90' lang='lat' dir='ltr'>potuit</span> <span class='ocrx_word' id='word_1_186' title='bbox 1124 2180 1358 2243; x_wconf 79' lang='lat' dir='ltr'>diligentia</span> <span class='ocrx_word' id='word_1_187' title='bbox 1392 2197 1445 2227; x_wconf 90' lang='lat' dir='ltr'>ea</span> <span class='ocrx_word' id='word_1_188' title='bbox 1478 2179 1606 2226; x_wconf 86' lang='lat' dir='ltr'>exhi-</span> 
     </span>
     <span class='ocr_line' id='line_1_26' title="bbox 128 2256 1609 2322; baseline 0 -18"><span class='ocrx_word' id='word_1_189' title='bbox 128 2257 232 2304; x_wconf 91' lang='lat' dir='ltr'>bere</span> <span class='ocrx_word' id='word_1_190' title='bbox 249 2274 302 2304; x_wconf 85' lang='lat' dir='ltr'>ex</span> <span class='ocrx_word' id='word_1_191' title='bbox 321 2257 683 2305; x_wconf 89' lang='lat' dir='ltr'>discussionibus</span> <span class='ocrx_word' id='word_1_192' title='bbox 704 2296 712 2314; x_wconf 98' lang='lat'>,</span> <span class='ocrx_word' id='word_1_193' title='bbox 741 2274 858 2322; x_wconf 90' lang='lat' dir='ltr'>quae</span> <span class='ocrx_word' id='word_1_194' title='bbox 883 2258 928 2304; x_wconf 92' lang='lat' dir='ltr'>in</span> <span class='ocrx_word' id='word_1_195' title='bbox 953 2256 1204 2322; x_wconf 90' lang='lat' dir='ltr'>subalpinis</span> <span class='ocrx_word' id='word_1_196' title='bbox 1230 2257 1446 2314; x_wconf 90' lang='lat' dir='ltr'>comitiis,</span> <span class='ocrx_word' id='word_1_197' title='bbox 1475 2268 1609 2322; x_wconf 87' lang='lat' dir='ltr'>atque</span> 
     </span>
     <span class='ocr_line' id='line_1_27' title="bbox 132 2333 1610 2398; baseline 0.001 -19"><span class='ocrx_word' id='word_1_198' title='bbox 132 2333 177 2379; x_wconf 91' lang='lat' dir='ltr'>in</span> <span class='ocrx_word' id='word_1_199' title='bbox 213 2333 454 2397; x_wconf 91' lang='lat' dir='ltr'>subalpino</span> <span class='ocrx_word' id='word_1_200' title='bbox 489 2334 749 2398; x_wconf 87' lang='lat' dir='ltr'>praesertim</span> <span class='ocrx_word' id='word_1_201' title='bbox 779 2344 937 2381; x_wconf 89' lang='lat' dir='ltr'>senatu</span> <span class='ocrx_word' id='word_1_202' title='bbox 962 2333 1143 2382; x_wconf 89' lang='lat' dir='ltr'>habitae</span> <span class='ocrx_word' id='word_1_203' title='bbox 1168 2343 1294 2391; x_wconf 90' lang='lat' dir='ltr'>sunt,</span> <span class='ocrx_word' id='word_1_204' title='bbox 1320 2351 1420 2381; x_wconf 93' lang='lat' dir='ltr'>cum</span> <span class='ocrx_word' id='word_1_205' title='bbox 1444 2333 1500 2381; x_wconf 90' lang='lat' dir='ltr'>de</span> <span class='ocrx_word' id='word_1_206' title='bbox 1523 2333 1610 2381; x_wconf 88' lang='lat' dir='ltr'>hac</span> 
     </span>
     <span class='ocr_line' id='line_1_28' title="bbox 129 2409 1610 2473; baseline 0.002 -18"><span class='ocrx_word' id='word_1_207' title='bbox 129 2409 227 2473; x_wconf 88' lang='lat' dir='ltr'>lege</span> <span class='ocrx_word' id='word_1_208' title='bbox 276 2410 518 2458; x_wconf 87' lang='lat' dir='ltr'>sancienda</span> <span class='ocrx_word' id='word_1_209' title='bbox 558 2421 775 2473; x_wconf 82' lang='lat' dir='ltr'>ageretur.</span> <span class='ocrx_word' id='word_1_210' title='bbox 816 2410 963 2466; x_wconf 85' lang='lat' dir='ltr'>Quum</span> <span class='ocrx_word' id='word_1_211' title='bbox 997 2410 1118 2458; x_wconf 89' lang='lat' dir='ltr'>enim</span> <span class='ocrx_word' id='word_1_212' title='bbox 1155 2410 1407 2457; x_wconf 88' lang='lat' dir='ltr'>incredibili</span> <span class='ocrx_word' id='word_1_213' title='bbox 1454 2411 1610 2458; x_wconf 88' lang='lat' dir='ltr'>ardore</span> 
     </span>
     <span class='ocr_line' id='line_1_29' title="bbox 130 2487 1609 2552; baseline 0.001 -19"><span class='ocrx_word' id='word_1_214' title='bbox 130 2488 332 2552; x_wconf 88' lang='lat' dir='ltr'>quaestio</span> <span class='ocrx_word' id='word_1_215' title='bbox 363 2487 474 2535; x_wconf 90' lang='lat' dir='ltr'>haec</span> <span class='ocrx_word' id='word_1_216' title='bbox 507 2487 638 2534; x_wconf 89' lang='lat' dir='ltr'>fuerit</span> <span class='ocrx_word' id='word_1_217' title='bbox 666 2488 833 2551; x_wconf 87' lang='lat' dir='ltr'>agitata</span> <span class='ocrx_word' id='word_1_218' title='bbox 855 2526 865 2544; x_wconf 91' lang='lat'>,</span> <span class='ocrx_word' id='word_1_219' title='bbox 906 2487 1151 2551; x_wconf 91' lang='lat' dir='ltr'>putandum</span> <span class='ocrx_word' id='word_1_220' title='bbox 1176 2497 1244 2534; x_wconf 91' lang='lat' dir='ltr'>est</span> <span class='ocrx_word' id='word_1_221' title='bbox 1266 2487 1379 2550; x_wconf 89' lang='lat' dir='ltr'>legis</span> <span class='ocrx_word' id='word_1_222' title='bbox 1413 2487 1609 2534; x_wconf 83' lang='lat' dir='ltr'>fautores</span> 
     </span>
     <span class='ocr_line' id='line_1_30' title="bbox 133 2563 1609 2627; baseline 0.002 -18"><span class='ocrx_word' id='word_1_223' title='bbox 133 2575 390 2627; x_wconf 85' lang='lat' dir='ltr'>argumenta</span> <span class='ocrx_word' id='word_1_224' title='bbox 437 2564 586 2611; x_wconf 89' lang='lat' dir='ltr'>omnia</span> <span class='ocrx_word' id='word_1_225' title='bbox 628 2563 845 2612; x_wconf 89' lang='lat' dir='ltr'>validiora</span> <span class='ocrx_word' id='word_1_226' title='bbox 886 2563 1089 2612; x_wconf 88' lang='lat' dir='ltr'>attulisse</span> <span class='ocrx_word' id='word_1_227' title='bbox 1124 2564 1219 2612; x_wconf 83' lang='lat' dir='ltr'>sive</span> <span class='ocrx_word' id='word_1_228' title='bbox 1253 2563 1309 2611; x_wconf 90' lang='lat' dir='ltr'>ad</span> <span class='ocrx_word' id='word_1_229' title='bbox 1344 2563 1609 2612; x_wconf 86' lang='lat' dir='ltr'>refellendos</span> 
     </span>
     <span class='ocr_line' id='line_1_31' title="bbox 133 2640 1611 2704; baseline 0.002 -19"><span class='ocrx_word' id='word_1_230' title='bbox 133 2640 431 2697; x_wconf 88' lang='lat' dir='ltr'>adversarios,</span> <span class='ocrx_word' id='word_1_231' title='bbox 462 2641 557 2689; x_wconf 90' lang='lat' dir='ltr'>sive</span> <span class='ocrx_word' id='word_1_232' title='bbox 581 2641 636 2688; x_wconf 90' lang='lat' dir='ltr'>ad</span> <span class='ocrx_word' id='word_1_233' title='bbox 663 2641 808 2704; x_wconf 87' lang='lat' dir='ltr'>ipsam</span> <span class='ocrx_word' id='word_1_234' title='bbox 834 2641 975 2704; x_wconf 85' lang='lat' dir='ltr'>legem</span> <span class='ocrx_word' id='word_1_235' title='bbox 1000 2640 1358 2689; x_wconf 89' lang='lat' dir='ltr'>constituendam</span> <span class='ocrx_word' id='word_1_236' title='bbox 1383 2658 1434 2688; x_wconf 88' lang='lat' dir='ltr'>ac</span> <span class='ocrx_word' id='word_1_237' title='bbox 1457 2658 1611 2689; x_wconf 92' lang='lat' dir='ltr'>conso-</span> 
     </span>
     <span class='ocr_line' id='line_1_32' title="bbox 135 2715 1610 2783; baseline 0.002 -23"><span class='ocrx_word' id='word_1_238' title='bbox 135 2715 379 2764; x_wconf 89' lang='lat' dir='ltr'>lidandam.</span> <span class='ocrx_word' id='word_1_239' title='bbox 422 2718 542 2765; x_wconf 89' lang='lat' dir='ltr'>Haec</span> <span class='ocrx_word' id='word_1_240' title='bbox 577 2735 657 2765; x_wconf 89' lang='lat' dir='ltr'>nos</span> <span class='ocrx_word' id='word_1_241' title='bbox 694 2717 882 2766; x_wconf 80' lang='lat' dir='ltr'>fideliter</span> <span class='ocrx_word' id='word_1_242' title='bbox 920 2735 1094 2783; x_wconf 87' lang='lat' dir='ltr'>semper</span> <span class='ocrx_word' id='word_1_243' title='bbox 1130 2735 1209 2782; x_wconf 90' lang='lat' dir='ltr'>pro</span> <span class='ocrx_word' id='word_1_244' title='bbox 1241 2716 1414 2765; x_wconf 84' lang='lat' dir='ltr'>viribus</span> <span class='ocrx_word' id='word_1_245' title='bbox 1453 2717 1610 2764; x_wconf 80' lang='lat' dir='ltr'>affere-</span> 
     </span>
     <span class='ocr_line' id='line_1_33' title="bbox 137 2793 1610 2861; baseline 0.001 -23"><span class='ocrx_word' id='word_1_246' title='bbox 137 2809 267 2848; x_wconf 75' lang='lat' dir='ltr'>mus,</span> <span class='ocrx_word' id='word_1_247' title='bbox 310 2793 570 2859; x_wconf 84' lang='lat' dir='ltr'>plerumque</span> <span class='ocrx_word' id='word_1_248' title='bbox 600 2793 783 2842; x_wconf 84' lang='lat' dir='ltr'>verbum</span> <span class='ocrx_word' id='word_1_249' title='bbox 819 2794 952 2842; x_wconf 86' lang='lat' dir='ltr'>verbo</span> <span class='ocrx_word' id='word_1_250' title='bbox 986 2793 1249 2850; x_wconf 90' lang='lat' dir='ltr'>reddemus,</span> <span class='ocrx_word' id='word_1_251' title='bbox 1289 2812 1344 2842; x_wconf 90' lang='lat' dir='ltr'>ne</span> <span class='ocrx_word' id='word_1_252' title='bbox 1378 2794 1610 2861; x_wconf 88' lang='lat' dir='ltr'>quidpiam</span> 
     </span>
    </p>
   </div>
  </div>
 </body>
</html>
