1912 3180
397 228 487 259 cm».
511 228 541 258 1.
564 227 615 258 nn
639 226 812 258 nurum.
841 225 989 258 civius
1011 225 1189 257 mrum.
1213 227 1308 257 mr.
1330 225 1372 256 v.
1530 211 1619 256 253

147 308 193 353 in
227 305 388 368 Anglia
416 293 512 366 lege
545 313 722 350 cautum
758 313 847 358 est,
887 319 939 349 ac
972 319 1060 349 non
1096 303 1157 349 ita
1187 303 1359 367 pridem
1394 303 1439 348 in
1472 302 1625 350 codice

146 383 332 445 gallico,
371 391 504 445 atque
534 378 682 426 adhuc
712 378 880 425 obtinet
912 378 958 423 in
993 377 1226 426 Germania
1244 417 1253 434 ,
1282 378 1356 425 ubi
1380 379 1500 442 viget
1522 396 1623 443 pro-

146 458 475 511 testantismus;
505 454 695 502 ecclesia
725 453 994 500 contrarium
1029 454 1222 502 decrevit
1254 455 1299 500 in
1334 455 1521 503 concilio
1547 455 1624 502 tri-

145 533 341 581 dentino.
371 531 425 576 Et
449 530 535 577 huc
560 529 745 576 redeunt
775 527 1185 576 animadversiones
1221 530 1473 586 faciendae,
1510 547 1623 595 quas

145 625 287 672 nuper
317 605 457 654 oculis
498 605 784 652 subiecimus.
823 604 1011 650 Rursum
1049 606 1210 667 poterit
1248 606 1510 668 gubernium
1546 607 1624 653 de-

144 684 381 731 terminare
415 698 630 746 personas
664 697 905 744 earumque
936 678 1174 744 qualitates
1194 718 1203 735 ‚
1232 692 1280 727 ut
1314 682 1406 728 sint
1429 682 1524 729 iure
1548 682 1624 729 ha-

142 760 254 807 biles
289 759 345 806 ad
375 756 723 805 contrahendum
756 755 944 802 civiliter
976 756 1093 817 (52).
1123 755 1239 810 Quid
1274 773 1378 803 vero
1410 758 1625 821 prohibet

143 835 252 899 quin
285 833 575 897 gubernium,
604 831 723 895 quod
749 830 979 895 profitetur
1011 830 1056 876 in
1089 830 1186 877 suis
1220 830 1395 893 legibus
1429 833 1624 880 conden-

143 911 214 958 dis
246 910 303 957 ab
338 909 525 956 ecclesia
558 907 895 972 praescindere,
934 906 1158 970 permittat
1200 907 1330 954 civile
1358 908 1620 971 coniugium

142 987 315 1035 clericis
340 1003 392 1033 ac
418 985 603 1032 solemni
628 984 847 1031 castitatis
870 994 972 1031 voto
996 982 1254 1030 obstrictis?
1277 984 1436 1047 Logice
1462 984 1619 1031 saltem

143 1080 196 1110 ac
227 1063 425 1125 legitima
457 1060 720 1107 deductione
754 1060 939 1107 infertur
971 1060 1146 1107 evenire
1170 1059 1215 1106 id
1234 1064 1390 1124 posse.
1430 1060 1621 1116 Quando

143 1139 244 1203 quis
285 1154 364 1202 per
403 1136 620 1183 lubricum
661 1136 807 1199 coepit
851 1135 1056 1183 incedere
1089 1153 1141 1182 ac
1179 1152 1357 1183 cursum
1391 1138 1587 1202 arripere
1608 1175 1618 1191 ‚

146 1215 275 1262 facile
298 1224 366 1261 est
389 1231 438 1260 se
462 1212 749 1278 praecipitem
783 1213 905 1259 dare.
929 1212 1074 1259 Prima
1098 1211 1356 1260 difficultate
1389 1224 1618 1277 superata,

143 1302 285 1339 cetera
318 1308 433 1355 pone
468 1299 728 1354 sequuntur.
752 1288 788 1334 A
812 1289 956 1353 primo
985 1289 1142 1352 gradu,
1170 1289 1247 1354 qui
1275 1290 1451 1353 figatur,
1487 1291 1620 1339 totius

144 1368 205 1415 rei
238 1367 381 1414 exitus
415 1366 581 1430 pendet
604 1367 721 1427 (53).

243 1573 308 1614 (52)
331 1575 453 1605 Revera
475 1573 507 1604 in
526 1570 747 1614 paradigmate
761 1571 841 1613 legis
855 1572 941 1604 circa
962 1573 1204 1605 matrimonium
1229 1573 1326 1605 civile
1348 1572 1457 1604 oblato
1482 1571 1623 1603 comitiis

145 1625 323 1667 subalpinis
353 1626 600 1667 deputatorum
627 1634 709 1666 quos
738 1626 871 1666 vocant,
892 1626 984 1667 prius
1008 1628 1121 1658 contra
1142 1626 1296 1659 ecclesiae
1316 1626 1402 1667 leges
1426 1625 1617 1666 proponitur

142 1679 231 1710 aetas
256 1679 289 1710 et
312 1677 458 1710 conditio
475 1678 653 1710 necessaria
679 1677 721 1709 ad
744 1678 853 1710 valide
874 1679 1131 1711 contrahendum
1156 1678 1255 1711 civile
1281 1678 1481 1719 coniugium.
1505 1691 1520 1705 «ι
1537 1677 1622 1709 Abili

142 1733 353 1763 acontrarre:
401 1732 454 1763 Pei
476 1731 600 1763 maschi
623 1739 675 1763 an.
695 1736 744 1763 18.

260 1823 266 1829 .
399 1787 462 1817 Per
479 1785 509 1816 le
531 1783 684 1816 feminine
705 1792 758 1815 an.
778 1788 826 1816 15.

144 1836 267 1868 Deinde
281 1837 465 1869 subduntur
481 1837 599 1878 gradus
615 1836 904 1877 consanguinitatis
915 1836 950 1868 et
961 1836 1141 1876 affinitatis,
1161 1835 1247 1868 intra
1265 1844 1348 1877 quos
1371 1836 1500 1868 tantum
1515 1834 1622 1867 valide

145 1888 275 1929 nuptiae
290 1889 443 1922 celebrari
457 1890 635 1930 nequeunt.

312 1941 503 1974 Ascendenti

839 1744 1030 1810 }Consenso
1050 1752 1100 1784 de'
1112 1752 1262 1794 genitori.

317 1994 524 2026 Discendenti

313 2047 444 2079 maten.
467 2055 485 2078 e
510 2046 625 2078 somne
661 2026 757 2058 Affini
779 2027 864 2059 nello
885 2028 986 2059 stesso
1003 2025 1103 2068 grado
1125 2033 1219 2058 senza
1239 2025 1401 2067 dispensa.

314 2100 388 2131 Zii—
403 2100 510 2141 Nipoti

143 2153 218 2185 vid.
237 2153 462 2186 Parlamento
476 2152 581 2186 sardo
596 2170 608 2177 -
624 2154 770 2185 camera
780 2151 936 2185 elettwa.
949 2151 1092 2185 Tornata
1106 2151 1158 2184 del
1171 2157 1203 2184 2.
1214 2152 1342 2192 Giugno
1358 2156 1447 2184 1852.
1460 2161 1532 2193 pag.
1545 2154 1616 2184 517.

142 2215 214 2248 cap.
233 2209 257 2238 1.
274 2207 337 2239 col.
355 2212 389 2239 3.

238 2262 304 2301 (53)
326 2262 372 2292 Ne
392 2260 559 2292 videamur
574 2260 607 2292 in
622 2260 747 2292 theoria
761 2260 955 2301 consistere,
971 2261 1099 2301 praoeto
1116 2259 1208 2291 nobis
1221 2261 1298 2291 sunt
1314 2259 1414 2299 sacta,
1431 2267 1514 2299 quae
1527 2259 1616 2300 quod

142 2313 194 2344 liic
222 2311 456 2344 affirmavimus
476 2311 679 2344 confirmant.
698 2311 829 2344 cumin
845 2312 957 2343 senatu
979 2311 1149 2352 subalpino
1169 2311 1331 2343 obiectum
1347 2310 1446 2343 fuerit
1462 2319 1481 2342 a
1496 2310 1615 2343 celebri

138 2366 267 2398 oratore
281 2373 319 2397 ac
334 2373 409 2396 vere
423 2365 585 2397 catholico
612 2363 768 2396 adversus
788 2365 990 2405 propositum
1014 2373 1217 2405 programma
1239 2364 1318 2405 legis
1342 2363 1383 2396 de
1407 2363 1616 2397 matrimonio

139 2418 250 2459 civili,
278 2419 379 2459 legem
400 2418 487 2450 circa
511 2417 718 2449 matrimonia
741 2425 914 2458 agnoscere
928 2417 1044 2449 debere
1058 2417 1280 2449 necessitatem
1294 2417 1509 2457 sacramenti,
1522 2418 1620 2457 prout

139 2472 284 2511 agnoscit
297 2471 421 2511 aliquot
436 2469 665 2510 impedimenta
684 2478 792 2511 presse
806 2469 954 2511 religiosa
967 2479 1018 2513 ex.
1033 2479 1080 2510 gr.
1096 2478 1262 2502 sacrorum
1276 2469 1427 2501 ordinum
1440 2494 1450 2509 ‚
1467 2469 1619 2502 votorum

140 2523 334 2555 solemnium
359 2524 421 2555 etc.
438 2523 587 2555 Minister
613 2523 718 2563 regius
733 2530 754 2554 a
767 2522 905 2563 negotiis
930 2522 1066 2554 internis
1089 2522 1139 2554 sic
1158 2521 1338 2563 respondit:
1356 2535 1371 2550 α
1384 2523 1420 2554 lo
1434 2522 1545 2562 credo,
1558 2523 1619 2554 che

139 2575 351 2618 aller-quando
370 2575 405 2607 la
425 2575 548 2607 societa
569 2575 619 2607 sia
638 2575 750 2616 giunta
769 2574 811 2608 ad
834 2583 876 2614 un
901 2578 1057 2616 maqqior
1071 2574 1182 2616 orado
1202 2574 1236 2607 d’
1250 2574 1518 2619 incivilimento,
1534 2574 1620 2608 forse

140 2636 203 2659 non
225 2627 253 2660 si
274 2627 431 2668 occupera
455 2629 509 2668 piu
533 2626 575 2660 ne
596 2628 634 2659 di
651 2629 761 2669 preti,
786 2626 827 2659 ηὲ
847 2627 885 2659 di
905 2627 1020 2659 ordini
1042 2629 1152 2666 sacri,
1173 2625 1309 2659 lasciera
1330 2626 1436 2659 chela
1450 2626 1619 2659 coscienza

141 2677 176 2709 di
196 2678 271 2719 ogni
291 2679 466 2719 citandum,
482 2681 531 2712 sia
545 2680 588 2712 da
603 2688 637 2712 se
650 2680 720 2712 sola
739 2679 884 2721 giudice,
904 2688 923 2711 e
938 2688 974 2711 se
988 2680 1010 2711 il
1026 2681 1140 2711 senato
1158 2679 1325 2719 credesse,
1341 2680 1403 2712 che
1416 2680 1482 2712 tale
1498 2680 1547 2712 sia
1563 2681 1615 2721 'gia

139 2730 160 2761 l'
175 2730 405 2770 incivilimento
427 2732 479 2765 del
501 2734 612 2766 nostro
636 2742 750 2777 paese,
774 2733 806 2764 io
827 2733 973 2766 dichiaro
1000 2732 1053 2764 dal
1077 2733 1143 2765 mio
1164 2734 1280 2774 canto,
1299 2742 1367 2765 non
1387 2735 1436 2765 mi
1458 2742 1615 2776 opporret

141 2781 205 2813 all’
214 2782 378 2816 adozione
389 2784 427 2816 di
441 2794 514 2817 una
526 2788 630 2832 piena
646 2785 771 2818 liberta
793 2784 902 2817 anche
922 2794 965 2817 su
987 2785 1097 2827 quesc'
1112 2787 1280 2826 oqqettom
1274 2786 1376 2818 Vid.
1393 2785 1618 2819 parlamento

143 2834 273 2867 sardo·
291 2836 427 2869 senato.
442 2839 584 2870 Tornata
598 2836 651 2870 del
672 2842 718 2871 15.
735 2836 882 2870 Dicemb.
896 2841 986 2870 ¹852.
1002 2845 1074 2878 pag.
1093 2840 1160 2871 188
1178 2839 1241 2870 col.
1262 2842 1301 2871 1.
