1912 3180
398 168 493 213 1348
662 181 747 212 Lm.
779 181 807 212 1.
838 180 950 212 sacr.
981 180 1152 213 ALTERA.
1184 181 1235 213 ni:
1260 181 1436 215 mrum.
1460 183 1599 217 civim.

401 260 646 307 libertatem
682 268 917 323 exoptant,
945 268 993 305 ut
1019 258 1158 306 libere
1186 260 1363 316 vivant,
1396 271 1472 307 aut
1499 262 1545 307 in
1570 261 1869 313 indifferenna

399 336 546 399 quiete
571 335 750 398 degant,
773 345 822 381 ut
840 335 886 383 id
904 334 1035 382 liceat
1060 336 1178 400 quod
1207 335 1328 383 libet.
1362 336 1418 382 Hi
1454 337 1626 385 similes
1652 349 1756 386 sunt
1777 358 1871 404 per-

396 411 538 458 versis
562 410 651 458 illis
675 411 850 458 iudaeis
867 450 877 468 ,
908 413 1010 476 qui,
1040 430 1138 459 cum
1164 412 1208 458 in
1231 430 1335 460 vera
1370 413 1583 475 religione
1612 414 1760 462 adhuc
1785 417 1866 464 flo-

397 498 519 535 rente
532 487 772 554 tranquille
783 488 1076 553 quiescerent,
1088 488 1334 535 libertatem
1354 489 1653 537 conscientiae
1666 491 1753 538 sibi
1773 492 1868 539 dari

396 563 619 627 petierunt
633 574 684 611 -ut
700 581 727 611 a
744 563 839 627 lege
857 564 1055 611 mosaica
1072 563 1326 610 recederent
1344 583 1353 620 ;
1371 565 1449 610 «ln
1468 565 1626 613 diebus
1647 566 1737 614 illis
1757 569 1870 615 exie-

396 650 499 687 runt
522 657 576 688 ex
603 640 742 687 lsrael
759 640 841 687 filii
860 640 1022 704 iniqui,
1045 649 1088 685 et
1106 651 1344 686 suaserunt
1361 640 1531 697 multis,
1555 642 1776 691 dicentes:
1800 662 1870 691 ea-

395 734 495 764 mus
510 727 552 765 et
568 717 859 783 disponamus
878 726 1188 763 testamentum
1219 734 1319 763 cum
1349 717 1554 780 gentibus
1572 757 1581 775 ‚
1611 736 1728 783 quae
1749 720 1866 768 cirea

395 811 478 842 nos
498 804 639 841 sunt..
653 805 734 842 ..et
750 794 894 841 bonus
910 793 1038 840 visus
1056 803 1125 840 est
1142 810 1287 840 sermo
1305 793 1351 840 in
1368 793 1510 841 oculis
1533 804 1702 842 eorum.
1718 796 1776 843 Et
1790 796 1869 844 de—

394 858 670 918 stinaverunt
686 870 826 934 aliqui
845 869 901 916 de
919 868 1082 934 populo
1096 907 1106 926 ,
1129 879 1173 916 et
1190 869 1396 923 abierunt
1412 870 1469 917 ad
1489 889 1657 934 regem:
1679 883 1723 920 et
1751 872 1868 920 dedit

393 947 487 994 illis
516 957 768 1011 potestatem
789 955 838 991 ut
861 946 1049 1009 facerent
1072 946 1287 992 iustitiam
1308 948 1521 1009 flentium,
1544 958 1587 994 et
1605 948 1867 997 aedificave—

394 1032 498 1069 runt
514 1021 797 1087 gymnasium
823 1020 1068 1068 secundum
1093 1020 1214 1083 leges
1239 1021 1469 1068 nationum
1502 1024 1652 1084 (16).»
1681 1025 1770 1071 Rex
1800 1043 1868 1072 as—

393 1115 553 1145 sensus
583 1108 673 1154 est‚
702 1098 836 1145 immo
864 1097 1036 1145 «iussit
1059 1097 1285 1144 aedificari
1320 1116 1421 1146 aras
1451 1109 1496 1146 et
1520 1100 1684 1164 templa
1712 1102 1862 1163 (17).»

391 1174 465 1221 Sic
482 1174 555 1221 isti
574 1173 931 1239 pseudo-politici
961 1173 1191 1238 religionis
1218 1174 1462 1222 catholicae
1490 1176 1710 1239 pertaesi,
1737 1178 1865 1224 dese—

390 1260 537 1298 rentes
573 1250 775 1297 instituta
814 1250 1032 1298 maiorum
1071 1250 1266 1297 inierunt
1304 1250 1461 1298 foedus
1501 1268 1600 1297 cum
1640 1252 1866 1300 valdensi-

390 1326 475 1374 bus
499 1327 850 1390 genevensibus‚
883 1327 1162 1390 hugonottis‚
1200 1327 1447 1390 anglicanis
1482 1327 1676 1393 aliisque
1710 1329 1865 1377 haere·

391 1403 517 1460 ticis,
554 1422 645 1451 una
677 1421 778 1452 cum
812 1405 995 1452 secretis
1030 1404 1251 1469 quibusve
1285 1405 1418 1452 sectis
1437 1443 1447 1461 ,
1477 1422 1666 1469 quarum
1700 1422 1866 1470 scopus

389 1489 459 1527 est
498 1496 674 1527 omnem
722 1481 979 1544 religionem
1023 1480 1260 1527 revelatam
1306 1481 1536 1527 destruere
1553 1519 1563 1537 ‚
1616 1480 1863 1529 libertatem

389 1553 688 1604 conscientiae
722 1556 1054 1621 proclamarunt
1082 1556 1138 1603 ad
1173 1556 1436 1621 turpissima
1470 1556 1620 1604 omnia
1667 1557 1864 1605 facinora

389 1631 571 1696 impune
590 1633 902 1697 perpetranda.
925 1633 1107 1698 Templa
1133 1632 1481 1697 protestantibus
1503 1644 1752 1690 erexerunt,
1774 1634 1864 1681 bel-

387 1706 478 1754 lum
513 1709 760 1757 excitarunt
787 1710 1003 1758 adversus
1038 1709 1298 1773 religionem
1322 1709 1608 1766 catholicam,
1637 1720 1680 1757 et
1706 1710 1862 1758 adver-

385 1801 465 1831 sus
493 1802 721 1833 romanam
745 1787 922 1843 sedem,
950 1797 1103 1851 utpote
1139 1786 1280 1834 solam
1311 1786 1452 1833 divini
1486 1786 1678 1851 depositi
1714 1797 1861 1834 custo-

385 1860 486 1907 dem
505 1871 637 1927 atque
656 1863 880 1919 tutricem;
905 1863 1182 1926 exagitarunt
1199 1873 1417 1927 quotquot
1435 1862 1590 1910 fideles
1616 1862 1861 1911 catholicae

386 1936 602 1985 ecclesiae
644 1938 948 1986 observatores
971 1977 981 1995 ‚
1024 1939 1208 2003 verique
1240 1938 1320 1986 Dei
1364 1938 1554 1986 cultores
1600 1949 1858 2003 repererunt

384 2023 462 2061 aut
496 2015 745 2079 reperiunt,
787 2015 872 2063 sub
904 2016 1069 2080 hisque
1098 2015 1313 2079 auspiciis
1346 2014 1595 2063 libertatem
1630 2016 1858 2079 coniugio-

386 2107 483 2136 rum
519 2091 751 2139 adstruere
786 2091 987 2155 aggressi
1022 2101 1141 2139 sunt.

487 2168 646 2214 Tertio.
672 2168 753 2215 Ast
776 2168 1018 2216 cohaerent
1035 2185 1090 2214 ne
1108 2166 1193 2213 sibi
1220 2166 1294 2213 isti
1318 2166 1534 2214 libertatis
1559 2166 1859 2214 conscientiae

383 2242 614 2291 absolutae
648 2254 892 2292 assertores
916 2255 959 2291 et
980 2242 1220 2292 vindices?
1249 2241 1378 2290 Nullo
1397 2243 1544 2290 modo.
1569 2244 1679 2289 Nam
1701 2243 1747 2289 hi
1767 2243 1854 2307 ipsi

382 2330 501 2377 sunt,
535 2318 618 2385 qui
636 2321 885 2368 iuramenta
902 2321 1082 2383 exigunt
1098 2330 1142 2367 et
1158 2320 1395 2384 imponunt
1417 2319 1592 2384 quoties
1610 2319 1656 2365 id
1674 2319 1762 2366 sibi
1782 2336 1854 2366 su-

382 2396 510 2461 isque
527 2397 715 2460 negotiis
734 2397 942 2462 expedire
959 2397 1246 2444 arbitrantur.
1271 2395 1586 2444 Iusiurandum
1604 2396 1785 2458 exigunt
1797 2395 1853 2442 ab

381 2472 588 2521 omnibus
613 2473 669 2520 ad
694 2475 914 2520 Statutum
942 2473 1132 2520 fideliter
1155 2473 1439 2529 servandum,
1466 2482 1598 2536 atque
1616 2471 1661 2517 in
1680 2488 1763 2518 sua
1786 2472 1854 2517 in-

380 2550 582 2612 tegritate
599 2549 939 2597 custodiendum
954 2588 963 2606 ‚
987 2549 1247 2597 nominatim
1266 2548 1323 2596 ab
1340 2549 1414 2606 iis,
1439 2565 1551 2613 quos
1570 2547 1763 2612 publicis
1782 2565 1853 2595 ne-

380 2625 513 2687 gotiis
541 2626 829 2690 praeficiunt3
859 2636 1072 2690 expetunt
1087 2643 1114 2673 a
1134 2624 1326 2690 publicis
1347 2624 1679 2689 magistratibus
1698 2640 1750 2672 ac
1769 2623 1852 2670 mi-

476 2760 540 2801 (16)
562 2763 588 2793 l.
609 2762 756 2794 Machah.
773 2763 797 2794 1.
819 2766 917 2794 12-15.

477 2812 542 2851 (17)
564 2813 646 2845 lbid.
671 2823 703 2846 v.
723 2819 771 2846 19.
