<?xml version="1.0" encoding="UTF-8"?>
<!DOCTYPE html PUBLIC "-//W3C//DTD XHTML 1.0 Transitional//EN"
    "http://www.w3.org/TR/xhtml1/DTD/xhtml1-transitional.dtd">
<html xmlns="http://www.w3.org/1999/xhtml" xml:lang="en" lang="en">
 <head>
  <title>
</title>
<meta http-equiv="Content-Type" content="text/html;charset=utf-8" />
  <meta name='ocr-system' content='tesseract 3.04.00' />
  <meta name='ocr-capabilities' content='ocr_page ocr_carea ocr_par ocr_line ocrx_word'/>
</head>
<body>
  <div class='ocr_page' id='page_1' title='image "a603380701perruoft_0106.png"; bbox 0 0 1918 3186; ppageno 0'>
   <div class='ocr_carea' id='block_1_1' title="bbox 336 237 1535 284">
    <p class='ocr_par' dir='ltr' id='par_1_1' title="bbox 336 237 1535 284">
     <span class='ocr_line' id='line_1_1' title="bbox 336 237 1535 284; baseline -0.007 -2"><span class='ocrx_word' id='word_1_1' title='bbox 336 237 396 282; x_wconf 76' lang='lat'><strong>84</strong></span> <span class='ocrx_word' id='word_1_2' title='bbox 604 249 684 281; x_wconf 77' lang='lat' dir='ltr'><strong>m.</strong></span> <span class='ocrx_word' id='word_1_3' title='bbox 713 248 743 279; x_wconf 92' lang='lat'><strong>1.</strong></span> <span class='ocrx_word' id='word_1_4' title='bbox 773 244 885 279; x_wconf 67' lang='lat' dir='ltr'><strong>secr.</strong></span> <span class='ocrx_word' id='word_1_5' title='bbox 913 245 943 277; x_wconf 92' lang='lat'><strong>1.</strong></span> <span class='ocrx_word' id='word_1_6' title='bbox 973 243 1025 276; x_wconf 74' lang='lat' dir='ltr'><strong>ns</strong></span> <span class='ocrx_word' id='word_1_7' title='bbox 1048 243 1223 284; x_wconf 69' lang='lat' dir='ltr'><strong>mrum.</strong></span> <span class='ocrx_word' id='word_1_8' title='bbox 1252 242 1535 277; x_wconf 62' lang='lat' dir='ltr'><strong>nonnemo,</strong></span> 
     </span>
    </p>
   </div>
   <div class='ocr_carea' id='block_1_2' title="bbox 324 316 1803 2504">
    <p class='ocr_par' dir='ltr' id='par_1_2' title="bbox 324 316 1803 2504">
     <span class='ocr_line' id='line_1_2' title="bbox 334 316 1794 386; baseline -0.003 -11"><span class='ocrx_word' id='word_1_9' title='bbox 334 327 466 375; x_wconf 88' lang='lat' dir='ltr'><strong>etiam</strong></span> <span class='ocrx_word' id='word_1_10' title='bbox 501 342 539 372; x_wconf 93' lang='lat' dir='ltr'><strong>s.</strong></span> <span class='ocrx_word' id='word_1_11' title='bbox 569 322 872 377; x_wconf 84' lang='lat' dir='ltr'><strong>Innocentium</strong></span> <span class='ocrx_word' id='word_1_12' title='bbox 910 321 946 367; x_wconf 91' lang='grc' dir='ltr'><strong>Ι.</strong></span> <span class='ocrx_word' id='word_1_13' title='bbox 968 321 1056 386; x_wconf 63' lang='lat' dir='ltr'><strong>&gt;qui</strong></span> <span class='ocrx_word' id='word_1_14' title='bbox 1090 321 1136 368; x_wconf 90' lang='lat' dir='ltr'><strong>in</strong></span> <span class='ocrx_word' id='word_1_15' title='bbox 1169 321 1299 386; x_wconf 83' lang='lat' dir='ltr'>epist.</span> <span class='ocrx_word' id='word_1_16' title='bbox 1333 322 1411 368; x_wconf 91' lang='grc' dir='ltr'><strong>ΙΙΙ.</strong></span> <span class='ocrx_word' id='word_1_17' title='bbox 1440 316 1503 368; x_wconf 73' lang='grc' dir='ltr'><strong>ειᾶ</strong></span> <span class='ocrx_word' id='word_1_18' title='bbox 1526 321 1794 370; x_wconf 79' lang='lat' dir='ltr'><strong>victricium.</strong></span> 
     </span>
     <span class='ocr_line' id='line_1_3' title="bbox 337 397 1800 462; baseline -0.001 -16"><span class='ocrx_word' id='word_1_19' title='bbox 337 403 490 449; x_wconf 82' lang='lat' dir='ltr'><strong>«Cum</strong></span> <span class='ocrx_word' id='word_1_20' title='bbox 524 399 771 453; x_wconf 76' lang='lat' dir='ltr'><strong><em>benedictio,</em></strong></span> <span class='ocrx_word' id='word_1_21' title='bbox 818 397 983 462; x_wconf 87' lang='lat' dir='ltr'><strong>inquit,</strong></span> <span class='ocrx_word' id='word_1_22' title='bbox 1022 415 1130 461; x_wconf 81' lang='lat' dir='ltr'><strong>quae</strong></span> <span class='ocrx_word' id='word_1_23' title='bbox 1156 415 1238 462; x_wconf 80' lang='lat' dir='ltr'><strong>per</strong></span> <span class='ocrx_word' id='word_1_24' title='bbox 1268 397 1528 444; x_wconf 77' lang='lat' dir='ltr'><em>sacerdotem</em></span> <span class='ocrx_word' id='word_1_25' title='bbox 1558 415 1687 461; x_wconf 82' lang='lat' dir='ltr'><strong>super</strong></span> <span class='ocrx_word' id='word_1_26' title='bbox 1717 416 1800 445; x_wconf 80' lang='lat' dir='ltr'><strong>nu-</strong></span> 
     </span>
     <span class='ocr_line' id='line_1_4' title="bbox 335 473 1798 538; baseline -0.003 -14"><span class='ocrx_word' id='word_1_27' title='bbox 335 478 475 524; x_wconf 81' lang='lat' dir='ltr'><strong>bentes</strong></span> <span class='ocrx_word' id='word_1_28' title='bbox 506 475 759 538; x_wconf 78' lang='lat' dir='ltr'><em>imponitur,</em></span> <span class='ocrx_word' id='word_1_29' title='bbox 787 490 875 521; x_wconf 92' lang='lat' dir='ltr'><strong>non</strong></span> <span class='ocrx_word' id='word_1_30' title='bbox 899 474 1127 520; x_wconf 82' lang='lat' dir='ltr'><strong>materiam</strong></span> <span class='ocrx_word' id='word_1_31' title='bbox 1160 473 1447 538; x_wconf 91' lang='lat' dir='ltr'><strong>delinquendi</strong></span> <span class='ocrx_word' id='word_1_32' title='bbox 1481 473 1685 531; x_wconf 80' lang='lat' dir='ltr'><strong>dedisse,</strong></span> <span class='ocrx_word' id='word_1_33' title='bbox 1717 473 1798 522; x_wconf 85' lang='lat' dir='ltr'><strong>sed</strong></span> 
     </span>
     <span class='ocr_line' id='line_1_5' title="bbox 332 549 1802 615; baseline -0.001 -15"><span class='ocrx_word' id='word_1_34' title='bbox 332 554 516 600; x_wconf 89' lang='lat' dir='ltr'><strong>formam</strong></span> <span class='ocrx_word' id='word_1_35' title='bbox 550 550 748 598; x_wconf 90' lang='lat' dir='ltr'><strong>tenuisse</strong></span> <span class='ocrx_word' id='word_1_36' title='bbox 781 549 892 613; x_wconf 81' lang='lat' dir='ltr'><strong>legis</strong></span> <span class='ocrx_word' id='word_1_37' title='bbox 922 567 949 597; x_wconf 90' lang='lat' dir='ltr'><strong>a</strong></span> <span class='ocrx_word' id='word_1_38' title='bbox 980 551 1072 602; x_wconf 87' lang='lat' dir='ltr'><strong>Deo</strong></span> <span class='ocrx_word' id='word_1_39' title='bbox 1105 550 1348 615; x_wconf 90' lang='lat' dir='ltr'><strong>antiquitus</strong></span> <span class='ocrx_word' id='word_1_40' title='bbox 1382 551 1610 598; x_wconf 89' lang='lat' dir='ltr'><strong>institutae</strong></span> <span class='ocrx_word' id='word_1_41' title='bbox 1640 550 1802 598; x_wconf 87' lang='lat' dir='ltr'><strong>docea-</strong></span> 
     </span>
     <span class='ocr_line' id='line_1_6' title="bbox 331 624 1795 690; baseline -0.003 -15"><span class='ocrx_word' id='word_1_42' title='bbox 331 638 402 675; x_wconf 88' lang='lat' dir='ltr'><strong>tur</strong></span> <span class='ocrx_word' id='word_1_43' title='bbox 428 629 545 690; x_wconf 87' lang='lat'>(3).»</span> <span class='ocrx_word' id='word_1_44' title='bbox 563 626 618 672; x_wconf 93' lang='lat' dir='ltr'><strong>Et</strong></span> <span class='ocrx_word' id='word_1_45' title='bbox 639 626 795 672; x_wconf 90' lang='lat' dir='ltr'><strong>iterum</strong></span> <span class='ocrx_word' id='word_1_46' title='bbox 819 625 947 690; x_wconf 86' lang='lat' dir='ltr'><strong>epist.</strong></span> <span class='ocrx_word' id='word_1_47' title='bbox 964 625 1149 671; x_wconf 82' lang='lat' dir='ltr'>XXXVI.</span> <span class='ocrx_word' id='word_1_48' title='bbox 1165 624 1222 671; x_wconf 89' lang='lat' dir='ltr'><strong>ad</strong></span> <span class='ocrx_word' id='word_1_49' title='bbox 1236 625 1443 682; x_wconf 87' lang='lat' dir='ltr'>Probum,</span> <span class='ocrx_word' id='word_1_50' title='bbox 1466 626 1513 672; x_wconf 93' lang='lat' dir='ltr'><strong>in</strong></span> <span class='ocrx_word' id='word_1_51' title='bbox 1531 643 1621 690; x_wconf 87' lang='lat' dir='ltr'><strong>qua</strong></span> <span class='ocrx_word' id='word_1_52' title='bbox 1636 625 1795 673; x_wconf 88' lang='lat' dir='ltr'><strong>edicit:</strong></span> 
     </span>
     <span class='ocr_line' id='line_1_7' title="bbox 334 700 1802 763; baseline 0 -15"><span class='ocrx_word' id='word_1_53' title='bbox 334 702 631 759; x_wconf 89' lang='lat' dir='ltr'><strong>«Statuimus,</strong></span> <span class='ocrx_word' id='word_1_54' title='bbox 670 701 758 748; x_wconf 92' lang='lat' dir='ltr'><strong>fide</strong></span> <span class='ocrx_word' id='word_1_55' title='bbox 792 701 1009 749; x_wconf 89' lang='lat' dir='ltr'><strong>catholica</strong></span> <span class='ocrx_word' id='word_1_56' title='bbox 1042 700 1334 763; x_wconf 83' lang='lat' dir='ltr'><strong>suffragante,</strong></span> <span class='ocrx_word' id='word_1_57' title='bbox 1373 701 1485 749; x_wconf 91' lang='lat' dir='ltr'><strong>illud</strong></span> <span class='ocrx_word' id='word_1_58' title='bbox 1518 719 1618 750; x_wconf 90' lang='lat' dir='ltr'><strong>esse</strong></span> <span class='ocrx_word' id='word_1_59' title='bbox 1651 701 1802 749; x_wconf 91' lang='lat' dir='ltr'><strong>coniu-</strong></span> 
     </span>
     <span class='ocr_line' id='line_1_8' title="bbox 329 775 1803 843; baseline -0.001 -19"><span class='ocrx_word' id='word_1_60' title='bbox 329 779 450 843; x_wconf 82' lang='lat' dir='ltr'><strong>gium</strong></span> <span class='ocrx_word' id='word_1_61' title='bbox 466 815 476 834; x_wconf 96' lang='lat'><strong>,</strong></span> <span class='ocrx_word' id='word_1_62' title='bbox 504 777 622 843; x_wconf 91' lang='lat' dir='ltr'><strong>quod</strong></span> <span class='ocrx_word' id='word_1_63' title='bbox 646 777 851 841; x_wconf 87' lang='lat' dir='ltr'><strong>primitus</strong></span> <span class='ocrx_word' id='word_1_64' title='bbox 876 786 970 823; x_wconf 87' lang='lat' dir='ltr'><strong>erat</strong></span> <span class='ocrx_word' id='word_1_65' title='bbox 991 775 1145 823; x_wconf 83' lang='lat' dir='ltr'><strong>divina</strong></span> <span class='ocrx_word' id='word_1_66' title='bbox 1176 777 1319 839; x_wconf 83' lang='lat' dir='ltr'><strong>gratia</strong></span> <span class='ocrx_word' id='word_1_67' title='bbox 1347 777 1580 825; x_wconf 86' lang='lat' dir='ltr'><strong>fundatum</strong></span> <span class='ocrx_word' id='word_1_68' title='bbox 1604 776 1803 840; x_wconf 83' lang='lat' dir='ltr'><strong>(4);»Ti-</strong></span> 
     </span>
     <span class='ocr_line' id='line_1_9' title="bbox 329 850 1793 916; baseline -0.003 -14"><span class='ocrx_word' id='word_1_69' title='bbox 329 854 555 902; x_wconf 89' lang='lat' dir='ltr'><strong>motheum</strong></span> <span class='ocrx_word' id='word_1_70' title='bbox 580 853 684 899; x_wconf 90' lang='lat' dir='ltr'><strong>item</strong></span> <span class='ocrx_word' id='word_1_71' title='bbox 708 851 1006 916; x_wconf 82' lang='lat' dir='ltr'>patriarcham</span> <span class='ocrx_word' id='word_1_72' title='bbox 1030 850 1255 898; x_wconf 87' lang='lat' dir='ltr'><strong>alexandr.</strong></span> <span class='ocrx_word' id='word_1_73' title='bbox 1273 852 1350 916; x_wconf 92' lang='lat' dir='ltr'><strong>qui</strong></span> <span class='ocrx_word' id='word_1_74' title='bbox 1369 853 1427 899; x_wconf 91' lang='lat' dir='ltr'><strong>ad</strong></span> <span class='ocrx_word' id='word_1_75' title='bbox 1444 853 1699 916; x_wconf 82' lang='lat' dir='ltr'><strong>interrogat.</strong></span> <span class='ocrx_word' id='word_1_76' title='bbox 1714 852 1793 899; x_wconf 87' lang='lat' dir='ltr'><strong>XI.</strong></span> 
     </span>
     <span class='ocr_line' id='line_1_10' title="bbox 333 925 1797 994; baseline -0.001 -19"><span class='ocrx_word' id='word_1_77' title='bbox 333 949 356 975; x_wconf 74' lang='grc' dir='ltr'><strong>(ι</strong></span> <span class='ocrx_word' id='word_1_78' title='bbox 377 929 422 975; x_wconf 92' lang='lat' dir='ltr'><strong>Si</strong></span> <span class='ocrx_word' id='word_1_79' title='bbox 457 928 560 994; x_wconf 89' lang='lat' dir='ltr'><strong>quis</strong></span> <span class='ocrx_word' id='word_1_80' title='bbox 597 926 802 974; x_wconf 90' lang='lat' dir='ltr'><strong>clericum</strong></span> <span class='ocrx_word' id='word_1_81' title='bbox 834 925 1055 973; x_wconf 87' lang='lat' dir='ltr'><strong>vocaverit</strong></span> <span class='ocrx_word' id='word_1_82' title='bbox 1087 935 1138 972; x_wconf 93' lang='lat' dir='ltr'><strong>ut</strong></span> <span class='ocrx_word' id='word_1_83' title='bbox 1166 926 1496 974; x_wconf 82' lang='lat' dir='ltr'><strong>matrimonium</strong></span> <span class='ocrx_word' id='word_1_84' title='bbox 1529 927 1797 989; x_wconf 83' lang='lat' dir='ltr'><strong>coniungat,</strong></span> 
     </span>
     <span class='ocr_line' id='line_1_11' title="bbox 329 1001 1798 1066; baseline -0.003 -14"><span class='ocrx_word' id='word_1_85' title='bbox 329 1004 481 1058; x_wconf 84' lang='lat' dir='ltr'><strong>audiat</strong></span> <span class='ocrx_word' id='word_1_86' title='bbox 501 1012 645 1050; x_wconf 87' lang='lat' dir='ltr'><strong>autem</strong></span> <span class='ocrx_word' id='word_1_87' title='bbox 669 1019 768 1050; x_wconf 91' lang='lat' dir='ltr'><strong>esse</strong></span> <span class='ocrx_word' id='word_1_88' title='bbox 796 1001 997 1048; x_wconf 87' lang='lat' dir='ltr'><strong>illicitum</strong></span> <span class='ocrx_word' id='word_1_89' title='bbox 1020 1001 1347 1049; x_wconf 86' lang='lat' dir='ltr'><strong>matrimonium</strong></span> <span class='ocrx_word' id='word_1_90' title='bbox 1366 1040 1375 1048; x_wconf 92' lang='lat'><strong>.</strong></span> <span class='ocrx_word' id='word_1_91' title='bbox 1398 1040 1407 1048; x_wconf 95' lang='lat'><strong>.</strong></span> <span class='ocrx_word' id='word_1_92' title='bbox 1428 1040 1437 1048; x_wconf 92' lang='lat'><strong>.</strong></span> <span class='ocrx_word' id='word_1_93' title='bbox 1454 1001 1642 1049; x_wconf 88' lang='lat' dir='ltr'><strong>debetne</strong></span> <span class='ocrx_word' id='word_1_94' title='bbox 1671 1001 1798 1066; x_wconf 89' lang='lat' dir='ltr'><strong>sequi</strong></span> 
     </span>
     <span class='ocr_line' id='line_1_12' title="bbox 329 1076 1798 1141; baseline -0.002 -14"><span class='ocrx_word' id='word_1_95' title='bbox 329 1080 515 1128; x_wconf 87' lang='lat' dir='ltr'><strong>clericus</strong></span> <span class='ocrx_word' id='word_1_96' title='bbox 538 1078 608 1126; x_wconf 87' lang='lat' dir='ltr'><strong>vel</strong></span> <span class='ocrx_word' id='word_1_97' title='bbox 631 1078 775 1125; x_wconf 85' lang='lat' dir='ltr'><strong>facere</strong></span> <span class='ocrx_word' id='word_1_98' title='bbox 797 1076 1099 1125; x_wconf 72' lang='lat' dir='ltr'><strong>oblationem?</strong></span> <span class='ocrx_word' id='word_1_99' title='bbox 1121 1077 1249 1141; x_wconf 84' lang='lat' dir='ltr'><strong>Resp.</strong></span> <span class='ocrx_word' id='word_1_100' title='bbox 1273 1078 1369 1125; x_wconf 92' lang='lat' dir='ltr'><strong>Uno</strong></span> <span class='ocrx_word' id='word_1_101' title='bbox 1401 1077 1536 1125; x_wconf 85' lang='lat' dir='ltr'><strong>verbo</strong></span> <span class='ocrx_word' id='word_1_102' title='bbox 1570 1077 1727 1134; x_wconf 91' lang='lat' dir='ltr'><strong>dicite,</strong></span> <span class='ocrx_word' id='word_1_103' title='bbox 1758 1077 1798 1125; x_wconf 90' lang='lat' dir='ltr'><strong>si</strong></span> 
     </span>
     <span class='ocr_line' id='line_1_13' title="bbox 329 1151 1801 1217; baseline -0.003 -14"><span class='ocrx_word' id='word_1_104' title='bbox 329 1155 545 1203; x_wconf 78' lang='lat' dir='ltr'><strong>audiverit</strong></span> <span class='ocrx_word' id='word_1_105' title='bbox 576 1153 761 1201; x_wconf 89' lang='lat' dir='ltr'><strong>clericus</strong></span> <span class='ocrx_word' id='word_1_106' title='bbox 795 1153 995 1200; x_wconf 86' lang='lat' dir='ltr'><strong>illicitum</strong></span> <span class='ocrx_word' id='word_1_107' title='bbox 1029 1153 1378 1200; x_wconf 87' lang='lat' dir='ltr'><strong>matrimonium:</strong></span> <span class='ocrx_word' id='word_1_108' title='bbox 1414 1154 1453 1201; x_wconf 90' lang='lat' dir='ltr'><strong>si</strong></span> <span class='ocrx_word' id='word_1_109' title='bbox 1485 1171 1590 1217; x_wconf 83' lang='lat' dir='ltr'><strong>ergo</strong></span> <span class='ocrx_word' id='word_1_110' title='bbox 1619 1151 1686 1201; x_wconf 86' lang='lat' dir='ltr'><strong>est</strong></span> <span class='ocrx_word' id='word_1_111' title='bbox 1715 1152 1801 1199; x_wconf 89' lang='lat' dir='ltr'><strong>illi-</strong></span> 
     </span>
     <span class='ocr_line' id='line_1_14' title="bbox 328 1229 1801 1292; baseline -0.002 -14"><span class='ocrx_word' id='word_1_112' title='bbox 328 1232 463 1279; x_wconf 88' lang='lat' dir='ltr'><strong>citum</strong></span> <span class='ocrx_word' id='word_1_113' title='bbox 479 1268 489 1287; x_wconf 94' lang='lat'><strong>,</strong></span> <span class='ocrx_word' id='word_1_114' title='bbox 527 1240 570 1278; x_wconf 88' lang='lat' dir='ltr'><strong>et</strong></span> <span class='ocrx_word' id='word_1_115' title='bbox 602 1229 775 1292; x_wconf 79' lang='lat' dir='ltr'><strong>legibus</strong></span> <span class='ocrx_word' id='word_1_116' title='bbox 809 1229 1101 1286; x_wconf 88' lang='lat' dir='ltr'><strong>contrarium,</strong></span> <span class='ocrx_word' id='word_1_117' title='bbox 1139 1247 1227 1277; x_wconf 92' lang='lat' dir='ltr'><strong>non</strong></span> <span class='ocrx_word' id='word_1_118' title='bbox 1262 1229 1391 1277; x_wconf 87' lang='lat' dir='ltr'><strong>debet</strong></span> <span class='ocrx_word' id='word_1_119' title='bbox 1421 1229 1608 1277; x_wconf 91' lang='lat' dir='ltr'><strong>clericus</strong></span> <span class='ocrx_word' id='word_1_120' title='bbox 1638 1229 1801 1277; x_wconf 87' lang='lat' dir='ltr'><strong>alienis</strong></span> 
     </span>
     <span class='ocr_line' id='line_1_15' title="bbox 329 1305 1797 1371; baseline -0.001 -17"><span class='ocrx_word' id='word_1_121' title='bbox 329 1306 519 1371; x_wconf 90' lang='lat' dir='ltr'><strong>peccatis</strong></span> <span class='ocrx_word' id='word_1_122' title='bbox 552 1305 877 1354; x_wconf 91' lang='lat' dir='ltr'><strong>communicare</strong></span> <span class='ocrx_word' id='word_1_123' title='bbox 905 1307 1021 1367; x_wconf 78' lang='lat'>(5).»</span> <span class='ocrx_word' id='word_1_124' title='bbox 1044 1306 1133 1352; x_wconf 93' lang='lat' dir='ltr'><strong>Nec</strong></span> <span class='ocrx_word' id='word_1_125' title='bbox 1156 1322 1243 1353; x_wconf 90' lang='lat' dir='ltr'><strong>non</strong></span> <span class='ocrx_word' id='word_1_126' title='bbox 1270 1306 1505 1371; x_wconf 82' lang='lat' dir='ltr'><strong>Synesium</strong></span> <span class='ocrx_word' id='word_1_127' title='bbox 1538 1306 1797 1371; x_wconf 91' lang='lat' dir='ltr'><strong>episcopum</strong></span> 
     </span>
     <span class='ocr_line' id='line_1_16' title="bbox 328 1380 1794 1447; baseline -0.001 -18"><span class='ocrx_word' id='word_1_128' title='bbox 328 1399 616 1447; x_wconf 74' lang='lat' dir='ltr'><strong>cyrenensem</strong></span> <span class='ocrx_word' id='word_1_129' title='bbox 644 1419 654 1437; x_wconf 94' lang='lat'><strong>,</strong></span> <span class='ocrx_word' id='word_1_130' title='bbox 693 1382 770 1445; x_wconf 90' lang='lat' dir='ltr'><strong>qui</strong></span> <span class='ocrx_word' id='word_1_131' title='bbox 810 1380 940 1445; x_wconf 89' lang='lat' dir='ltr'><strong>epist.</strong></span> <span class='ocrx_word' id='word_1_132' title='bbox 971 1380 1053 1428; x_wconf 91' lang='lat' dir='ltr'><strong>CV.</strong></span> <span class='ocrx_word' id='word_1_133' title='bbox 1082 1381 1138 1428; x_wconf 88' lang='lat' dir='ltr'><strong>ad</strong></span> <span class='ocrx_word' id='word_1_134' title='bbox 1163 1381 1340 1429; x_wconf 84' lang='lat' dir='ltr'><strong>fratrem</strong></span> <span class='ocrx_word' id='word_1_135' title='bbox 1375 1399 1505 1429; x_wconf 92' lang='lat' dir='ltr'><strong>suum</strong></span> <span class='ocrx_word' id='word_1_136' title='bbox 1539 1381 1794 1437; x_wconf 90' lang='lat' dir='ltr'><strong>scribebat:</strong></span> 
     </span>
     <span class='ocr_line' id='line_1_17' title="bbox 332 1455 1803 1521; baseline 0 -19"><span class='ocrx_word' id='word_1_137' title='bbox 332 1456 479 1503; x_wconf 89' lang='lat' dir='ltr'><strong>«Mihi</strong></span> <span class='ocrx_word' id='word_1_138' title='bbox 514 1456 647 1519; x_wconf 83' lang='lat' dir='ltr'><strong>igitur</strong></span> <span class='ocrx_word' id='word_1_139' title='bbox 668 1465 711 1502; x_wconf 90' lang='lat' dir='ltr'><strong>et</strong></span> <span class='ocrx_word' id='word_1_140' title='bbox 731 1456 851 1503; x_wconf 88' lang='lat' dir='ltr'><strong>Deus</strong></span> <span class='ocrx_word' id='word_1_141' title='bbox 884 1456 982 1519; x_wconf 90' lang='lat' dir='ltr'><strong>ipse</strong></span> <span class='ocrx_word' id='word_1_142' title='bbox 1011 1465 1054 1502; x_wconf 92' lang='lat' dir='ltr'><strong>et</strong></span> <span class='ocrx_word' id='word_1_143' title='bbox 1082 1455 1173 1512; x_wconf 86' lang='lat' dir='ltr'><strong>lex,</strong></span> <span class='ocrx_word' id='word_1_144' title='bbox 1209 1466 1253 1503; x_wconf 88' lang='lat' dir='ltr'><strong>et</strong></span> <span class='ocrx_word' id='word_1_145' title='bbox 1284 1474 1411 1504; x_wconf 85' lang='lat' dir='ltr'><strong>sacra</strong></span> <span class='ocrx_word' id='word_1_146' title='bbox 1444 1455 1679 1521; x_wconf 90' lang='lat' dir='ltr'><strong>Theophili</strong></span> <span class='ocrx_word' id='word_1_147' title='bbox 1712 1472 1803 1503; x_wconf 86' lang='lat' dir='ltr'><strong>ma-</strong></span> 
     </span>
     <span class='ocr_line' id='line_1_18' title="bbox 327 1531 1798 1596; baseline -0.001 -17"><span class='ocrx_word' id='word_1_148' title='bbox 327 1549 412 1579; x_wconf 92' lang='lat' dir='ltr'><strong>nus</strong></span> <span class='ocrx_word' id='word_1_149' title='bbox 444 1549 624 1579; x_wconf 88' lang='lat' dir='ltr'><strong>uxorem</strong></span> <span class='ocrx_word' id='word_1_150' title='bbox 658 1531 782 1579; x_wconf 85' lang='lat' dir='ltr'><strong>dedit</strong></span> <span class='ocrx_word' id='word_1_151' title='bbox 819 1531 1134 1593; x_wconf 82' lang='lat' dir='ltr'><strong>(6).»Demum</strong></span> <span class='ocrx_word' id='word_1_152' title='bbox 1158 1531 1342 1579; x_wconf 89' lang='lat' dir='ltr'><strong>laudant</strong></span> <span class='ocrx_word' id='word_1_153' title='bbox 1364 1532 1682 1595; x_wconf 81' lang='lat' dir='ltr'><strong>Augustinum,</strong></span> <span class='ocrx_word' id='word_1_154' title='bbox 1719 1531 1798 1596; x_wconf 93' lang='lat' dir='ltr'><strong>qui</strong></span> 
     </span>
     <span class='ocr_line' id='line_1_19' title="bbox 328 1606 1800 1672; baseline 0.001 -18"><span class='ocrx_word' id='word_1_155' title='bbox 328 1608 375 1654; x_wconf 92' lang='lat' dir='ltr'><strong>in</strong></span> <span class='ocrx_word' id='word_1_156' title='bbox 408 1607 539 1672; x_wconf 85' lang='lat' dir='ltr'><strong>epist.</strong></span> <span class='ocrx_word' id='word_1_157' title='bbox 573 1607 630 1655; x_wconf 94' lang='lat' dir='ltr'><strong>ad</strong></span> <span class='ocrx_word' id='word_1_158' title='bbox 664 1607 891 1655; x_wconf 86' lang='lat' dir='ltr'><strong>Rusticum</strong></span> <span class='ocrx_word' id='word_1_159' title='bbox 911 1645 922 1663; x_wconf 94' lang='lat'><strong>,</strong></span> <span class='ocrx_word' id='word_1_160' title='bbox 959 1607 1035 1672; x_wconf 92' lang='lat' dir='ltr'><strong>qui</strong></span> <span class='ocrx_word' id='word_1_161' title='bbox 1071 1606 1128 1654; x_wconf 86' lang='lat' dir='ltr'><strong>ab</strong></span> <span class='ocrx_word' id='word_1_162' title='bbox 1162 1607 1267 1672; x_wconf 75' lang='lat' dir='ltr'><strong>ipso·</strong></span> <span class='ocrx_word' id='word_1_163' title='bbox 1294 1608 1480 1672; x_wconf 89' lang='lat' dir='ltr'><strong>petierat</strong></span> <span class='ocrx_word' id='word_1_164' title='bbox 1511 1618 1567 1664; x_wconf 55' lang='lat' dir='ltr'><strong>⁴ut</strong></span> <span class='ocrx_word' id='word_1_165' title='bbox 1606 1608 1800 1672; x_wconf 85' lang='lat' dir='ltr'><strong>puellam</strong></span> 
     </span>
     <span class='ocr_line' id='line_1_20' title="bbox 328 1683 1801 1749; baseline -0.001 -17"><span class='ocrx_word' id='word_1_166' title='bbox 328 1683 567 1749; x_wconf 87' lang='lat' dir='ltr'><strong>quamdam</strong></span> <span class='ocrx_word' id='word_1_167' title='bbox 585 1683 874 1731; x_wconf 88' lang='lat' dir='ltr'><strong>christianam</strong></span> <span class='ocrx_word' id='word_1_168' title='bbox 891 1683 938 1730; x_wconf 91' lang='lat' dir='ltr'><strong>in</strong></span> <span class='ocrx_word' id='word_1_169' title='bbox 955 1683 1208 1747; x_wconf 82' lang='lat' dir='ltr'><strong>coniugium</strong></span> <span class='ocrx_word' id='word_1_170' title='bbox 1232 1683 1325 1731; x_wconf 89' lang='lat' dir='ltr'><strong>filio</strong></span> <span class='ocrx_word' id='word_1_171' title='bbox 1349 1701 1429 1731; x_wconf 94' lang='lat' dir='ltr'><strong>suo</strong></span> <span class='ocrx_word' id='word_1_172' title='bbox 1453 1683 1602 1731; x_wconf 92' lang='lat' dir='ltr'><strong>adhuc</strong></span> <span class='ocrx_word' id='word_1_173' title='bbox 1624 1683 1801 1731; x_wconf 88' lang='lat' dir='ltr'><strong>ethnico</strong></span> 
     </span>
     <span class='ocr_line' id='line_1_21' title="bbox 326 1758 1795 1824; baseline -0.001 -18"><span class='ocrx_word' id='word_1_174' title='bbox 326 1758 616 1824; x_wconf 84' lang='lat' dir='ltr'><strong>permitteret,</strong></span> <span class='ocrx_word' id='word_1_175' title='bbox 655 1759 904 1823; x_wconf 87' lang='lat' dir='ltr'><strong>rescripsit:</strong></span> <span class='ocrx_word' id='word_1_176' title='bbox 937 1778 960 1804; x_wconf 73' lang='grc' dir='ltr'><strong>(ε</strong></span> <span class='ocrx_word' id='word_1_177' title='bbox 986 1759 1032 1805; x_wconf 90' lang='lat' dir='ltr'><strong>Si</strong></span> <span class='ocrx_word' id='word_1_178' title='bbox 1066 1769 1136 1815; x_wconf 91' lang='lat' dir='ltr'><strong>tu,</strong></span> <span class='ocrx_word' id='word_1_179' title='bbox 1174 1776 1274 1806; x_wconf 93' lang='lat' dir='ltr'><strong>cum</strong></span> <span class='ocrx_word' id='word_1_180' title='bbox 1307 1759 1553 1807; x_wconf 89' lang='lat' dir='ltr'><strong>certissime</strong></span> <span class='ocrx_word' id='word_1_181' title='bbox 1578 1758 1763 1806; x_wconf 51' lang='lat' dir='ltr'><strong>¹noveris</strong></span> <span class='ocrx_word' id='word_1_182' title='bbox 1784 1795 1795 1815; x_wconf 92' lang='lat'><strong>,</strong></span> 
     </span>
     <span class='ocr_line' id='line_1_22' title="bbox 326 1833 1798 1899; baseline 0 -18"><span class='ocrx_word' id='word_1_183' title='bbox 326 1834 500 1884; x_wconf 85' lang='lat' dir='ltr'><strong>etiamsi</strong></span> <span class='ocrx_word' id='word_1_184' title='bbox 531 1844 708 1883; x_wconf 88' lang='lat' dir='ltr'><strong>nostrae</strong></span> <span class='ocrx_word' id='word_1_185' title='bbox 740 1834 967 1882; x_wconf 90' lang='lat' dir='ltr'><strong>absolutae</strong></span> <span class='ocrx_word' id='word_1_186' title='bbox 990 1835 1047 1882; x_wconf 90' lang='lat' dir='ltr'><strong>sit</strong></span> <span class='ocrx_word' id='word_1_187' title='bbox 1070 1835 1298 1899; x_wconf 88' lang='lat' dir='ltr'><strong>potestatis</strong></span> <span class='ocrx_word' id='word_1_188' title='bbox 1312 1873 1322 1891; x_wconf 90' lang='lat'><strong>,</strong></span> <span class='ocrx_word' id='word_1_189' title='bbox 1346 1834 1588 1899; x_wconf 88' lang='lat' dir='ltr'><strong>quamlibet</strong></span> <span class='ocrx_word' id='word_1_190' title='bbox 1605 1833 1798 1898; x_wconf 90' lang='lat' dir='ltr'><strong>puellam</strong></span> 
     </span>
     <span class='ocr_line' id='line_1_23' title="bbox 329 1909 1799 1974; baseline 0 -18"><span class='ocrx_word' id='word_1_191' title='bbox 329 1910 376 1964; x_wconf 13' lang='lat' dir='ltr'><strong>ivn</strong></span> <span class='ocrx_word' id='word_1_192' title='bbox 399 1910 654 1974; x_wconf 79' lang='lat' dir='ltr'><strong>coniugium</strong></span> <span class='ocrx_word' id='word_1_193' title='bbox 687 1911 883 1969; x_wconf 88' lang='lat' dir='ltr'><strong>tradere,</strong></span> <span class='ocrx_word' id='word_1_194' title='bbox 910 1911 1023 1958; x_wconf 85' lang='lat' dir='ltr'><strong>tradi</strong></span> <span class='ocrx_word' id='word_1_195' title='bbox 1049 1929 1075 1958; x_wconf 91' lang='lat' dir='ltr'><strong>a</strong></span> <span class='ocrx_word' id='word_1_196' title='bbox 1096 1911 1225 1958; x_wconf 91' lang='lat' dir='ltr'><strong>nobis</strong></span> <span class='ocrx_word' id='word_1_197' title='bbox 1249 1909 1653 1965; x_wconf 89' lang='lat' dir='ltr'><strong>christianamnisi</strong></span> <span class='ocrx_word' id='word_1_198' title='bbox 1678 1909 1799 1957; x_wconf 90' lang='lat' dir='ltr'><strong>chri-</strong></span> 
     </span>
     <span class='ocr_line' id='line_1_24' title="bbox 327 1985 1800 2052; baseline 0 -19"><span class='ocrx_word' id='word_1_199' title='bbox 327 1985 472 2034; x_wconf 89' lang='lat' dir='ltr'><strong>stiano</strong></span> <span class='ocrx_word' id='word_1_200' title='bbox 506 2003 594 2034; x_wconf 93' lang='lat' dir='ltr'><strong>non</strong></span> <span class='ocrx_word' id='word_1_201' title='bbox 628 2003 783 2051; x_wconf 91' lang='lat' dir='ltr'><strong>posse.</strong></span> <span class='ocrx_word' id='word_1_202' title='bbox 802 1987 1103 2052; x_wconf 87' lang='lat' dir='ltr'><strong>..quidquam</strong></span> <span class='ocrx_word' id='word_1_203' title='bbox 1130 1986 1185 2034; x_wconf 90' lang='lat' dir='ltr'><strong>de</strong></span> <span class='ocrx_word' id='word_1_204' title='bbox 1215 1986 1337 2034; x_wconf 89' lang='lat' dir='ltr'><strong>illius</strong></span> <span class='ocrx_word' id='word_1_205' title='bbox 1372 1986 1546 2051; x_wconf 92' lang='lat' dir='ltr'><strong>puellae</strong></span> <span class='ocrx_word' id='word_1_206' title='bbox 1578 1985 1800 2033; x_wconf 89' lang='lat' dir='ltr'><strong>connubio</strong></span> 
     </span>
     <span class='ocr_line' id='line_1_25' title="bbox 329 2061 1795 2126; baseline -0.001 -18"><span class='ocrx_word' id='word_1_207' title='bbox 329 2062 545 2126; x_wconf 90' lang='lat' dir='ltr'><strong>spondere</strong></span> <span class='ocrx_word' id='word_1_208' title='bbox 568 2079 657 2109; x_wconf 92' lang='lat' dir='ltr'><strong>non</strong></span> <span class='ocrx_word' id='word_1_209' title='bbox 674 2062 813 2111; x_wconf 90' lang='lat' dir='ltr'><strong>debeo</strong></span> <span class='ocrx_word' id='word_1_210' title='bbox 831 2065 893 2125; x_wconf 83' lang='grc'>(7)</span> <span class='ocrx_word' id='word_1_211' title='bbox 906 2082 914 2120; x_wconf 92' lang='grc'>;</span> <span class='ocrx_word' id='word_1_212' title='bbox 926 2082 948 2108; x_wconf 88' lang='grc'>»</span> <span class='ocrx_word' id='word_1_213' title='bbox 965 2073 1007 2110; x_wconf 91' lang='lat' dir='ltr'><strong>et</strong></span> <span class='ocrx_word' id='word_1_214' title='bbox 1025 2080 1062 2110; x_wconf 91' lang='lat' dir='ltr'><strong>s.</strong></span> <span class='ocrx_word' id='word_1_215' title='bbox 1078 2062 1333 2126; x_wconf 84' lang='lat' dir='ltr'><strong>Gregorium</strong></span> <span class='ocrx_word' id='word_1_216' title='bbox 1351 2063 1695 2118; x_wconf 87' lang='lat' dir='ltr'><strong>nazianzenum,</strong></span> <span class='ocrx_word' id='word_1_217' title='bbox 1717 2061 1795 2125; x_wconf 91' lang='lat' dir='ltr'><strong>qui</strong></span> 
     </span>
     <span class='ocr_line' id='line_1_26' title="bbox 328 2136 1796 2204; baseline 0.001 -21"><span class='ocrx_word' id='word_1_218' title='bbox 328 2137 375 2183; x_wconf 94' lang='lat' dir='ltr'><strong>in</strong></span> <span class='ocrx_word' id='word_1_219' title='bbox 403 2137 532 2201; x_wconf 88' lang='lat' dir='ltr'><strong>epist.</strong></span> <span class='ocrx_word' id='word_1_220' title='bbox 567 2138 689 2184; x_wconf 91' lang='lat' dir='ltr'>LVII.</span> <span class='ocrx_word' id='word_1_221' title='bbox 724 2138 781 2193; x_wconf 87' lang='lat' dir='ltr'><strong>ad</strong></span> <span class='ocrx_word' id='word_1_222' title='bbox 806 2139 1064 2204; x_wconf 86' lang='lat' dir='ltr'><strong>Procopium</strong></span> <span class='ocrx_word' id='word_1_223' title='bbox 1096 2138 1283 2204; x_wconf 90' lang='lat' dir='ltr'><strong>loquens</strong></span> <span class='ocrx_word' id='word_1_224' title='bbox 1317 2138 1373 2185; x_wconf 95' lang='lat' dir='ltr'><strong>de</strong></span> <span class='ocrx_word' id='word_1_225' title='bbox 1406 2138 1591 2203; x_wconf 85' lang='lat' dir='ltr'><strong>nuptiis,</strong></span> <span class='ocrx_word' id='word_1_226' title='bbox 1628 2136 1796 2201; x_wconf 88' lang='lat' dir='ltr'><strong>quibus</strong></span> 
     </span>
     <span class='ocr_line' id='line_1_27' title="bbox 327 2212 1794 2278; baseline -0.001 -19"><span class='ocrx_word' id='word_1_227' title='bbox 327 2212 540 2260; x_wconf 89' lang='lat' dir='ltr'><strong>interesse</strong></span> <span class='ocrx_word' id='word_1_228' title='bbox 563 2231 650 2263; x_wconf 92' lang='lat' dir='ltr'><strong>non</strong></span> <span class='ocrx_word' id='word_1_229' title='bbox 674 2214 819 2278; x_wconf 62' lang='lat' dir='ltr'><strong>potuit&gt;</strong></span> <span class='ocrx_word' id='word_1_230' title='bbox 843 2215 1048 2278; x_wconf 90' lang='lat' dir='ltr'><strong>quamvis</strong></span> <span class='ocrx_word' id='word_1_231' title='bbox 1072 2214 1128 2261; x_wconf 88' lang='lat' dir='ltr'><strong>ad</strong></span> <span class='ocrx_word' id='word_1_232' title='bbox 1153 2232 1229 2261; x_wconf 90' lang='lat' dir='ltr'><strong>eas</strong></span> <span class='ocrx_word' id='word_1_233' title='bbox 1263 2214 1492 2269; x_wconf 81' lang='lat' dir='ltr'><strong>invitatus,</strong></span> <span class='ocrx_word' id='word_1_234' title='bbox 1530 2212 1614 2268; x_wconf 89' lang='lat' dir='ltr'><strong>ait;</strong></span> <span class='ocrx_word' id='word_1_235' title='bbox 1647 2212 1794 2258; x_wconf 88' lang='lat' dir='ltr'><strong>«Nam</strong></span> 
     </span>
     <span class='ocr_line' id='line_1_28' title="bbox 329 2287 1792 2353; baseline -0.002 -17"><span class='ocrx_word' id='word_1_236' title='bbox 329 2287 497 2352; x_wconf 84' lang='lat' dir='ltr'><strong>alioqui</strong></span> <span class='ocrx_word' id='word_1_237' title='bbox 531 2300 745 2353; x_wconf 90' lang='lat' dir='ltr'><strong>quantum</strong></span> <span class='ocrx_word' id='word_1_238' title='bbox 770 2290 825 2337; x_wconf 91' lang='lat' dir='ltr'><strong>ad</strong></span> <span class='ocrx_word' id='word_1_239' title='bbox 847 2290 1117 2338; x_wconf 85' lang='lat' dir='ltr'><strong>voluntatem</strong></span> <span class='ocrx_word' id='word_1_240' title='bbox 1140 2291 1317 2347; x_wconf 85' lang='lat' dir='ltr'><strong>attinet,</strong></span> <span class='ocrx_word' id='word_1_241' title='bbox 1345 2299 1388 2336; x_wconf 89' lang='lat' dir='ltr'><strong>et</strong></span> <span class='ocrx_word' id='word_1_242' title='bbox 1410 2289 1569 2336; x_wconf 87' lang='lat' dir='ltr'><strong>adsum</strong></span> <span class='ocrx_word' id='word_1_243' title='bbox 1592 2297 1635 2334; x_wconf 92' lang='lat' dir='ltr'><strong>et</strong></span> <span class='ocrx_word' id='word_1_244' title='bbox 1657 2287 1792 2335; x_wconf 92' lang='lat' dir='ltr'><strong>simul</strong></span> 
     </span>
     <span class='ocr_line' id='line_1_29' title="bbox 328 2364 1795 2430; baseline -0.001 -19"><span class='ocrx_word' id='word_1_245' title='bbox 328 2364 489 2412; x_wconf 80' lang='lat' dir='ltr'><strong>festum</strong></span> <span class='ocrx_word' id='word_1_246' title='bbox 523 2364 695 2412; x_wconf 90' lang='lat' dir='ltr'><strong>celebro</strong></span> <span class='ocrx_word' id='word_1_247' title='bbox 728 2365 1024 2430; x_wconf 79' lang='lat' dir='ltr'><strong>Iuvenilesque</strong></span> <span class='ocrx_word' id='word_1_248' title='bbox 1044 2418 1046 2420; x_wconf 13' lang='lat' dir='ltr'>v</span> <span class='ocrx_word' id='word_1_249' title='bbox 1068 2366 1246 2413; x_wconf 70' lang='lat' dir='ltr'><strong>dextras</strong></span> <span class='ocrx_word' id='word_1_250' title='bbox 1286 2366 1398 2412; x_wconf 77' lang='lat' dir='ltr'><strong>inter</strong></span> <span class='ocrx_word' id='word_1_251' title='bbox 1427 2382 1471 2412; x_wconf 81' lang='lat' dir='ltr'><strong>se</strong></span> <span class='ocrx_word' id='word_1_252' title='bbox 1504 2365 1633 2427; x_wconf 73' lang='lat' dir='ltr'><strong>iunqo</strong></span> <span class='ocrx_word' id='word_1_253' title='bbox 1667 2372 1795 2426; x_wconf 80' lang='lat' dir='ltr'><strong>atquc</strong></span> 
     </span>
     <span class='ocr_line' id='line_1_30' title="bbox 324 2441 978 2504; baseline -0.002 -18"><span class='ocrx_word' id='word_1_254' title='bbox 324 2449 527 2504; x_wconf 79' lang='lat' dir='ltr'><strong>utrasque</strong></span> <span class='ocrx_word' id='word_1_255' title='bbox 559 2441 644 2487; x_wconf 81' lang='lat' dir='ltr'><strong>Dei</strong></span> <span class='ocrx_word' id='word_1_256' title='bbox 672 2441 836 2487; x_wconf 77' lang='lat' dir='ltr'><strong>manui.</strong></span> <span class='ocrx_word' id='word_1_257' title='bbox 858 2443 978 2503; x_wconf 81' lang='lat'><strong>(8).·»</strong></span> 
     </span>
    </p>
   </div>
   <div class='ocr_carea' id='block_1_3' title="bbox 418 2581 1363 2886">
    <p class='ocr_par' dir='ltr' id='par_1_3' title="bbox 418 2581 1363 2675">
     <span class='ocr_line' id='line_1_31' title="bbox 418 2581 1363 2624; baseline -0.002 -9"><span class='ocrx_word' id='word_1_258' title='bbox 418 2582 463 2622; x_wconf 80' lang='lat'><strong>(3)</strong></span> <span class='ocrx_word' id='word_1_259' title='bbox 484 2582 578 2624; x_wconf 81' lang='lat' dir='ltr'><strong>Apud</strong></span> <span class='ocrx_word' id='word_1_260' title='bbox 601 2583 758 2617; x_wconf 81' lang='lat' dir='ltr'><strong>coustant</strong></span> <span class='ocrx_word' id='word_1_261' title='bbox 770 2583 881 2624; x_wconf 73' lang='lat' dir='ltr'><strong>Epist.</strong></span> <span class='ocrx_word' id='word_1_262' title='bbox 897 2589 985 2614; x_wconf 87' lang='lat' dir='ltr'><strong>rom.</strong></span> <span class='ocrx_word' id='word_1_263' title='bbox 991 2581 1200 2623; x_wconf 72' lang='lat' dir='ltr'><strong>pontificum</strong></span> <span class='ocrx_word' id='word_1_264' title='bbox 1213 2581 1277 2613; x_wconf 84' lang='lat' dir='ltr'><strong>col.</strong></span> <span class='ocrx_word' id='word_1_265' title='bbox 1292 2584 1363 2614; x_wconf 85' lang='lat'>751.</span> 
     </span>
     <span class='ocr_line' id='line_1_32' title="bbox 420 2635 740 2675; baseline 0.003 -8"><span class='ocrx_word' id='word_1_266' title='bbox 420 2635 464 2675; x_wconf 82' lang='lat'><strong>(4)</strong></span> <span class='ocrx_word' id='word_1_267' title='bbox 482 2635 568 2667; x_wconf 87' lang='lat' dir='ltr'><strong>lbid.</strong></span> <span class='ocrx_word' id='word_1_268' title='bbox 585 2635 652 2668; x_wconf 89' lang='lat' dir='ltr'><strong>col.</strong></span> <span class='ocrx_word' id='word_1_269' title='bbox 667 2640 740 2668; x_wconf 82' lang='lat'><strong>910.</strong></span> 
     </span>
    </p>

    <p class='ocr_par' dir='ltr' id='par_1_4' title="bbox 420 2686 1302 2729">
     <span class='ocr_line' id='line_1_33' title="bbox 420 2686 1302 2729; baseline -0.001 -10"><span class='ocrx_word' id='word_1_270' title='bbox 420 2687 466 2727; x_wconf 83' lang='lat'><strong>(5)</strong></span> <span class='ocrx_word' id='word_1_271' title='bbox 485 2687 579 2729; x_wconf 80' lang='lat' dir='ltr'><strong>Apud</strong></span> <span class='ocrx_word' id='word_1_272' title='bbox 593 2688 740 2722; x_wconf 82' lang='lat' dir='ltr'><strong>Harduin</strong></span> <span class='ocrx_word' id='word_1_273' title='bbox 750 2689 837 2721; x_wconf 76' lang='lat' dir='ltr'><strong>Acca</strong></span> <span class='ocrx_word' id='word_1_274' title='bbox 849 2687 971 2722; x_wconf 76' lang='lat' dir='ltr'><strong>concil.</strong></span> <span class='ocrx_word' id='word_1_275' title='bbox 983 2687 1062 2719; x_wconf 86' lang='lat' dir='ltr'><strong>tom.</strong></span> <span class='ocrx_word' id='word_1_276' title='bbox 1080 2687 1122 2719; x_wconf 89' lang='lat'><strong>11.</strong></span> <span class='ocrx_word' id='word_1_277' title='bbox 1137 2686 1200 2718; x_wconf 88' lang='lat' dir='ltr'><strong>col.</strong></span> <span class='ocrx_word' id='word_1_278' title='bbox 1215 2689 1302 2719; x_wconf 75' lang='lat'><strong>1194.</strong></span> 
     </span>
    </p>

    <p class='ocr_par' dir='ltr' id='par_1_5' title="bbox 421 2739 1311 2832">
     <span class='ocr_line' id='line_1_34' title="bbox 421 2739 1311 2781; baseline -0.001 -10"><span class='ocrx_word' id='word_1_279' title='bbox 421 2739 466 2778; x_wconf 82' lang='lat'><strong>(6)</strong></span> <span class='ocrx_word' id='word_1_280' title='bbox 487 2742 570 2781; x_wconf 84' lang='lat' dir='ltr'><strong>opp.</strong></span> <span class='ocrx_word' id='word_1_281' title='bbox 588 2741 711 2781; x_wconf 82' lang='lat' dir='ltr'><strong>synesii</strong></span> <span class='ocrx_word' id='word_1_282' title='bbox 730 2741 782 2774; x_wconf 85' lang='lat' dir='ltr'><strong>ed.</strong></span> <span class='ocrx_word' id='word_1_283' title='bbox 800 2741 909 2774; x_wconf 82' lang='lat' dir='ltr'><strong>Petav.</strong></span> <span class='ocrx_word' id='word_1_284' title='bbox 927 2740 1028 2773; x_wconf 81' lang='lat' dir='ltr'><strong>Paris.</strong></span> <span class='ocrx_word' id='word_1_285' title='bbox 1047 2744 1136 2772; x_wconf 77' lang='lat'><strong>1633.</strong></span> <span class='ocrx_word' id='word_1_286' title='bbox 1151 2748 1223 2780; x_wconf 81' lang='lat' dir='ltr'><strong>pag.</strong></span> <span class='ocrx_word' id='word_1_287' title='bbox 1240 2741 1311 2772; x_wconf 78' lang='lat'><strong>248.</strong></span> 
     </span>
     <span class='ocr_line' id='line_1_35' title="bbox 421 2791 912 2832; baseline 0.006 -10"><span class='ocrx_word' id='word_1_288' title='bbox 421 2791 468 2830; x_wconf 89' lang='grc'><strong>(7)</strong></span> <span class='ocrx_word' id='word_1_289' title='bbox 488 2791 586 2832; x_wconf 76' lang='lat' dir='ltr'><strong>Epist.</strong></span> <span class='ocrx_word' id='word_1_290' title='bbox 604 2795 725 2826; x_wconf 87' lang='lat' dir='ltr'>CCLV.</span> <span class='ocrx_word' id='word_1_291' title='bbox 742 2793 794 2826; x_wconf 89' lang='lat' dir='ltr'><strong>ed.</strong></span> <span class='ocrx_word' id='word_1_292' title='bbox 807 2795 912 2826; x_wconf 79' lang='lat' dir='ltr'><strong>Maur.</strong></span> 
     </span>
    </p>

    <p class='ocr_par' dir='ltr' id='par_1_6' title="bbox 419 2843 1233 2886">
     <span class='ocr_line' id='line_1_36' title="bbox 419 2843 1233 2886; baseline 0.001 -11"><span class='ocrx_word' id='word_1_293' title='bbox 419 2843 464 2884; x_wconf 83' lang='grc'>(8)</span> <span class='ocrx_word' id='word_1_294' title='bbox 486 2843 544 2876; x_wconf 87' lang='lat' dir='ltr'><strong>Ed.</strong></span> <span class='ocrx_word' id='word_1_295' title='bbox 561 2846 695 2879; x_wconf 84' lang='lat' dir='ltr'><strong>Prunaei</strong></span> <span class='ocrx_word' id='word_1_296' title='bbox 710 2846 810 2878; x_wconf 71' lang='lat' dir='ltr'><strong>Paris</strong></span> <span class='ocrx_word' id='word_1_297' title='bbox 830 2850 921 2879; x_wconf 80' lang='lat'><strong>1630.</strong></span> <span class='ocrx_word' id='word_1_298' title='bbox 936 2846 1015 2878; x_wconf 78' lang='lat' dir='ltr'><strong>tom.</strong></span> <span class='ocrx_word' id='word_1_299' title='bbox 1031 2847 1057 2878; x_wconf 90' lang='lat'><strong>1.</strong></span> <span class='ocrx_word' id='word_1_300' title='bbox 1072 2853 1144 2886; x_wconf 81' lang='lat' dir='ltr'><strong>pag.</strong></span> <span class='ocrx_word' id='word_1_301' title='bbox 1161 2848 1233 2877; x_wconf 77' lang='lat'><strong>8¹5.</strong></span> 
     </span>
    </p>
   </div>
  </div>
 </body>
</html>
