1918 3186
323 193 412 237 102
591 207 672 238 un.
703 206 732 236 ι.
762 204 875 236 secr.
906 203 935 234 1.
965 204 1016 234 ni:
1052 204 1224 235 mrum.
1253 202 1537 235 sxcnmmro.

322 301 415 331 sem
451 284 654 347 scripsit:
698 301 719 326 «
751 281 815 327 De
848 280 1069 344 coniugali
1104 292 1247 328 autem
1282 280 1499 331 velatione
1533 281 1788 345 requisisti,

321 361 359 407 si
394 360 690 422 desponsatam
726 356 801 403 alii
838 356 1029 421 puellam
1067 357 1177 404 alter
1210 357 1253 402 in
1288 356 1615 403 matrimonium
1651 357 1793 420 possit

320 436 538 499 accipere.
558 434 650 480 Hoc
668 450 772 481 vero
789 451 844 480 ne
864 433 961 489 fiat,
989 433 1194 480 omnibus
1218 432 1361 479 modis
1386 431 1664 478 inhibemus:
1687 432 1793 496 quia

320 511 398 558 illa
418 509 661 564 benedictio,
685 526 815 572 quam
831 519 1042 573 nupturae
1063 508 1258 555 sacerdos
1281 500 1482 571 imponit,
1501 507 1619 572 apud
1638 507 1794 554 fideles

320 586 551 633 cuiusdam
586 585 805 649 sacrilegii
839 585 979 632 instar
1006 594 1098 640 est,
1133 584 1171 631 si
1205 584 1296 631 ulla
1330 583 1684 647 transgressione
1698 583 1794 631 vio-

322 662 433 708 letur
456 662 749 725 (2).»,ltaque
781 660 866 707 hoc
900 660 945 706 in
980 669 1099 705 textu
1145 675 1288 706 sermo
1320 660 1451 706 unice
1484 669 1553 706 est
1585 659 1641 705 de
1673 676 1796 723 spon-

321 736 512 791 salibus,
542 753 656 800 quae
685 735 790 783 olim
824 752 911 782 non
947 751 1076 781 secus
1100 751 1153 780 ac
1176 734 1502 781 matrimonium
1521 751 1548 780 a
1565 734 1793 781 sacerdote

323 811 722 868 benedicebantur,
760 822 803 859 et
834 828 886 857 ex
920 809 1133 858 ecclesiae
1167 809 1338 872 legibus
1371 810 1528 857 violari
1555 828 1641 857 non
1673 820 1796 875 pote-

323 898 422 935 rant
459 890 554 950 (3),
592 898 723 952 prout
757 904 899 951 neque
933 896 1075 933 aetate
1107 886 1192 933 hac
1214 896 1382 937 ⁴nostra
1419 885 1576 932 violari
1614 886 1797 949 impune

328 974 511 1029 queunt.
537 963 647 1019 Quis
666 981 769 1011 vero
793 963 952 1009 dixerit
975 979 1055 1026 per
1077 961 1425 1009 benedictionem
1451 961 1766 1009 sacerdotalem
1781 999 1791 1019 ,

324 1057 438 1104 quae
460 1039 767 1087 conferebatur
783 1039 839 1085 iis
858 1038 934 1103 qui
959 1038 1140 1102 nupturi
1164 1048 1301 1095 erant,
1326 1055 1404 1085 seu
1424 1038 1602 1102 nuptias
1628 1037 1797 1085 futuras

324 1115 410 1161 sibi
447 1114 747 1179 spondebant,
785 1114 943 1162 confici
979 1124 1326 1178 sacramentum,
1365 1114 1476 1161 adeo
1509 1124 1559 1160 ut
1592 1114 1798 1162 sacerdos

324 1191 522 1237 eiusdem
557 1190 819 1252 sacramenti
852 1189 1054 1236 minister
1083 1189 1236 1236 haberi
1262 1188 1433 1254 possit?
1457 1189 1626 1236 Exinde
1649 1190 1798 1254 potius

327 1277 632 1329 argumentum
677 1266 891 1314 adversus
937 1266 1201 1314 sententiam
1245 1284 1272 1313 a
1310 1266 1429 1314 Cano
1471 1277 1795 1330 propugnatam

326 1343 514 1406 exurgit.
539 1343 654 1405 Ergo
687 1353 731 1390 et
764 1343 836 1390 hic
870 1353 1014 1389 textus
1049 1342 1204 1407 seponi
1240 1342 1386 1389 debet.

421 1419 592 1466 Tertius
617 1430 684 1467 est
707 1419 911 1467 Nicolaus
936 1420 971 1465 Ι.
994 1419 1121 1466 cuius
1157 1419 1246 1466 duo
1282 1429 1425 1467 textus
1461 1430 1723 1484 supersunt,
1753 1420 1797 1466 in

325 1512 514 1559 quorum
534 1495 682 1543 'altero
716 1495 900 1559 legitur:
943 1495 1181 1542 «Primum
1215 1495 1415 1558 diligenti
1461 1495 1799 1558 investigatione

327 1572 562 1636 inquirite:
591 1582 634 1619 et
658 1572 695 1619 si
720 1572 923 1620 eumdem
947 1571 1186 1635 gloriosum
1216 1589 1361 1635 regem
1391 1573 1667 1636 praedictum
1696 1573 1802 1635 (Lo-

328 1648 547 1710 tharium)
568 1648 870 1706 Waldradam,
900 1648 1159 1713 praemissis
1183 1648 1359 1696 dotibus
1375 1687 1384 1705 ,
1413 1666 1561 1696 coram
1585 1649 1771 1696 testibus
1787 1687 1797 1705 ,

331 1725 577 1771 secundum
611 1725 751 1789 legem
775 1736 819 1773 et
847 1726 1007 1782 ritum,
1046 1742 1134 1790 quo
1168 1725 1355 1790 mystice
1388 1725 1599 1772 celebrari
1635 1724 1796 1781 solent,

330 1818 408 1865 per
441 1801 589 1848 omnia
623 1801 878 1849 inveneritis
910 1802 1153 1849 accessisse
1176 1811 1218 1848 et
1240 1800 1421 1865 publica
1443 1800 1800 1847 manifestatione

329 1876 484 1923 eadem
512 1876 753 1925 Waldrada
787 1878 832 1924 in
868 1878 1196 1925 matrimonium
1231 1877 1352 1925 illius
1388 1878 1585 1925 admissa
1614 1877 1699 1934 sit,
1731 1877 1800 1925 vel

331 1952 423 1999 filia
440 1953 626 2001 Bosonis
646 1954 892 2002 admissa.»
910 1955 959 2000 In
977 1954 1114 2002 altero
1139 1964 1285 2002 autem
1319 1964 1437 2001 textu
1473 1954 1657 2001 dicitur:
1684 1954 1798 2000 «Sin

330 2045 434 2076 vero
467 2029 648 2077 minime
682 2030 914 2094 probatum
948 2031 1100 2088 fuerit,
1127 2030 1412 2078 Waldradam
1446 2047 1628 2078 uxorem
1661 2030 1800 2078 fuisse

332 2103 596 2166 legitimam,
626 2123 771 2171 neque
795 2107 963 2171 nuptiis
999 2107 1245 2155 secundum
1273 2125 1438 2155 morem
1471 2106 1702 2154 celebratis
1721 2124 1802 2170 per

334 2179 658 2228 benedictionem
679 2184 841 2230 scilicet
862 2183 1093 2230 sacerdotis
1111 2183 1203 2230 filio
1221 2195 1370 2232 nostro
1387 2183 1584 2231 Hlotario
1600 2182 1799 2230 extitisse

430 2340 474 2380 (2)
497 2340 590 2381 Apud
611 2341 768 2373 coustant
789 2343 900 2383 Epist.
917 2350 1004 2376 rom.
1014 2342 1145 2384 pontif.
1161 2343 1224 2375 col.
1238 2347 1310 2375 628.

429 2393 474 2432 (3)
496 2392 707 2425 Verissimum
735 2395 783 2426 est
804 2395 1013 2427 violationem
1033 2396 1230 2436 sponsalium
1253 2396 1429 2437 spectatam
1451 2394 1530 2427 olim
1553 2394 1652 2427 veluti
1673 2395 1800 2428 sacrile-

332 2443 420 2482 gium
435 2444 550 2485 fuisse,
565 2446 597 2477 et
612 2445 764 2478 ecclesiae
778 2454 916 2478 canones
932 2446 1116 2479 adiecerunt
1129 2456 1248 2488 poenas
1261 2456 1299 2479 ac
1315 2456 1465 2480 censuras
1477 2447 1509 2479 in
1519 2455 1586 2487 eOS,
1603 2447 1658 2487 qui
1672 2455 1742 2479 eam
1756 2449 1802 2479 at-

332 2497 524 2537 tentassent,
543 2498 592 2529 uti
615 2498 726 2530 videre
743 2499 792 2530 est
811 2498 898 2539 apud
920 2499 1076 2540 Bingbam
1100 2501 1254 2540 Oriytnes
1275 2501 1347 2532 sive
1369 2500 1597 2541 antiquitates
1612 2499 1801 2533 ecclesiast.

332 2550 410 2579 tom.
425 2551 478 2581 lx.
493 2550 549 2581 lib.
567 2555 617 2583 22.
629 2558 701 2591 cap.
719 2555 748 2582 3.
762 2550 792 2591 §.
809 2555 839 2583 9.
854 2559 926 2591 pag.
944 2555 1002 2583 325
1017 2559 1087 2591 seq.
1102 2550 1158 2582 ubi
1173 2551 1270 2582 etiam
1293 2550 1334 2583 (le
1357 2551 1580 2583 benedictione
1592 2575 1602 2592 ‚
1621 2559 1705 2592 quae
1719 2561 1739 2583 a
1753 2561 1802 2584 sa·

333 2600 462 2633 cerdote
475 2602 677 2642 sponsalibus
695 2602 929 2643 conferebatur,
946 2610 1051 2634 sermo
1066 2603 1130 2643 est;
1154 2602 1285 2643 perinde
1300 2610 1338 2634 ac
1351 2602 1437 2643 apud
1454 2602 1609 2635 Goarium
1622 2603 1655 2634 in
1669 2603 1802 2636 Eueno-

336 2651 435 2692 tomo,
452 2655 484 2684 et
499 2653 584 2694 apud
597 2655 791 2687 Martenium
800 2656 851 2687 De
866 2656 1020 2695 antiquis
1031 2654 1192 2687 ecclesiae
1203 2654 1342 2694 ritibus,
1350 2655 1405 2686 ubi
1420 2655 1524 2695 agitur
1537 2655 1577 2687 de
1588 2655 1801 2696 sponsalibus.

334 2706 373 2736 D.
388 2713 463 2737 vero
474 2707 629 2738 coustant
640 2708 672 2739 in
684 2708 769 2740 notis
778 2708 820 2740 ad
833 2708 915 2740 banc
924 2707 1092 2748 epistolam
1114 2707 1231 2740 fatetur
1242 2717 1268 2740 s.
1278 2707 1428 2740 siricium
1454 2708 1495 2741 de
1517 2708 1718 2749 sponsalibus
1742 2708 1802 2740 hoc

335 2756 367 2787 in
387 2755 457 2787 loco
472 2765 539 2788 esse
564 2758 823 2800 intelligendum,
846 2761 942 2800 atque
965 2758 1085 2792 idcirco
1102 2760 1142 2791 de
1156 2759 1375 2793 benedictione
1392 2760 1583 2793 sacerdotali
1598 2761 1803 2801 sponsalibus

333 2808 493 2848 impertita
506 2817 574 2841 esse
586 2810 739 2844 locutum.
