1912 3180
341 170 431 216 366
616 182 695 214 Lm.
724 181 755 213 1.
784 179 898 212 suar.
928 180 1101 212 Aurum.
1123 180 1176 212 nn
1199 179 1373 213 imma.
1397 180 1537 214 cmm.

339 262 535 316 destitit,
564 269 613 307 ut
641 275 724 306 suo
746 258 844 307 loco
866 258 1049 307 uberius
1073 259 1359 308 ostendemus
1382 262 1497 323 (35).
1524 261 1653 310 Falsa
1677 263 1812 327 igitur

338 349 405 387 est
437 337 580 402 prima
612 336 832 400 assumpti
869 353 990 400 pars.

430 413 517 460 Sed
542 429 630 459 non
658 412 809 460 minus
835 412 948 461 falsa
971 422 1040 460 est
1062 413 1200 460 altera
1232 430 1338 477 pars
1373 425 1631 479 assumptae
1666 415 1808 482 hypo-

336 488 495 538 thesis.
534 487 724 544 Quando
763 505 865 535 nam
900 488 947 534 in
982 488 1189 550 coniugio
1234 488 1478 536 christiano
1514 492 1711 555 separari
1756 510 1810 541 ac

335 564 487 613 divelli
518 574 666 629 potest
693 574 943 612 contractus
978 564 1246 611 matrimonii
1280 581 1307 611 a
1332 566 1649 615 sacramento?
1681 568 1810 624 Quod

336 650 405 689 est
422 656 469 687 re
485 639 789 697 individuum,
817 639 995 687 nonnisi
1019 639 1286 702 cogitatione
1309 649 1534 705 tamquam
1553 642 1810 691 distinctum
1881 701 1883 704 .

337 716 612 782 apprehendi
636 726 807 781 potest,
841 725 912 763 ast
934 714 1102 771 dividi,
1132 715 1353 777 separari,
1383 716 1534 764 divelli
1558 717 1813 767 nullatenus

337 804 498 859 potest.
522 794 615 841 Iam
635 809 740 841 vero
764 792 850 839 tale
872 807 974 839 esse
997 791 1255 855 coniugium
1282 792 1575 840 christianum
1600 794 1646 840 in
1670 794 1808 859 priori

336 870 526 918 huiusce
565 868 667 917 libri
707 868 900 917 sectione
941 867 1295 916 cumulatissime
1338 869 1617 917 ostendimus
1641 908 1651 927 ‚
1700 871 1810 936 quin

339 963 524 995 necesse
552 947 611 994 sit
642 944 872 1010 quidpiam
907 943 1123 1002 adiicere,
1164 954 1241 991 aut
1272 961 1341 1010 ea,
1381 962 1498 1009 quae
1531 945 1650 994 dicta
1684 958 1807 1004 sunt,

338 1024 497 1072 iterum
525 1023 741 1086 ingerere.
1285 1009 1329 1049 Ῑ

433 1098 515 1147 Ast
552 1107 794 1145 contractus
827 1098 1008 1145 civilis?
1041 1097 1136 1146 Hac
1169 1098 1302 1146 verba
1335 1109 1440 1146 sunt
1474 1117 1611 1148 sensu
1644 1117 1807 1158 vacua;

338 1175 417 1240 qui
467 1192 494 1222 a
544 1173 932 1239 pseudo-politicis
979 1173 1125 1239 plenis
1167 1174 1320 1222 buccis
1373 1185 1615 1222 contractus
1663 1178 1810 1224 civilis

340 1261 645 1316 nuncupatur,
690 1268 743 1298 ex
783 1250 983 1299 doctrina
1027 1251 1242 1299 ecclesiae
1280 1268 1369 1299 non
1408 1262 1477 1299 est
1516 1262 1766 1300 contractus
1798 1292 1808 1309 ,

338 1326 419 1375 sed
451 1326 576 1374 larva
613 1336 862 1374 contractus
884 1364 894 1383 ,
939 1326 1096 1373 umbra
1129 1343 1180 1374 ac
1214 1326 1500 1374 simulacrum
1543 1337 1809 1377 contractus.

339 1402 513 1450 Etenim
542 1402 599 1450 ad
632 1402 982 1450 contrahendum
1015 1418 1198 1451 necesse
1230 1403 1410 1451 omnino
1439 1414 1508 1451 est
1529 1414 1577 1451 ut
1599 1422 1816 1469 personae

339 1478 514 1527 habiles
551 1479 641 1527 sint
673 1479 731 1526 ad
765 1478 1142 1535 contrahendum;
1187 1478 1386 1543 alioquin
1428 1480 1541 1526 nihil
1582 1481 1810 1538 efficiunt,

339 1555 514 1603 etiamsi
548 1555 809 1603 contrahere
841 1555 1032 1602 maxime
1063 1554 1258 1612 vellent,
1296 1556 1672 1619 quemadmodum
1720 1558 1811 1604 fru-

343 1641 436 1679 stra
479 1630 752 1678 adniteretur
793 1630 944 1679 volare
984 1630 1061 1695 qui
1111 1630 1194 1677 alis
1239 1641 1360 1679 esset
1408 1631 1647 1679 destitutus
1676 1670 1686 1688 ‚
1737 1644 1815 1680 aut

340 1706 543 1755 incedere
578 1707 655 1771 qui
689 1707 811 1754 tibiis
845 1717 1027 1754 careret.
1057 1707 1149 1753 lam
1172 1724 1276 1754 vero
1310 1707 1367 1754 ab
1400 1707 1589 1755 ecclesia
1622 1708 1669 1754 in
1704 1725 1811 1756 con-

339 1783 442 1831 cilio
474 1783 712 1831 tridentino
742 1783 998 1831 solemniter
1024 1782 1294 1830 declaratum
1324 1794 1414 1841 est,
1447 1801 1547 1831 eum
1571 1785 1649 1848 qui
1681 1802 1813 1849 prae-

339 1871 406 1908 ter
442 1861 628 1909 formam
667 1878 694 1908 a
733 1877 783 1908 se
821 1860 1106 1908 constitutam
1150 1859 1206 1907 de
1244 1860 1498 1924 praesentia
1536 1860 1809 1917 sacerdotis,

340 1954 394 1986 ac
425 1938 614 1986 duorum
644 1938 831 1985 triumve
865 1937 1043 1985 testium
1072 1936 1333 1985 contrahere
1361 1937 1685 1994 conniteretur,
1713 1938 1812 1986 eius

437 2107 504 2150 (35)
525 2107 677 2149 Apposite
698 2107 855 2140 Claudius
872 2107 1015 2140 Fouchet
1028 2106 1062 2138 in
1076 2115 1136 2139 suo
1151 2108 1307 2138 Sermone
1319 2107 1369 2138 De
1383 2106 1549 2148 reliqione
1570 2106 1745 2139 nationali
1764 2115 1816 2139 co·

338 2163 447 2195 mitiis
453 2161 709 2203 parisiensibus
722 2170 775 2193 an.
790 2164 879 2194 1789.
893 2159 1013 2198 «Quod
1025 2159 1176 2200 ecclesia,
1187 2159 1304 2200 inquit,
1318 2159 1430 2191 statuit
1445 2160 1477 2190 in
1490 2160 1628 2191 concilio
1642 2159 1818 2192 tridentino

340 2215 537 2257 praeeminet
551 2214 703 2246 omnibus
712 2214 904 2246 thronorum
921 2213 1066 2254 iniuriis,
1080 2221 1118 2244 ac
1130 2213 1271 2244 maxime
1283 2211 1494 2244 conscientias
1506 2213 1661 2245 devincit.
1670 2212 1816 2245 Habetur

339 2269 576 2302 sacramentum
588 2267 646 2300 ubi
659 2267 796 2300 ecclesia
810 2267 969 2299 catholica
981 2266 1126 2299 declarat
1141 2266 1263 2298 adesse.
1280 2265 1446 2298 Habentur
1463 2265 1540 2297 honi
1554 2274 1658 2297 mores
1669 2289 1678 2304 ,
1692 2265 1748 2297 ubi
1761 2273 1816 2297 eos

341 2323 540 2364 recognoscit
551 2331 590 2355 ac
599 2322 680 2355 tales
701 2330 771 2354 esse
793 2321 938 2354 decernit
958 2321 1102 2353 ecclesia.
1117 2322 1238 2353 Omnes
1259 2320 1357 2352 simul
1377 2320 1525 2361 sumptae
1545 2320 1718 2359 potestates
1733 2320 1811 2350 tem-

341 2376 469 2417 porales
482 2384 660 2417 numquam
675 2375 729 2408 vel
745 2375 870 2416 apicem
886 2374 1059 2406 immutare
1071 2374 1225 2415 poterunt
1238 2373 1279 2406 de
1291 2374 1426 2405 veritate
1438 2373 1555 2404 horum
1567 2371 1812 2413 principiorum.

340 2429 491 2470 Episcopi
504 2429 580 2461 suut
593 2428 793 2470 principibus
808 2427 931 2460 subditi
947 2427 981 2459 iu
997 2426 1181 2468 temporali
1194 2425 1346 2468 quidem,
1362 2427 1399 2458 in
1417 2424 1596 2467 spirituali
1612 2431 1815 2465 numquam.

341 2484 462 2515 Contra
477 2491 554 2515 vero
567 2482 744 2524 principes,
760 2481 821 2514 sub
836 2482 898 2513 hoc
911 2480 1069 2522 respectu,
1085 2480 1208 2525 subditi
1224 2481 1299 2512 sunt
1314 2479 1479 2517 ecclesiae,
1490 2478 1598 2510 omnia
1613 2477 1816 2510 confundim-

342 2537 411 2576 tur,
426 2545 502 2567 cum
522 2535 681 2568 eiusmodi
709 2535 915 2576 negliguntur
942 2533 1176 2566 distinctiones.
1194 2533 1311 2574 Populi
1326 2541 1364 2564 ac
1379 2532 1556 2573 principes,
1583 2539 1642 2562 vos
1663 2530 1784 2571 pariter
1797 2539 1817 2563 a

341 2589 407 2619 Deo
431 2587 628 2629 dependitis,
654 2587 690 2619 id
711 2589 778 2627 est,
793 2596 813 2619 a
823 2587 976 2626 veritate,
991 2584 1011 2618 'a
1023 2585 1163 2625 iustitia,
1181 2594 1201 2617 a
1216 2584 1415 2624 moralitate;
1430 2591 1494 2614 uno
1507 2582 1605 2614 verbo
1616 2591 1635 2614 a
1649 2582 1815 2623 religione,

341 2640 411 2672 siue
425 2649 490 2680 qua
501 2641 591 2672 nulla
604 2641 741 2673 habetur
749 2649 827 2673 vera
839 2639 944 2672 virtus
953 2664 962 2680 ,
977 2639 1104 2671 nullum
1118 2637 1305 2670 inviolabile
1321 2638 1383 2675 ius,
1395 2636 1484 2669 nulla
1496 2636 1636 2677 positiva
1646 2635 1814 2667 societas.»

339 2693 501 2724 Generosa
514 2693 592 2726 haec
605 2693 733 2726 dicendi
748 2693 880 2726 libertas
891 2692 1011 2733 effecit,
1029 2693 1065 2724 ut
1079 2700 1099 2723 a
1116 2690 1331 2724 tolerantibus
1346 2690 1412 2722 illis
1430 2689 1589 2722 libertatis
1610 2688 1745 2729 gallicae
1764 2696 1813 2719 as-

343 2745 518 2777 sertoribus
531 2747 628 2787 caput
642 2747 672 2779 ei
686 2747 933 2780 obtruncaretur
945 2746 998 2778 die
1013 2749 1063 2778 30.
1073 2744 1227 2777 Novemb.
1241 2742 1387 2775 eiusdem
1402 2742 1490 2776 anni.
1499 2742 1549 2775 Cf.
1563 2742 1681 2783 Philip.
1695 2741 1816 2773 Garillo

339 2807 391 2838 op.
407 2798 462 2830 cit.
481 2798 543 2830 loc.
561 2799 615 2830 cit.
633 2808 663 2839 p.
686 2802 755 2831 294.
