1912 3180
374 208 464 239 cn.
487 208 517 238 1.
541 207 593 238 nr:
618 207 790 239 mrum.
814 206 961 238 civius
984 205 1158 237 mrum.
1184 206 1276 237 Aur.
1300 206 1340 235 v.
1511 191 1599 236 243

138 285 246 331 Cum
282 301 385 332 vero
418 302 470 332 ex
504 285 633 332 dictis
664 285 887 332 societatis
917 301 969 331 ac
998 283 1191 331 familiae
1219 283 1520 331 fulcimentum
1551 301 1603 331 ac

139 360 288 415 basis,
318 361 452 407 immo
475 370 518 407 et
539 359 762 407 vinculum
788 360 846 406 sit
869 358 1052 422 religio;
1080 376 1357 424 consequens
1382 369 1474 416 est,
1505 377 1598 416 θοε,

140 436 218 500 qui
243 437 305 483 ita
327 446 478 499 agunt,
510 435 689 482 totidem
720 452 819 482 esse
847 435 1071 483 societatis
1096 436 1246 484 hostes
1271 446 1313 484 et
1335 436 1600 501 proditores,

140 512 246 560 dum
269 530 319 560 se
341 512 439 559 eius
463 511 694 559 commoda
709 522 752 559 et
769 510 982 558 utilitates
1002 529 1259 575 promovere
1278 513 1466 576 fingunt.
1490 513 1605 560 Sane

141 588 235 644 isti,
274 598 323 634 ut
355 587 592 653 plurimum
619 588 665 634 in
689 587 880 653 publicis
914 588 1283 636 commotionibus
1318 589 1486 654 primas
1510 607 1607 654 par-

140 674 206 710 tes
241 674 422 727 gerunt,
459 664 697 712 turbulenti
727 675 770 712 et
797 664 985 729 inquieti
1019 675 1147 720 sunt,
1180 666 1485 731 novitatesque
1513 683 1607 714 mo-

141 740 308 787 liuntur
341 758 392 788 ac
426 740 752 789 machinantur.
791 742 949 789 Verum
981 740 1084 787 dato
1117 740 1250 787 etiam
1286 759 1373 788 non
1415 759 1569 790 omnes
1593 781 1603 798 ‚

141 834 254 881 quos
279 818 597 874 recensuimus,
626 836 679 865 eo
702 817 978 883 pervenisse,
1000 827 1076 864 aut
1092 826 1378 882 perventuros
1397 835 1607 883 umquam

141 910 267 948 esse;
301 893 490 941 inficiari
522 904 669 941 tamen
700 911 827 941 nemo
857 893 1041 958 poterit,
1064 910 1139 940 eos
1157 891 1242 940 hac
1260 893 1419 956 agendi
1438 894 1609 941 ratione

142 969 374 1016 debilitare
398 969 553 1017 saltem
579 970 806 1026 indirecte,
828 986 880 1017 ac
897 969 1140 1017 dissociare
1156 968 1380 1017 societatis
1405 968 1609 1033 publicae

141 1062 194 1093 ac
226 1046 499 1093 domesticae
531 1063 816 1110 compagem,
854 1046 960 1093 dum
995 1044 1224 1108 religionis
1256 1062 1309 1092 ac
1341 1044 1444 1092 fidei
1477 1045 1609 1093 virtu-

141 1132 228 1169 tem
253 1132 516 1178 extenuant,
540 1122 727 1187 eiusque
744 1122 978 1187 imperium
1004 1121 1252 1185 impediunt
1274 1121 1320 1168 in
1343 1131 1465 1168 tanta
1487 1138 1610 1187 prae-

143 1198 323 1255 sertim,
363 1198 409 1244 in
444 1216 534 1263 qua
567 1216 684 1246 nunc
716 1216 961 1253 versamur,
989 1197 1046 1245 ad
1069 1197 1439 1245 communismum
1462 1213 1516 1245 ac
1538 1215 1610 1246 so-

144 1275 397 1323 cialismum
427 1276 740 1340 propensione.

239 1350 436 1399 Tendere
469 1362 696 1415 praeterea
730 1362 887 1416 suapte
914 1360 1071 1398 natura
1105 1349 1359 1413 coniugium
1390 1348 1521 1398 civile
1553 1350 1610 1397 ad

147 1427 486 1475 dissolutionem
521 1426 715 1474 familiae
748 1443 800 1474 ac
833 1425 1057 1474 societatis
1084 1441 1138 1472 ex
1164 1424 1397 1489 multiplici
1430 1424 1613 1472 vulnere

142 1513 295 1549 contra
321 1502 624 1549 auctoritatem
648 1501 769 1549 illato
792 1501 880 1548 iam
902 1501 1030 1548 nobis
1049 1500 1368 1548 ostendendum
1393 1510 1475 1548 est.
1497 1501 1612 1547 Dum

144 1594 247 1625 vero
269 1577 570 1625 auctoritatem
594 1578 896 1633 nominamus,
923 1587 1021 1624 tum
1044 1576 1331 1624 domesticam
1358 1587 1607 1641 parentum,

145 1664 237 1700 tum
256 1652 481 1717 publicam
499 1653 836 1716 magistratuum
854 1652 1108 1716 significare
1122 1652 1349 1701 volumus:
1368 1652 1609 1718 siquidem,

146 1739 334 1795 utraque
368 1729 558 1777 laeditur
590 1747 670 1794 per
701 1729 920 1777 eiusmodi
954 1729 1175 1792 coniugia.

242 1806 297 1852 Et
331 1823 439 1852 sane
471 1805 772 1854 auctoritatem
811 1805 1100 1854 domesticam
1136 1805 1182 1851 in
1216 1804 1372 1870 primis
1404 1804 1522 1851 laedi
1562 1821 1615 1851 ac

150 1880 351 1927 imminui
388 1898 441 1928 ex
470 1892 593 1946 parte
626 1881 765 1946 prolis
799 1881 992 1946 quisque
1024 1880 1151 1929 facile
1183 1881 1271 1928 sibi
1305 1879 1610 1946 persuadebit,

149 1956 227 2020 qui
251 1956 632 2014 animadverterit,
663 1957 779 2005 filios
803 1968 922 2005 ortos
946 1974 999 2004 ex
1026 1957 1245 2005 eiusmodi
1269 1956 1528 2021 parentibus
1552 1956 1616 2003 ci·-

148 2032 236 2079 tius
271 2042 346 2080 aut
379 2034 522 2081 serius
546 2033 592 2080 in
616 2034 912 2097 cognitionem
940 2034 1148 2081 devenire
1174 2032 1385 2080 connubii
1414 2032 1611 2098 profani,

149 2109 268 2173 quod
302 2109 391 2173 ipsi
426 2120 753 2157 contraxerunt.
784 2109 909 2158 lllico
941 2109 1070 2157 liberi
1095 2110 1161 2156 sic
1185 2109 1401 2174 progeniti
1433 2125 1618 2155 venera-

150 2184 311 2231 tionem
337 2185 620 2241 imminuunt,
650 2185 739 2231 imo
757 2185 1025 2250 deperdunt,
1046 2202 1179 2249 quam
1196 2183 1268 2231 vel
1287 2184 1385 2249 ipsa
1403 2183 1618 2231 suadente

147 2270 304 2307 natura
320 2278 373 2308 ac
392 2261 691 2325 praecipiente
708 2261 799 2308 Deo
817 2260 1012 2326 profiteri
1041 2260 1251 2307 deberent
1268 2277 1373 2323 erga
1391 2270 1611 2324 parentes.

149 2336 255 2384 Ideo
282 2337 401 2384 enim
430 2337 646 2401 obsequio
668 2348 838 2401 patrem
866 2354 917 2384 ac
943 2348 1126 2384 matrem
1151 2336 1231 2384 filii
1260 2336 1492 2402 potissime
1515 2353 1617 2401 pro-

150 2424 396 2478 sequuntur
418 2451 428 2470 ,
477 2413 597 2478 quod
631 2424 966 2478 repraesentant
998 2413 1299 2462 auctoritatem
1333 2413 1414 2460 Dei
1454 2413 1616 2478 ipsius,

151 2489 279 2537 cuius
310 2490 406 2538 vice
442 2490 515 2537 his
540 2490 587 2536 in
616 2490 746 2539 terris
773 2490 1099 2555 quodammodo
1132 2490 1394 2552 funguntur,
1421 2499 1466 2537 et
1490 2489 1620 2536 cuius

152 2565 330 2613 nomine
359 2566 475 2614 filios
500 2566 736 2615 instituunt
764 2577 808 2615 et
834 2566 891 2614 ad
920 2584 1094 2614 omnem
1122 2566 1327 2614 virtutem
1361 2564 1613 2613 informant.

153 2639 232 2687 Ast
263 2641 384 2690 hunc
415 2660 590 2691 sacrum
607 2681 617 2699 ‚
661 2653 710 2691 ut
755 2643 817 2690 ita
857 2643 999 2690 dicam
1019 2680 1029 2698 ‚
1066 2642 1364 2690 characterem
1398 2640 1445 2687 in
1475 2641 1620 2689 oculis

156 2714 347 2764 filiorum
371 2719 579 2767 amittunt
595 2729 801 2784 parentes
822 2718 886 2766 illi
905 2756 914 2774 ,
937 2718 1014 2783 qui
1033 2717 1153 2766 nullo
1176 2716 1324 2765 valido
1347 2734 1402 2764 ac
1424 2716 1622 2781 legitimo

156 2807 271 2839 nexu
303 2803 406 2841 sunt
437 2793 551 2842 inter
584 2811 633 2842 se
666 2794 919 2848 coniuncti,
969 2793 1047 2840 sed
1095 2794 1277 2859 profana
1318 2793 1621 2842 tantummodo

1498 2869 1525 2895 ἱ*
