1912 3180
287 199 377 230 CAP.
397 200 521 230 1V.D1·:
541 200 697 231 Ancum.
715 200 790 231 PRO
810 200 912 231 LEGE
931 200 983 231 DE
1001 200 1125 232 nnn.
1141 200 1225 232 clv.
1240 201 1413 232 Aur-111.
1524 186 1610 233 391

149 294 246 324 rum
282 278 530 341 iterumque
553 276 610 323 ab
634 276 884 324 oratoribus
918 277 1040 324 vario
1074 277 1157 324 sub
1191 287 1375 342 aspectu
1410 278 1618 342 proposi—-

151 364 243 400 tum
279 353 375 400 fuit.
1595 404 1597 408 Α

246 429 301 475 At
336 428 484 491 regius
520 429 617 492 ipse
651 428 852 475 minister
886 426 1014 490 plura
1049 427 1235 492 protulit,
1269 428 1515 492 theologica
1547 447 1618 477 at·-

148 516 376 568 gumenta.
408 505 673 552 Matrimonii
707 502 994 560 vocabulum,
1033 504 1203 568 inquit,
1232 504 1454 570 duplicem
1490 523 1618 570 prae-

148 581 282 629 sefert
307 599 506 629 sensum.
537 581 764 644 Significat
784 580 903 627 enim
928 579 1071 644 primo
1094 581 1176 627 viri
1196 598 1248 628 ac
1262 582 1462 629 mulieris
1488 582 1617 630 unio·

148 675 248 705 nem
284 670 540 723 perpetuam
579 668 712 722 atque
745 656 1010 720 legitimam;
1039 673 1091 703 ac
1114 656 1214 704 talis
1248 668 1317 704 est
1350 675 1534 714 sensus,
1572 658 1618 705 in

146 752 236 799 quo
260 752 287 781 a
311 733 674 797 legumlatoribus
709 731 976 779 matrimonii
1011 749 1171 779 nomen
1205 744 1460 798 usurpatur.
1498 733 1619 782 Alter

146 821 215 857 est
249 827 408 857 sensus
445 809 708 871 religiosus,
748 808 826 855 sed
863 807 937 854 hic
970 818 1038 856 est
1070 807 1252 856 additus
1287 809 1448 873 priori,
1488 820 1619 875 prout

147 897 324 934 constat
367 903 421 933 ex
464 885 577 949 ipsis
619 884 935 940 catechismis,
985 884 1106 932 iuxta
1139 902 1253 949 quos
1287 886 1617 934 matrimonium

147 973 218 1010 est
235 973 578 1017 sacramentum,
608 961 727 1025 quod
754 962 992 1024 coniuqatis
1017 961 1202 1024 gratiam
1225 962 1418 1018 confert,
1446 973 1498 1011 ut,
1518 979 1618 1027 pro-

105 1068 107 1070 ·
147 1039 233 1103 prii
269 1049 410 1086 status
444 1038 737 1101 obligationes
762 1038 843 1086 rite
865 1037 989 1086 obire
1013 1038 1200 1102 possint.
1230 1039 1324 1087 Iam
1354 1056 1481 1096 vero,
1510 1056 1616 1086 num

146 1132 199 1162 ex
231 1132 286 1162 eo
319 1115 440 1179 quod
475 1114 755 1161 matrimonio
789 1114 908 1162 civili
942 1114 1161 1162 adiectum
1187 1115 1245 1162 sit
1270 1125 1610 1171 sacramentum,

153 1191 442 1256 consequitur
461 1191 571 1237 illud
596 1190 756 1238 subiici
780 1190 1010 1238 absolutae
1044 1191 1256 1238 ecclesiae
1291 1191 1616 1239 iurisdictioni?

246 1269 501 1315 Praeterea:
532 1268 757 1332 principes
792 1267 995 1314 infideles
1030 1267 1075 1314 in
1109 1268 1389 1315 matrimonia
1421 1277 1616 1331 potesta-

147 1355 236 1391 tem
270 1343 518 1391 habebant:
548 1344 638 1390 imo
661 1362 759 1391 eam
782 1343 930 1390 adhuc
953 1343 1140 1391 retinent
1172 1344 1415 1408 principes,
1442 1343 1518 1408 qui
1544 1361 1615 1393 se-

149 1420 290 1483 parati
328 1430 433 1466 sunt
465 1419 521 1466 ab
555 1419 761 1467 ecclesia.
790 1418 1035 1466 Eccurnam
1069 1419 1206 1482 igitur
1234 1437 1287 1466 ea
1320 1419 1615 1467 destituentur

149 1495 375 1560 principes
409 1493 656 1542 catholici?

245 1571 483 1634 Fingamus
507 1571 662 1632 (liceat
684 1571 793 1617 mihi
820 1589 1058 1636 parumper
1081 1571 1320 1637 hypothesi
1344 1571 1407 1618 uti
1426 1609 1435 1627 ,
1458 1588 1614 1635 quam-

146 1646 309 1694 tumvis
344 1646 539 1694 absurda
570 1647 709 1694 videri
746 1647 919 1710 possit)
958 1647 1124 1694 nullam
1159 1648 1345 1695 existere
1385 1647 1614 1695 revelatio-

147 1739 275 1778 nem;
314 1732 358 1769 et
392 1721 532 1769 solam
567 1732 717 1768 extare
750 1722 868 1769 circa
903 1723 1082 1787 nuptias
1117 1723 1256 1786 legem
1280 1722 1471 1770 civilem.
1496 1722 1610 1785 Sup-

145 1817 364 1864 ponamus
388 1800 529 1846 Deum
555 1798 866 1846 revelationem
902 1799 1144 1863 impertiri,
1174 1811 1306 1863 atque
1333 1799 1521 1846 edicere:
1551 1799 1612 1845 lis

149 1875 227 1940 qui
254 1875 432 1939 nuptias
456 1874 618 1921 debitis
643 1874 779 1921 animi
805 1874 1174 1938 dispositionibus
1198 1873 1511 1930 celebrabunt,
1533 1890 1615 1937 ego

151 1951 337 2014 gratiam
371 1950 612 2007 conferam,
640 1968 730 2014 qua
763 1950 915 2013 gravia
948 1950 1108 1998 obeant
1142 1950 1316 2006 officia,
1355 1966 1470 2015 quae
1510 1949 1614 1996 huic

147 2027 263 2074 vitae
297 2026 537 2074 conditioni
573 2026 744 2074 adnexa
785 2037 903 2073 sunt.
943 2026 1179 2089 Fingamus
1214 2026 1412 2073 divinum
1448 2025 1614 2073 revela-

147 2102 281 2150 tionis
315 2113 539 2150 auctorem
573 2102 743 2150 caelum
779 2113 996 2166 repetere,
1036 2119 1088 2149 ac
1122 2102 1371 2167 relinquere
1406 2102 1532 2149 hisce
1566 2101 1611 2147 in

146 2179 274 2226 terris
309 2178 622 2226 sacerdotium.
663 2179 706 2223 Si
744 2178 1002 2225 huiusmodi
1046 2177 1341 2225 sacerdotium
1385 2177 1607 2224 ediceret:

149 2254 285 2301 «Mihi
303 2255 483 2319 quidem
498 2293 507 2311 ,
530 2255 639 2301 mihi
658 2254 742 2301 soli
760 2255 836 2301 ius,
850 2264 918 2302 est
935 2254 1103 2301 ferendi
1123 2253 1243 2317 leges
1261 2253 1378 2300 circa
1402 2252 1606 2318 nuptias;

141 2331 378 2378 decernere
411 2331 595 2395 quinam
630 2330 806 2377 habiles
841 2330 958 2387 sint,
986 2331 1170 2395 quinam
1195 2329 1434 2386 inhabiles,
1462 2329 1519 2376 ad
1542 2346 1613 2376 me

141 2418 311 2472 spectat
334 2407 556 2462 iudicare;
573 2426 594 2450 »
618 2406 658 2453 si
683 2406 978 2454 sacerdotium
996 2406 1108 2453 haec
1126 2406 1342 2469 exigeret,
1372 2405 1537 2470 putatis
1556 2423 1613 2459 ne

141 2483 260 2547 quod
283 2483 501 2531 eiusmodi
525 2482 777 2530 exactiones
802 2483 1220 2547 assumptionesque
1244 2481 1612 2529 admitterentur?

142 2559 359 2606 Nimirum
374 2559 761 2623 responderemus.
782 2559 927 2614 Quum
949 2559 1063 2606 sacta
1081 2559 1164 2605 fuit
1182 2558 1387 2606 revelatio
1405 2557 1461 2605 ad
1478 2575 1611 2623 quam

142 2645 182 2680 et
213 2653 287 2681 nos
321 2645 514 2698 spectare
547 2636 787 2699 qloriamur
811 2673 822 2690 ‚
864 2635 975 2681 nihil
1010 2634 1215 2700 potestati
1250 2633 1501 2698 principum
1534 2633 1612 2681 de—

144 2721 329 2758 tractum
364 2722 445 2758 est.
488 2712 532 2757 Si
574 2711 828 2773 coniugium
864 2721 1171 2759 consecratum
1206 2721 1274 2757 est
1306 2727 1332 2757 a
1365 2710 1485 2766 Deo,
1522 2727 1610 2757 non

143 2787 241 2833 ideo
275 2786 358 2833 hac
392 2787 447 2833 de
481 2805 617 2835 causa
652 2787 908 2850 coniugium
943 2787 1137 2835 cessavit
1160 2786 1217 2833 ad
1243 2796 1413 2834 statum⁴
1436 2786 1610 2834 civilem
