1912 3180
235 212 326 243 cn.
352 212 408 242 1v.
434 211 484 242 m:
511 210 668 243 ARGUM.
693 211 769 242 Pno
788 210 893 243 LEGE
913 211 966 242 DE
984 211 1109 242 uun.
1134 209 1217 241 clv.
1235 210 1327 241 Aur.
1350 208 1398 241 11.
1490 193 1578 239 37⁹

109 288 296 353 nuptiis.
326 288 458 352 Atqui
485 288 529 333 in
554 287 685 351 longo
709 288 844 335 totius
875 286 987 349 legis
1021 286 1249 334 schemate
1281 286 1491 352 nuspiam
1528 304 1585 334 ne

110 363 295 411 verbum
319 363 499 428 quidem
524 364 715 411 occurrit
740 363 852 410 ritus
876 362 1072 426 religiosi
1094 363 1177 411 hoc
1202 363 1247 410 in
1271 379 1425 419 sensu,
1447 362 1585 411 multe

110 456 215 488 vero
249 440 398 487 minus
436 440 708 496 insinuatio,
737 450 814 486 aut
846 438 1093 487 exhortatio
1127 440 1183 487 ad
1219 457 1320 487 eum
1357 439 1588 487 celebran-

111 516 234 563 dum.
269 516 484 563 Videntur
521 516 670 581 potius
705 515 910 562 catholici
945 515 1166 563 eiusmodi
1209 516 1485 580 legislatores
1517 516 1587 565 vel

112 593 258 657 ipsam
294 592 405 640 ritus
443 593 639 656 religiosi
675 591 945 639 mentionem
978 591 1147 639 timere.
1178 593 1294 657 Ergo
1318 593 1499 640 mentita
1521 602 1590 640 est

114 668 328 733 iniquitas
364 669 450 716 sibi
481 707 490 724 ,
541 669 649 716 dum
684 669 799 715 sacta
833 668 1070 715 destruunt
1102 668 1337 715 verborum
1372 678 1590 733 protesta-

115 745 273 792 tiones.

210 821 355 886 Atque
388 821 461 868 hic
490 821 741 868 nullatenus
778 819 1125 885 praetermittere
1148 819 1288 867 debeo
1312 821 1591 869 animadver-

116 896 287 945 sionem
312 897 431 944 circa
457 892 726 960 singularem
747 897 933 944 istorum
952 895 1182 943 hominum
1208 896 1590 961 phrasaeologiam

115 971 438 1037 verborumque
456 972 706 1028 circuitum,
729 989 819 1036 quo
836 982 1035 1027 utuntur,
1053 971 1108 1019 de
1125 972 1333 1036 coniugio
1347 972 1592 1020 christiano

114 1047 406 1096 disserentes.
447 1048 538 1112 Ipsi
573 1059 828 1096 constanter
867 1047 1109 1112 loquuntur
1140 1048 1191 1095 de
1231 1050 1320 1095 ritu
1353 1049 1553 1113 reliqioso
1575 1086 1586 1103 ,

114 1122 166 1169 de
185 1125 496 1170 consecratione
515 1124 737 1187 reliqiosa,
757 1123 806 1170 de
830 1124 1095 1170 solemnitate
1112 1124 1332 1187 reliqiosa,
1349 1124 1402 1171 de
1419 1125 1591 1171 vinculo

114 1199 317 1263 religioso
338 1236 349 1254 ,
389 1199 439 1246 de
475 1210 574 1246 acta
605 1200 807 1263 reliqioso
831 1209 930 1254 etc.‚
954 1217 1009 1247 ne
1033 1199 1212 1264 proprio
1235 1200 1413 1248 nomine
1445 1218 1594 1247 sacra-

115 1286 304 1322 mentum
337 1277 607 1323 matrimonii
639 1276 874 1340 designent
906 1276 1244 1342 appellentque‚
1273 1277 1403 1342 quasi
1434 1294 1594 1342 nempe

118 1369 196 1399 eos
223 1352 410 1417 puderet
431 1370 588 1401 vocare
612 1353 939 1401 matrimonium
953 1391 962 1409 ‚
984 1364 1034 1400 ut
1050 1370 1151 1401 vere
1173 1364 1258 1411 est,
1280 1363 1595 1400 sacramentum

119 1446 251 1478 novae
296 1429 417 1493 legis.
463 1430 518 1476 Et
552 1441 700 1477 tamen
743 1429 817 1477 isti
863 1439 998 1486 sunt,
1037 1430 1114 1494 qui
1160 1429 1408 1494 gloriantur
1440 1447 1489 1477 se
1523 1447 1595 1476 ca-

122 1505 296 1552 tholicos
325 1522 426 1553 esse
443 1543 453 1562 ‚
482 1506 588 1553 dum
613 1505 682 1553 vel
701 1523 727 1553 a
748 1506 1014 1570 proprietate
1049 1506 1253 1553 catholici
1290 1505 1509 1555 sermonis
1550 1518 1596 1553 et

120 1599 206 1629 usu
241 1581 513 1629 abhorrenti

781 1741 828 1803 5.
871 1741 925 1786 11.

526 1874 718 1915 Exemplum
739 1874 974 1906 catholicarum
997 1876 1178 1907 nationum.

219 1974 336 2021 Nihil
374 1974 618 2021 solemnius
643 1973 687 2019 in
712 1973 903 2020 comitiis
930 1973 1183 2038 subalpinis
1207 1974 1290 2021 suit
1313 1974 1367 2021 ad
1393 1975 1599 2021 sancien-

125 2052 227 2099 dam
255 2050 396 2114 legem
422 2049 728 2113 coniugiorum
745 2066 865 2096 mere
883 2049 1099 2106 civilium,
1120 2067 1253 2114 quam
1278 2068 1435 2114 urgere
1458 2068 1600 2097 exem-

126 2128 248 2193 plum
283 2125 578 2190 legislationis
614 2125 802 2189 gallicae
826 2143 878 2173 ac
900 2125 1100 2189 belgicae
1131 2128 1248 2189 (55).
1271 2127 1320 2173 In
1344 2144 1495 2174 earum
1521 2144 1600 2174 na-

124 2204 293 2251 tionum
322 2202 553 2251 codicibus
583 2202 652 2250 lex
678 2202 764 2249 ista
788 2203 960 2250 sancita
988 2214 1082 2260 est;
1111 2221 1255 2268 neque
1280 2214 1423 2251 tamen
1460 2203 1598 2252 ullum

125 2280 436 2327 detrimentum
473 2279 633 2327 exinde
664 2279 707 2325 in
743 2279 998 2326 societatem
1035 2280 1264 2344 provenit3
1304 2297 1384 2327 nec
1428 2282 1599 2328 romani

126 2356 355 2422 pontifices
380 2373 530 2403 vocem
556 2355 772 2402 adversus
807 2372 904 2402 eam
933 2355 1183 2403 extulerunt
1206 2356 1468 2421 aliquando;
1490 2357 1602 2423 quid

125 2434 259 2497 igitur
291 2443 410 2480 vetat
442 2432 680 2497 quominus
715 2443 757 2479 et
791 2449 873 2480 nos
907 2433 1110 2481 eamdem
1145 2444 1393 2482 statuamus
1428 2434 1601 2499 legem?

126 2509 351 2575 Numquid
385 2509 569 2557 vetitum
605 2508 688 2556 erit
724 2509 878 2566 nobis,
906 2510 1025 2574 quod
1050 2509 1150 2557 aliis
1186 2510 1353 2558 licitum
1380 2510 1496 2559 fuit?
1518 2512 1602 2560 Ec-

128 2603 310 2633 curnam
351 2585 582 2632 inferiores
618 2584 791 2648 magnis
826 2584 918 2632 illis
953 2585 1208 2634 nationibus
1253 2587 1447 2644 erimus,
1485 2605 1602 2653 quae

127 2661 238 2709 adeo
267 2679 530 2726 progressae
564 2671 669 2708 sunt
693 2660 739 2706 in
763 2662 883 2708 omni
920 2661 1226 2710 humanitate?
1250 2664 1339 2710 Cur
1361 2664 1602 2729 reprehen-

225 2786 290 2826 (55)
322 2788 373 2818 lta
404 2788 522 2828 passim
561 2787 594 2819 in
621 2786 849 2819 parlamento
879 2786 997 2820 sardo.
1025 2804 1035 2812 -
1058 2789 1205 2821 camera
1235 2789 1380 2822 cletttva
1414 2791 1604 2831 praesertim
1651 2769 1654 2772 Α

132 2848 204 2879 pag.
223 2841 364 2872 sos-624.
378 2840 440 2871 etc.
456 2848 514 2871 nec
532 2849 594 2871 non
615 2840 646 2871 in
668 2841 791 2872 senato
807 2839 865 2873 del
880 2849 995 2882 rayno.
1014 2849 1085 2882 pag.
1105 2843 1242 2874 1⁹0.etc.
