1918 3186
339 193 396 238 88
599 206 678 237 mn.
707 205 737 236 1.
765 202 877 235 secr.
908 202 937 233 1.
968 202 1021 233 nn
1044 201 1216 234 numu.
1247 201 1530 234 sacmuimro.

431 284 545 330 Sane
578 280 814 328 concilium
849 278 1123 326 lateranense
1155 278 1234 325 111.
1264 296 1337 325 an.
1375 279 1518 325 1179.
1540 287 1657 326 vetat
1688 296 1799 344 quo·

334 360 482 406 minus
507 356 712 405 sacerdos
737 354 969 420 quidpiam
992 355 1178 419 recipiat
1189 372 1270 419 pro
1291 354 1582 401 benedicendis
1605 356 1793 418 nuptiis,

333 451 407 481 seu
440 434 542 480 aliis
573 432 853 478 sacramentis
887 431 1176 495 conserendis,
1205 440 1334 496 prout
1367 430 1551 477 refertur
1573 446 1671 494 cap.
1692 430 1801 477 Cum

334 510 381 555 in
414 508 588 554 ecelesia
621 506 695 552 IX.
717 506 781 553 De
812 506 1010 553 simonia.
1040 505 1150 552 Cum
1184 504 1368 570 proinde
1401 504 1639 552 concilium
1670 504 1801 552 bene—

334 583 572 630 dictionem
597 581 911 629 sacerdotalem
935 582 982 628 in
1006 581 1172 645 nuptiis
1203 580 1398 628 conferat
1425 597 1525 627 cum
1559 589 1801 627 ceterorum

334 666 705 706 sacramentorum
729 656 1130 713 administratione,
1153 656 1260 704 satis
1278 666 1428 720 aperte
1450 656 1618 703 indicat
1646 655 1802 703 eodem

334 734 379 779 in
411 749 548 780 censu
579 731 742 779 habere
773 731 991 779 eiusmodi
1033 730 1401 778 benedictionem.
1437 732 1598 778 Verum
1638 730 1802 778 clarius

334 808 480 855 adhuc
521 807 716 872 idipsum
751 807 979 871 profitetur
1009 805 1282 853 Sacerdotale
1313 824 1538 854 romanum
1570 823 1686 854 anno
1718 806 1805 854 cir-

334 884 443 931 citer
475 883 617 929 1494.
646 882 839 938 editum,
869 882 915 927 in
938 897 1027 946 quo
1049 880 1234 944 legitur:
1261 882 1513 929 «Sacerdos
1549 881 1806 946 pronuntiet

332 959 497 1016 verba,
518 975 627 1022 quae
648 967 749 1004 sunt
770 958 909 1022 forma
931 957 1236 1003 sacramenti.»
1249 957 1341 1003 Iam
1367 973 1471 1004 vero
1495 956 1535 1004 si
1560 955 1804 1009 sacerdotis

335 1044 403 1082 est
435 1033 699 1082 sacramenti
733 1031 918 1079 formam
959 1031 1272 1095 pronunciare,
1311 1031 1465 1096 ecquis
1497 1030 1668 1078 dubitet
1705 1047 1806 1078 eum

339 1109 474 1157 huius
498 1108 759 1159 sacramenti
776 1119 778 1121 ’
794 1107 1103 1162 administrum
1137 1106 1272 1155 esse?

431 1183 574 1247 Atque
607 1182 718 1229 haec
761 1181 1000 1246 praecipua
1043 1191 1145 1229 sunt
1188 1182 1462 1247 antiquitatis
1505 1181 1767 1229 documenta
1787 1219 1798 1238 ‚

339 1276 453 1323 quae
476 1258 532 1305 ab
555 1258 689 1305 huius
714 1257 958 1305 sententiae
991 1257 1186 1321 patronis
1220 1267 1428 1321 congesta
1451 1267 1575 1314 sunt,
1603 1273 1805 1322 quaeque

340 1352 421 1382 nos
456 1350 617 1397 magna
650 1332 826 1381 solertia
869 1348 922 1378 ex
954 1331 1068 1396 ipsis
1103 1331 1457 1397 deprompsimus
1490 1342 1621 1397 atque
1653 1341 1807 1379 contu-

344 1410 478 1458 limus
501 1410 616 1471 (18).

887 1521 1161 1558 ARTICULUS
1187 1522 1255 1559 ΙΙΙ,

817 1617 1054 1666 Argumenta
1079 1616 1321 1666 Theologica.

436 1716 539 1763 Post
579 1715 842 1762 documenta
879 1731 933 1760 ex
970 1713 1232 1777 antiquitate
1273 1713 1555 1778 deprompta,
1594 1712 1651 1759 ad
1685 1728 1810 1774 argu-

342 1801 574 1840 mentasex
607 1790 751 1854 ipsius
785 1788 1033 1852 theologiae
1066 1789 1260 1837 fontibus
1293 1789 1387 1837 sive
1409 1806 1462 1836 ex
1486 1788 1548 1836 rei
1575 1788 1720 1853 ipsius
1743 1787 1810 1835 vi-

342 1868 541 1916 sceribus
574 1868 709 1932 petita
732 1885 781 1915 se
805 1867 1022 1932 recipiunt
1054 1867 1254 1915 eiusdem
1289 1867 1529 1915 sententiae
1563 1865 1809 1930 adstipula-

345 1954 476 1991 tores.
499 1945 594 1991 Imo
624 1943 769 1991 Canus
799 1942 856 1990 ab
878 1943 952 1991 his
975 1942 1317 2008 disputationem
1353 1960 1479 1991 suam
1514 1958 1694 1990 exorsus
1717 1950 1807 1998 est,

344 2020 506 2085 hisque
540 2019 822 2067 vehementer
854 2019 1070 2066 innititur.
1094 2018 1462 2084 Quandoquidem
1487 2027 1632 2065 autem
1655 2017 1808 2064 fusiori

344 2112 395 2141 ea
428 2095 596 2142 calamo
630 2104 697 2142 est
730 2104 1046 2159 prosequutus,
1085 2110 1243 2158 operae
1276 2095 1466 2158 pretium
1503 2093 1732 2148 ducimuS,
1771 2091 1809 2138 si

345 2188 397 2218 ea
431 2172 603 2228 omnia,
631 2189 745 2236 quae
768 2171 823 2218 ab
847 2172 945 2236 ipso
969 2171 1192 2236 disputata
1225 2181 1347 2228 sunt,
1375 2181 1598 2236 tamquam
1619 2170 1666 2215 in
1692 2184 1812 2215 com-

347 2247 555 2311 pendium
593 2247 712 2295 hunc
747 2248 794 2294 in
826 2248 971 2295 locum
1005 2248 1261 2295 referamus.

441 2322 502 2369 Ac
525 2324 666 2388 primo
690 2324 774 2371 sibi
799 2324 916 2371 viam
940 2324 1113 2388 paravit
1135 2322 1459 2379 contendendo,
1480 2319 1807 2369 matrimonium

346 2399 464 2463 quod
489 2399 585 2446 sine
612 2399 824 2447 ecclesiae
844 2400 1053 2447 ,ministro
1088 2410 1356 2448 contractum
1390 2399 1470 2456 sit,
1498 2398 1544 2444 id
1569 2413 1808 2461 numquam

347 2485 462 2522 certo
506 2475 811 2539 constantique
852 2475 1031 2522 scholae
1073 2475 1284 2538 suffragio
1321 2474 1521 2522 habitum
1555 2472 1694 2520 fuisse
1727 2488 1809 2519 ceu

347 2568 497 2597 verum
515 2562 557 2598 et
574 2551 798 2616 proprium
823 2560 1165 2607 sacramentum3
1187 2567 1337 2614 ,neque
1359 2566 1456 2596 eam
1480 2565 1572 2596 rem
1595 2547 1652 2595 ad
1675 2547 1809 2595 fidem

350 2635 392 2671 et
424 2626 678 2689 religionem
712 2627 916 2683 attinere;
945 2643 1088 2691 neque
1114 2643 1267 2673 omnes
1302 2624 1479 2673 scholae
1512 2623 1738 2687 theologos
1763 2624 1809 2671 id

350 2702 607 2749 asseruisse.
637 2702 809 2759 Quibus
843 2702 1106 2768 disputatis,
1137 2711 1253 2750 totus
1278 2701 1324 2748 in
1347 2718 1398 2750 eo
1421 2711 1487 2750 est
1511 2711 1559 2748 ut
1580 2700 1805 2757 ostendat,

443 2800 509 2841 (18)
529 2802 579 2834 Os.
596 2802 693 2835 etiam
714 2803 905 2844 Roskovany
921 2812 974 2845 op.
989 2803 1022 2836 et
1035 2803 1099 2836 loc.
1115 2803 1262 2835 cit.1tem
1275 2801 1421 2835 cari-iere
1434 2811 1487 2843 op.
1501 2802 1621 2843 pariter
1632 2802 1666 2834 et
1678 2801 1741 2833 loc.
1751 2799 1807 2832 cit.
