1918 3186
350 208 409 254 94
610 220 690 254 mn.
720 220 750 252 1.
779 217 891 251 ssscr.
916 216 946 249 1.
976 217 1036 250 ns
1052 216 1224 251 uirium.
1253 219 1535 253 sAanuznro.

346 300 403 347 de
435 309 706 348 sacramento
723 284 983 344 adsalutem
1017 297 1288 352 necessario,
1315 298 1433 362 quod
1456 298 1512 346 de
1535 311 1808 350 sacramento

346 373 611 423 matrimonii
645 372 734 419 dici
768 371 937 442 nequit.

439 449 662 497 Accedunt
683 458 727 496 et
748 448 836 496 alia
858 447 1160 512 coniugiorum
1183 447 1398 515 exempla,
1425 467 1478 498 ex
1500 450 1665 516 quibus
1694 452 1805 501 ratio

344 534 604 574 contractus
611 542 638 571 a
654 523 823 593 ratione
845 524 1108 572 sacramenti
1131 524 1365 584 dividitur,
1398 527 1620 575 connubia
1647 543 1809 593 nempe

343 610 421 649 aut
443 599 791 665 per-epistolam,
821 610 897 648 aut
919 617 1000 666 per
1021 610 1344 671 procuratorem
1368 613 1613 661 contracta,
1638 604 1684 650 in
1707 605 1808 669 qui-

341 677 427 726 bus
460 677 589 724 facile
620 677 792 744 nullum
824 677 1010 725 conferri
1045 688 1368 726 sacramentum
1402 681 1654 743 agnoscitur
1669 720 1679 738 ,
1707 680 1810 730 licet

340 751 487 800 valere
517 762 789 801 contractum
821 769 950 821 nemo
982 752 1204 799 inficietur
1225 770 1322 822 cap,
1345 754 1425 802 ult.
1449 756 1512 802 De
1529 744 1799 823 procurator.

341 828 387 875 in
403 831 447 875 6.
458 866 468 886 ,
482 836 613 895 prout
629 829 801 894 paucis,
813 839 858 876 at
869 828 1073 891 energice
1089 828 1406 878 demonstravit
1416 830 1565 879 Canus
1584 832 1802 880 scribens:

345 925 367 950 «
395 906 490 954 Non
524 905 657 968 igitur
688 904 876 953 ecclesia
906 904 1052 961 docet,
1088 904 1317 972 quodlibet
1349 906 1546 954 fidelium
1579 908 1807 957 matrimo-

342 980 465 1029 nium
500 990 823 1029 sacramentum
852 995 974 1036 esse,
1006 980 1093 1027 nisi
1126 980 1229 1045 quis
1258 981 1368 1029 adeo
1394 982 1559 1047 desipit
1574 992 1623 1030 ut
1640 983 1808 1031 Caieta-

340 1072 446 1105 num
470 1057 667 1114 damnet,
705 1056 783 1123 qui
807 1066 849 1103 et
872 1054 1230 1121 probabilissime
1251 1068 1309 1114 et,
1336 1047 1414 1104 me>
1429 1059 1609 1123 quidem
1631 1058 1803 1116 iudice,

338 1134 590 1190 verissime,
618 1132 968 1200 matrimonium,
991 1132 1110 1197 quod
1128 1132 1242 1180 inter
1258 1133 1464 1182 absentes
1498 1151 1577 1200 per
1608 1135 1801 1192 litteras,

339 1219 736 1294 procuratoresque
767 1209 1068 1265 contrahitur,
1108 1220 1430 1257 sacramentum
1454 1228 1554 1258 esse
1582 1211 1807 1260 inficiatus

339 1295 421 1334 est.
456 1286 567 1332 Nam
600 1285 678 1352 qui
712 1285 757 1331 in
791 1285 876 1333 hoc
907 1285 1163 1333 Caietanum
1197 1303 1369 1356 errasse
1402 1287 1617 1345 clamant,
1647 1288 1694 1334 hi
1719 1306 1807 1337 non

339 1361 591 1432 intelligunt
620 1379 703 1409 nec
736 1377 851 1429 quae
882 1361 1149 1426 loquuntur,
1183 1379 1265 1410 nec
1287 1363 1343 1410 de
1366 1363 1530 1428 quibus
1565 1364 1801 1413 affirmant.

339 1436 467 1494 Quod
487 1436 525 1484 si
543 1436 665 1484 nullo
687 1436 867 1493 idoneo,
888 1445 932 1484 et
947 1437 1199 1484 necessario
1222 1449 1503 1501 argumento,
1534 1439 1613 1486 sed
1637 1439 1803 1497 stultis,

338 1512 694 1580 turbulentisque
726 1512 993 1560 clamoribus
1017 1511 1188 1560 alienas
1209 1513 1409 1561 refellere
1442 1514 1684 1562 sententias
1708 1532 1808 1581 per-

338 1599 448 1654 gunt
464 1627 474 1647 ,
523 1599 657 1654 atque
699 1590 811 1657 adeo
855 1589 1090 1646 damnare,
1128 1606 1244 1655 quae
1281 1591 1590 1660 probabiliter,
1628 1602 1673 1639 et
1703 1609 1808 1640 vere

337 1666 458 1713 dicta
486 1675 610 1732 sunt,
643 1676 735 1712 tum
766 1682 846 1714 nos
880 1665 1056 1734 quiete,
1082 1676 1126 1713 et
1148 1665 1324 1715 silentio
1346 1666 1465 1714 taciti
1489 1667 1662 1715 illorum
1696 1667 1808 1716 stul-

338 1741 507 1798 titiam,
535 1742 861 1807 amentiamque
882 1741 1147 1790 videbimus.
1171 1742 1422 1791 Concedant
1445 1743 1537 1801 illi,
1564 1761 1703 1791 unum
1728 1761 1808 1809 pro

338 1804 476 1865 altero
518 1826 842 1865 sacramentum
887 1833 1093 1874 sumere,
1137 1834 1239 1865 cum
1271 1834 1352 1882 pro
1385 1817 1522 1865 altero
1565 1818 1800 1867 contrahit.

339 1893 614 1951 Gonoedant,
664 1902 938 1941 sacramenta
969 1892 1132 1940 Christi
1167 1893 1427 1962 absentibus
1461 1894 1760 1942 administrari
1791 1934 1800 1952 ,

339 1968 596 2033 eisdemque
645 1968 832 2032 gratiam
876 1958 1075 2016 conferre
1119 1979 1163 2016 et
1205 1979 1385 2033 peccata
1432 1969 1668 2016 remittere.
1717 1971 1806 2018 Nos

338 2045 481 2102 enim,
517 2045 727 2113 quoniam
762 2044 875 2092 haec
904 2043 1099 2092 absurda
1133 2053 1260 2101 sunt,
1288 2045 1531 2092 concedere
1553 2044 1702 2109 potius
1729 2062 1805 2092 vo-

339 2118 508 2177 lamus,
546 2119 764 2168 eiusmodi
786 2129 1057 2176 contractus,
1086 2119 1164 2184 qui
1188 2119 1302 2167 inter
1324 2119 1529 2168 absentes
1553 2119 1808 2182 transigun»

339 2201 434 2251 tur,
473 2195 752 2243 matrimonia
784 2195 966 2260 quidem
996 2194 1231 2243 verissima
1253 2211 1376 2252 esse,
1402 2212 1507 2243 vera
1529 2204 1806 2243 sacramenta

340 2269 462 2318 nullo
494 2271 672 2319 modo.»

435 2346 564 2417 Quod
597 2346 637 2395 si
670 2345 858 2395 ecclesia
897 2347 982 2396 hos
1013 2348 1076 2395 ita
1108 2347 1365 2418 coniunctos
1398 2363 1487 2394 non
1517 2356 1645 2410 urget
1676 2362 1805 2411 prac-

339 2433 467 2488 cepto
498 2433 549 2470 ut
580 2440 630 2471 se
661 2438 808 2471 coram
848 2423 1078 2471 sacerdote
1120 2415 1301 2480 sistant,
1340 2433 1391 2470 ut
1421 2438 1510 2488 per
1533 2422 1631 2469 eius
1671 2422 1806 2470 bene-

339 2498 575 2547 dictionem
607 2507 939 2548 sacramentum
956 2498 1202 2562 suscipiant
1233 2498 1508 2563 gratiamque
1528 2489 1807 2562 consequan-

341 2582 432 2631 tur,
470 2575 638 2640 duplici
670 2575 716 2622 id
748 2591 803 2621 ex
834 2589 970 2621 causa
1002 2573 1139 2638 repeti
1173 2572 1325 2629 debet;
1369 2583 1461 2620 tum
1499 2588 1658 2637 nempe
1696 2573 1803 2638 quia

340 2651 636 2699 controversia
668 2650 815 2698 adhuc
845 2650 965 2714 viget
995 2649 1108 2698 inter
1140 2648 1369 2712 theologos
1400 2665 1506 2696 num
1528 2649 1574 2695 in
1598 2648 1672 2696 his
1704 2665 1805 2697 con»

342 2724 477 2788 iugiis
499 2725 608 2773 ratio
631 2725 894 2774 sacramenti
927 2724 1198 2775 admittenda
1221 2724 1300 2781 sit,
1328 2723 1429 2772 aliis
1452 2723 1796 2788 refragantibus,

342 2799 445 2849 aliis
460 2817 565 2849 vero
580 2801 902 2851 affirmantibus
917 2820 927 2859 ;
949 2817 1043 2865 quo
1056 2801 1268 2851 existente
1290 2800 1545 2865 opinionum
1569 2799 1774 2848 conflictu
1786 2836 1796 2856 ,
