1918 3186
438 237 528 269 (ιω).
546 237 603 269 vr.
622 236 674 268 nn
698 235 831 268 mser.
862 236 1009 269 conrii.
1029 237 1077 268 m
1100 236 1213 270 salon.
1234 237 1325 269 Aur.
1343 237 1388 269 11.
1561 218 1649 268 195

185 317 349 373 monii,
396 316 546 362 inferri
582 315 699 363 haud
741 325 884 379 potest
929 315 1182 373 distinctio,
1227 332 1307 364 seu
1347 315 1495 380 potius
1529 331 1653 380 sepa-

182 392 384 439 rabilitas
407 393 504 454 (17)
536 400 786 438 contractus
821 400 864 437 et
898 392 1159 439 sacramenti
1194 402 1418 457 tamquam
1454 392 1517 440 rei
1547 409 1574 439 a
1608 409 1654 439 re

182 469 228 514 in
264 465 471 531 coniugio
491 465 562 514 'ad
602 468 786 514 sormam
826 465 1109 515 tridentinam
1150 468 1371 517 celebrato
1392 507 1402 526 ,
1451 468 1561 517 adeo
1607 479 1655 515 ut

183 544 317 592 huius
351 542 525 591 articuli
559 560 719 591 sensus
753 543 838 590 sit:
866 553 970 590 tunc
1004 543 1183 601 saltem,
1203 561 1303 592 cum
1322 535 1652 593 matrimonium

180 621 226 667 in
249 620 362 667 facie
384 618 598 667 ecclesiae
621 618 890 676 celebratur,
928 629 1178 667 contractus
1214 637 1240 668 a
1274 632 1550 669 sacramento
1572 609 1655 669 ‘se-

181 697 326 761 parari
361 714 448 744 non
484 707 647 761 potest,
686 696 858 744 etiamsi
893 695 1020 743 detur
1052 696 1346 751 adversariis,
1380 698 1653 746 sacerdotem

179 789 282 821 esse
304 773 571 820 ministrum.
595 773 724 828 Quod
748 773 929 838 quidem
953 766 1188 820 ostendere
1204 790 1441 838 operosum
1459 791 1546 822 non
1567 785 1649 822 est.

260 848 449 896 -Etenim
472 859 577 896 tunc
601 848 743 896 solum
768 848 1033 897 subsisteret
1064 841 1284 896 eiusmodi
1309 848 1536 897 distinctio
1560 866 1656 897 rea-

181 924 374 973 lis'inter
393 922 662 973 contractum
686 935 728 972 et
751 935 1100 981 sacramentum,
1129 925 1168 972 si
1191 925 1518 973 matrimonium
1539 964 1548 983 ‚
1576 942 1657 973 seu

180 1011 431 1050 contractus
463 1002 712 1065 coniugalis
747 1019 826 1066 per
859 1012 1061 1049 mutuum
1090 1018 1354 1049 consensum
1379 992 1526 1049 verbis
1537 1039 1553 1069 ,⁷
1581 1012 1657 1049 aut

179 1077 322 1141 signis
353 1095 615 1143 expressum
630 1116 640 1135 ,
668 1078 789 1125 aliud
812 1088 931 1126 esset
954 1088 1128 1143 praeter
1149 1067 1472 1126 sacramentum
1506 1079 1654 1143 ipsum

180 1170 259 1219 per
280 1149 633 1203 benedictionem
658 1155 976 1203 sacerdotalem
1001 1155 1247 1203 consectum
1272 1172 1352 1203 seu
1374 1144 1658 1203 administra-

182 1241 289 1278 tum.
320 1232 455 1279 Porro
485 1241 807 1279 sacramentum
838 1248 926 1279 non
949 1241 1032 1287 est,
1062 1247 1143 1278 nec
1175 1248 1276 1278 esse
1310 1240 1454 1295 potest
1486 1236 1658 1296 praeter

179 1302 452 1356 contractum
487 1309 652 1373 ipsum.
687 1309 803 1372 Ergo
836 1309 1008 1356 invecta
1033 1307 1109 1355 illa
1131 1307 1357 1355 distinctio
1386 1307 1519 1356 'realis
1543 1308 1658 1376 inter

178 1379 450 1433 contractum
479 1379 523 1432 et
550 1395 872 1432 sacramentum
907 1385 952 1431 in
986 1384 1206 1448 coniugiis
1234 1384 1448 1432 etiamad
1472 1385 1657 1432 formam

180 1459 460 1508 tridentinam
494 1459 724 1508 celebratis
758 1459 929 1507 admitti
964 1460 1131 1525 nequit.
1508 1470 1527 1476 ”

245 1536 423 1584 Minor
454 1536 670 1601 propositi
705 1536 953 1599 argumenti
996 1536 1231 1609 multiplici
1265 1554 1318 1584 ex
1351 1537 1521 1601 capite
1530 1537 1655 1584 evin-

179 1612 320 1660 citur:
332 1625 412 1660 ac
445 1614 491 1659 1.
520 1630 594 1661 ex
607 1606 795 1660 coneilio
828 1612 1089 1670 tridentino,
1128 1604 1249 1678 quod
1284 1613 1519 1662 anathema
1543 1631 1655 1682 pro-

182 1689 410 1737 nunciavit
432 1689 477 1736 in
501 1689 619 1746 illos,
641 1689 720 1754 qui
737 1689 948 1745 dixerint,
971 1690 1302 1738 matrimonium
1326 1698 1414 1738 non
1437 1708 1539 1739 esse
1556 1699 1658 1738 vere

180 1776 224 1814 et
245 1766 425 1832 proprie
456 1782 594 1814 unum
617 1784 672 1813 ex
695 1777 866 1832 septem·
898 1767 1010 1830 legis
1050 1757 1230 1830 evangel
1239 1768 1334 1836 icae
1369 1768 1657 1815 sacramentis

185 1837 371 1905 (canss'lss
391 1846 430 1907 ).
454 1845 555 1891 Iam*
574 1861 679 1892 vero
712 1844 751 1891 si
786 1843 908 1891 aliud
941 1854 1060 1891 esset
1092 1853 1342 1910 contractus
1377 1854 1479 1908 post
1507 1850 1658 1891 sacer-

181 1918 379 1969 dotalem
403 1919 790 1975 benedictionem,
833 1919 955 1966 aliud
990 1929 1135 1967 autem
1170 1928 1528 1975 sacramentum,
1568 1936 1655 1966 non

182 1989 376 2058 amplius
414 2011 518 2042 'vere
549 2005 593 2042 et
625 1995 805 2059 proprie
846 1994 1171 2063 matrimonium
1205 1994 1294 2041 dici
1330 2003 1482 2058 posset
1514 2010 1658 2041 sacra-

182 2081 384 2126 mentum,
414 2068 492 2118 sed
517 2064 604 2118 dici
629 2071 809 2119 deberet
831 2081 1155 2119 sacramentum
1181 2059 1404 2118 adiectum
1432 2070 1638 2136 matrimo·

184 2147 281 2203 nio,
292 2146 440 2211 eique
458 2139 736 2194 extrinsecus
764 2137 1004 2194 obveniens
1023 2145 1357 2209 suscipiendum
1376 2155 1478 2209 post
1500 2145 1657 2192 initum

182 2234 454 2271 contractum
473 2261 482 2279 ‚
522 2232 597 2270 aut
630 2234 914 2287 susceptum,
944 2223 982 2270 si
1007 2222 1179 2288 placet,
1209 2232 1310 2286 post
1332 2221 1539 2269 eumdem·
1560 2226 1657 2273 con-

185 2310 369 2347 tractum
404 2316 484 2363 per
516 2298 869 2346 benedictionem
905 2298 1165 2365 sacerdotis.
1201 2297 1318 2353 Quid
1352 2298 1471 2345 enim
1505 2298 1550 2344 in
1586 2298 1660 2345 ad-

183 2376 476 2424 versariorum
495 2376 713 2423 sententia
730 2374 996 2423 matrimonii
1016 2374 1192 2422 nomine
1211 2373 1549 2437 significaretur,
1572 2374 1657 2421 nisi

271 2522 350 2564 (17)
370 2523 556 2560 Adiecimus
573 2520 684 2555 vocem
701 2522 784 2555 lianc
797 2522 839 2554 ad
853 2530 982 2554 omnem
1005 2520 1198 2561 abigendam
1219 2519 1481 2560 ambiguitatem,
1497 2512 1576 2560 quia
1590 2519 1660 2553 fleri

186 2574 332 2607 absolute
354 2576 476 2617 potest,
494 2576 530 2607 ut
543 2574 609 2606 duo
624 2575 689 2607 sint
702 2575 784 2606 inter
797 2583 830 2606 se
843 2573 987 2606 realiter
1003 2572 1172 2614 distincta,
1187 2572 1266 2613 quin
1281 2572 1423 2613 separari
1440 2571 1481 2603 ab
1498 2571 1636 2605 invicem
1646 2596 1656 2612 ,

185 2625 298 2658 saltem
319 2626 352 2658 vi
373 2627 515 2659 naturali
538 2616 672 2668 possint.
688 2625 783 2664 Quod
798 2627 834 2657 ut
848 2625 958 2665 aliquo
973 2624 1120 2668 exemplo
1134 2623 1310 2655 illustrem:
1329 2631 1448 2664 corpus
1461 2624 1494 2655 et
1507 2623 1615 2655 anima
1628 2623 1661 2655 in

187 2678 315 2710 bomine
329 2679 459 2711 vivente
473 2682 550 2712 sunt
564 2680 693 2712 realiter
708 2679 860 2711 distincta
869 2702 879 2718 ,
897 2686 955 2710 nec
968 2679 1076 2709 tamen
1091 2676 1213 2717 absque
1227 2676 1369 2709 hominis
1394 2676 1591 2709 extinctione
1611 2685 1660 2709 se-

188 2731 293 2771 parari
310 2730 350 2762 ab
365 2731 501 2764 invicem
524 2733 677 2773 possunt,
690 2732 781 2764 etita
796 2731 836 2763 de
850 2730 996 2771 pluribus
1009 2729 1092 2761 aliis.
1110 2730 1222 2769 ltaque
1235 2729 1363 2770 quoties
1376 2729 1442 2770 hic,
1457 2730 1514 2761 aut
1528 2729 1606 2761 alibi
1621 2729 1661 2761 dc

189 2781 279 2814 reali
296 2781 501 2815 distinctione
523 2783 710 2815 disserimus
727 2783 809 2815 inter
824 2782 1024 2814 contractum
1041 2782 1074 2813 ct
1089 2782 1324 2814 sacramentum
1348 2781 1381 2814 in
1402 2781 1553 2822 coniugio
1577 2782 1657 2813 cliri-

186 2834 291 2867 stiano
306 2834 368 2867 hoc
382 2843 475 2867 sensu
490 2835 685 2869 intellectam
703 2836 784 2867 lianc
798 2835 993 2867 locutionem
1010 2834 1172 2866 volumus.

1567 2887 1590 2914 >k
