1912 3180
274 214 364 245 cn.
387 214 444 244 vi.
468 213 520 244 ns
544 212 699 245 Ancum.
723 213 800 245 ruo
824 214 927 245 Luca
950 214 1002 245 nn
1027 215 1151 246 nun.
1175 214 1258 246 mv.
1281 215 1374 246 uir.
1398 215 1458 246 ιιι.
1535 201 1622 246 423

260 292 350 338 lam
373 308 476 338 vero
500 291 779 338 matrimonia
803 291 1015 354 legitima,
1039 310 1153 356 quae
1174 291 1505 340 celebrabantur
1522 306 1623 340 ante

160 367 394 415 concilium
428 367 738 423 tridentinum,
776 379 964 431 possunt
986 367 1199 416 celebrari
1223 370 1355 416 etiam
1381 380 1479 434 post
1501 370 1619 418 istud

160 442 397 490 concilium
422 443 460 489 si
487 443 692 506 princeps
726 441 969 495 catholicus
994 444 1038 489 in
1064 461 1197 507 regno
1220 461 1303 492 suo
1324 444 1428 492 velit
1457 443 1620 493 formae

161 535 188 564 a
220 517 408 565 concilio
442 518 726 583 praestitutae
759 517 891 565 aliam
926 518 1187 583 subrogare,
1233 537 1323 585 qua
1358 521 1473 567 idem
1517 521 1619 568 finis

159 591 434 648 obtineatur,
482 592 753 657 impediendi
796 592 966 640 scilicet
1002 595 1281 642 matrimonia
1325 595 1612 643 clandestina.

159 667 272 715 Ante
304 668 540 716 concilium
573 668 854 716 matrimonia
885 668 1158 717 clandestina
1190 681 1313 718 erant
1341 671 1618 718 matrimonia

160 744 240 791 sed
273 762 357 791 non
395 754 515 800 rata‚·
543 756 695 809 postea
717 745 894 792 fuerunt
916 745 1125 792 invalida.
1154 745 1396 794 Concilium
1421 746 1505 795 hoc
1536 764 1618 794 suo

159 819 334 867 decreto
367 821 498 868 unice
530 820 669 868 voluit
710 820 862 868 tollere
899 819 1319 878 clandestinitatem;
1348 840 1447 870 cum
1486 823 1619 886 igitur

160 895 229 942 lex
263 895 407 943 civilis
441 896 554 944 tollit
586 896 987 945 clandestinitatem
1011 897 1099 945 alia
1120 898 1312 963 quadam
1340 899 1503 955 forma,
1532 916 1619 946 ma·

160 972 414 1020 trimonium
449 989 535 1020 non
576 973 659 1020 erit
698 983 862 1029 ratum,
911 974 990 1020 sed
1031 991 1182 1022 verum
1219 975 1303 1023 erit
1343 975 1612 1038 coniugium.

158 1047 404 1096 Concilium
429 1049 555 1096 illum
578 1067 789 1097 canonem
813 1050 959 1097 sanxit
975 1068 1027 1097 ex
1044 1050 1317 1114 delegatione
1342 1052 1611 1116 principum;

159 1123 206 1170 hi
240 1134 385 1171 autem
420 1135 608 1189 possunt
640 1125 697 1172 ad
731 1142 779 1172 se
818 1142 914 1172 eam
957 1135 1214 1189 potestatem
1255 1143 1458 1174 revocare
1495 1126 1616 1173 iuxta

158 1211 403 1264 temporum
429 1200 730 1248 necessitates.
747 1200 812 1257 ld,
833 1201 1034 1265 inquam,
1057 1202 1100 1248 id
1118 1202 1285 1248 iamdiu
1301 1202 1461 1249 sactum
1478 1201 1616 1249 fuisse

159 1277 205 1322 in
230 1276 382 1324 Galliis
406 1287 449 1324 et
472 1276 518 1322 in
541 1276 713 1339 Belgio,
745 1277 854 1341 quin
879 1276 1133 1324 huiusmodi
1156 1276 1389 1324 connubiis
1415 1277 1615 1340 leqitimis

159 1362 285 1416 turpe
317 1351 636 1399 concubinatus
661 1369 818 1399 nomen
843 1352 971 1399 fuerit
999 1369 1208 1416 umquam
1238 1351 1426 1398 inditum
1463 1352 1609 1413 (108).

254 1427 381 1483 Quod
416 1428 514 1475 fuse
547 1427 621 1475 hic
645 1438 792 1475 orator
815 1428 1038 1493 exposuit,
1065 1427 1254 1474 breviter
1275 1427 1390 1475 alius
1413 1427 1615 1474 innuerat

158 1503 388 1568 inquiens:
416 1503 615 1551 doctrina
649 1520 765 1567 quae
788 1504 843 1551 de
864 1513 1088 1551 contractu
1111 1520 1163 1550 ac
1186 1514 1458 1551 sacramento
1480 1519 1613 1549 unam

139 1579 446 1644 ‘eamdemque
479 1596 571 1626 rem
605 1579 765 1634 efficit,
803 1596 890 1626 non
924 1589 991 1626 est
1023 1579 1073 1625 de
1105 1579 1207 1642 fide:
1233 1579 1364 1626 etiam
1397 1578 1614 1626 contraria

157 1654 310 1719 opinio
341 1664 411 1702 est
443 1654 552 1701 satis
586 1654 795 1701 catholica
823 1655 970 1715 (109).

252 1730 377 1778 Alius
400 1730 531 1777 etiam
557 1741 733 1778 senator
756 1747 805 1777 se
827 1730 888 1778 ita
910 1730 1099 1777 breviter
1128 1730 1309 1777 extricat
1329 1746 1355 1776 a
1379 1728 1612 1775 tridentino

156 1807 355 1855 decreto:
393 1806 462 1853 lex
501 1805 643 1853 civilis
684 1805 811 1853 nobis
850 1806 1077 1870 proposita
1120 1806 1314 1869 loquitur
1353 1814 1517 1852 tantum
1556 1802 1611 1850 de

156 1883 375 1946 coniugiis
411 1882 634 1946 leqitimis:
670 1881 904 1929 concilium
939 1898 1041 1928 vero
1075 1881 1131 1927 de
1170 1880 1241 1927 his
1282 1897 1369 1927 non
1408 1879 1605 1927 disserit:

155 1976 260 2022 ergo
292 1957 507 2007 eiusmodi
543 1956 611 2005 lex
644 1957 831 2006 concilio
865 1974 951 2004 non
986 1956 1242 2004 adversatur
1269 1956 1415 2016 (110).

770 2106 997 2171 Responsio

253 2253 307 2300 Ut
339 2253 472 2316 igitur
506 2252 704 2316 singula,
745 2269 860 2316 quae
893 2251 948 2298 ab
980 2261 1150 2299 oratore
1182 2251 1300 2298 dicta
1323 2260 1428 2298 sunt
1454 2266 1610 2313 expen—

155 2330 312 2377 damus
337 2339 379 2376 et
401 2329 457 2376 ad
482 2329 688 2376 trutinam
713 2345 988 2384 revocemus,
1010 2327 1397 2375 animadvertimus
1420 2325 1609 2390 primum

156 2405 396 2468 generatim
430 2404 590 2451 salsum
624 2420 726 2451 esse
759 2403 1048 2467 principium;
1086 2402 1204 2466 quod
1238 2412 1287 2449 ut
1317 2400 1438 2448 basis
1478 2399 1609 2447 totius

154 2480 468 2545 disputationis
492 2478 753 2526 assumitur:
776 2495 933 2543 nempe
951 2478 1071 2525 iuxta
1087 2476 1347 2525 catholicam
1366 2475 1608 2524 doctrinam

154 2566 422 2605 contractum
457 2573 484 2603 a
517 2564 791 2603 sacramento
825 2554 1019 2619 separari
1056 2569 1200 2617 posse.

213 2691 221 2702 ·
250 2684 337 2724 (108)
352 2686 476 2717 senato
498 2683 555 2716 del
578 2690 692 2724 rayno.
714 2687 761 2714 18.
780 2681 925 2714 Dicemh.
946 2686 1033 2714 1852.
1053 2689 1123 2722 pag.
1140 2683 1198 2713 204
1215 2687 1304 2719 seqq.

251 2736 339 2776 (109)
357 2736 440 2768 lbid.
458 2739 506 2769 17.
518 2734 663 2767 Dicemb.

251 2789 338 2829 (110)
350 2788 431 2821 Ibid.
446 2794 496 2822 20.
510 2787 652 2821 Dicemb.
665 2796 735 2829 pag.
755 2791 824 2820 210.
841 2786 902 2819 col.
924 2792 950 2819 1.
