1912 3180
203 163 291 209 434
465 178 543 209 un.
573 177 601 207 1.
632 173 744 207 sacr.
775 174 945 206 Αιτειιᾼ.
974 175 1026 207 nn
1051 175 1223 208 mrum.
1246 176 1385 210 Clvm.

200 274 299 304 cum
336 257 395 302 ita
429 255 542 309 sint,
579 251 711 317 plane
744 253 1049 318 consequitur,
1072 254 1110 302 si
1130 271 1220 319 qua
1243 254 1353 302 inita
1376 254 1540 302 fuerint
1562 272 1666 304 con-

200 332 318 395 iugia
342 346 460 377 mere
477 328 625 376 civilia
641 367 651 386 ,
674 328 750 376 illa
774 346 862 377 non
887 329 1152 378 constituere
1177 331 1266 378 nisi
1290 348 1438 378 verum
1455 349 1508 380 ac
1524 342 1668 379 ratum

199 405 561 463 concubinatum,
602 422 761 470 nempe
794 405 1136 454 concubinatum
1183 407 1361 471 leqalem
1405 407 1668 456 deteriorem

200 481 494 531 concubinatu
522 481 717 546 vulgari,
752 481 907 529 saltem
937 482 1083 548 quoad
1108 483 1310 531 effectus.
1335 483 1445 531 Nam
1469 485 1546 549 qui
1569 501 1668 532 ver-

201 570 355 607 santur
383 557 429 604 in
455 557 646 623 simplici
682 557 1004 615 concubinatu,
1046 569 1205 606 norunt
1239 576 1291 606 ac
1326 559 1586 624 profitentur
1620 575 1669 609 se

200 635 315 682 male
351 652 503 697 agere,
538 644 670 699 atque
701 645 750 682 ut
784 626 1023 699 plurimum
1058 634 1352 700 resipiscunt;
1384 646 1535 683 contra
1564 654 1670 685 vero

202 711 277 776 qui
308 711 353 756 in
382 709 677 757 concubinatu
699 709 831 774 legali
864 710 1019 757 vivunt
1050 710 1236 758 contecti
1269 711 1538 759 matrimonii
1572 713 1671 777 pal-

201 787 287 843 lio,
325 786 489 834 iactant
523 803 572 834 se
605 785 884 833 matrimonio
920 803 1020 833 esse
1053 786 1337 843 coniunctos,
1374 804 1516 853 eoque
1549 788 1671 837 iuxta

203 863 507 910 adversarium
538 881 636 910 vero
669 880 721 910 ac
756 863 963 926 leqitimo,
993 861 1193 927 adeoque
1215 862 1346 927 longe
1368 863 1598 912 difficilius
1622 882 1673 913 se

203 938 260 985 ab
284 938 503 986 eiusmodi
538 937 725 985 nexibus
759 937 987 984 extricant.

302 1014 351 1059 In
386 1030 437 1060 eo
471 1030 602 1069 vero,
641 1011 760 1077 quod
806 1011 969 1059 adiecit
1003 1022 1174 1070 orator,
1215 1013 1380 1061 nullam
1421 1014 1576 1063 haberi
1613 1016 1671 1062 le-

205 1107 299 1153 yem
329 1089 423 1136 sive
457 1088 654 1136 divinam
690 1088 784 1136 sive
818 1087 1095 1145 humanam,
1135 1107 1250 1154 quae
1289 1090 1535 1156 praecipiat
1567 1108 1673 1140 con-

208 1182 386 1213 cursum
412 1164 675 1212 sacramenti
705 1164 761 1211 ad
784 1163 978 1212 valorem
1003 1164 1198 1228 coniugii
1217 1203 1237 1233 ,⁸
1256 1166 1511 1231 reponimus
1530 1168 1672 1231 primo

206 1242 348 1304 legem
382 1240 499 1287 hanc
534 1239 688 1287 haberi
716 1240 762 1286 in
795 1240 969 1287 decreto
999 1240 1176 1288 concilii
1204 1240 1459 1297 tridentini,
1493 1258 1581 1306 quo
1614 1241 1675 1288 ir-

208 1317 395 1364 ritantur
429 1316 710 1363 matrimonia
743 1315 893 1363 omnia
926 1332 1013 1364 non
1043 1316 1265 1364 celebrata
1294 1317 1415 1364 iuxta
1439 1317 1623 1365 sormam
1648 1335 1676 1365 a

208 1411 257 1441 se
291 1393 610 1459 praescriptam
652 1392 921 1457 ubicumque
956 1392 1180 1441 decretum
1223 1393 1333 1441 illud
1367 1394 1498 1442 fuerit
1529 1394 1676 1460 publi-

209 1480 371 1518 catum.
412 1469 681 1535 Reponimus
715 1469 895 1515 secundo
931 1469 1088 1516 iterum
1118 1470 1235 1517 hanc
1264 1470 1405 1534 legem
1441 1470 1595 1518 haberi
1629 1471 1675 1517 in

211 1546 491 1593 anathemate
525 1545 694 1610 prolato
725 1544 781 1592 ab
815 1544 969 1592 eodem
1004 1545 1193 1592 concilio
1227 1545 1272 1591 in
1307 1563 1382 1593 eos
1418 1547 1495 1611 qui
1542 1564 1676 1610 nega-

208 1623 351 1670 verint
368 1639 467 1669 esse
491 1639 593 1668 vera
617 1631 659 1668 et
682 1631 807 1676 rata,
837 1620 952 1668 idest
986 1631 1288 1678 sacramenta,
1327 1622 1533 1685 coniugia
1560 1621 1678 1669 clan-

210 1699 412 1754 destina,
447 1697 660 1762 quamdiu
696 1697 884 1745 ecclesia
919 1697 1042 1743 irrita
1075 1714 1126 1743 ea
1162 1714 1250 1744 non
1286 1698 1453 1744 fecerit.
1486 1699 1677 1763 Reponi-

209 1792 310 1822 mus
348 1776 467 1820 tertio
501 1774 797 1821 necessariam
835 1791 922 1821 non
957 1790 1058 1820 esse
1093 1773 1235 1836 legem
1287 1773 1482 1838 aliquam
1518 1774 1677 1821 afferre

209 1851 315 1898 dum
347 1850 403 1897 de
436 1867 488 1898 eo
522 1850 695 1913 agitur,
747 1849 866 1914 quod
912 1849 1050 1896 oritur
1085 1867 1138 1897 ex
1172 1849 1273 1913 ipsa
1305 1850 1367 1896 rei
1403 1859 1590 1907 natura3
1629 1860 1678 1897 ut

209 1928 254 1973 in
289 1944 395 1974 casu
432 1937 581 1974 nostro
615 1927 661 1972 in
695 1943 783 1991 quo
817 1935 1068 1973 contractus
1101 1935 1144 1972 et
1179 1936 1503 1973 sacramentum
1537 1943 1676 1973 unum

210 2002 417 2067 idemque
446 2020 598 2049 revera
631 2012 761 2058 sunt,
794 2001 854 2049 ita
886 2012 935 2048 ut
967 2019 1084 2048 unus
1119 2001 1218 2048 sine
1251 2001 1388 2050 altero
1422 2001 1578 2049 haberi
1603 2019 1676 2049 ne-

208 2083 373 2143 queat,
413 2094 465 2125 ac
499 2078 536 2126 si
573 2077 756 2125 alterum
792 2077 909 2125 desit
948 2077 1133 2125 alterum
1168 2076 1327 2125 abesse
1373 2094 1556 2126 necesse
1596 2078 1670 2126 sit.

209 2154 324 2201 Hinc
368 2164 555 2218 negatur
597 2153 862 2219 hypothesis
911 2153 1154 2200 adversarii
1187 2152 1232 2199 in
1268 2170 1357 2218 qua
1393 2154 1490 2219 ipse
1545 2170 1676 2201 assu-

208 2230 287 2277 mit
310 2248 443 2295 posse
466 2230 513 2277 in
541 2229 758 2293 coniugiis
791 2229 1049 2277 christianis
1084 2239 1357 2277 contractum
1392 2229 1673 2293 coniugalem

207 2306 393 2354 existere
411 2307 509 2354 sine
527 2317 826 2363 sacramento;
849 2316 892 2353 et
909 2306 1055 2353 denuo
1074 2305 1379 2354 concludimus
1398 2315 1673 2353 contractum

208 2399 327 2429 mere
360 2382 534 2430 civilem
569 2400 655 2430 non
682 2399 783 2429 esse
808 2391 1078 2429 contractum
1103 2380 1414 2429 connubialem
1431 2419 1441 2437 ,
1470 2380 1550 2429 sed
1574 2397 1675 2428 con-

206 2459 456 2506 ventionem
490 2458 546 2506 ad
579 2458 918 2506 concubinatum
955 2458 1216 2505 ineundum.

301 2535 473 2582 Exinde
516 2545 635 2600 patet
670 2534 831 2582 falsum
867 2552 966 2583 esse
1007 2534 1286 2582 corollarium
1310 2573 1320 2591 ,
1359 2533 1480 2598 quod
1525 2544 1671 2580 orator

209 2609 386 2658 deducit
419 2628 471 2658 ex
504 2611 629 2659 falsis
664 2611 925 2676 principiis,
965 2610 1010 2656 id
1046 2622 1138 2668 est,
1178 2627 1323 2675 neque
1346 2619 1572 2674 oportere,
1596 2626 1674 2656 ne-

205 2702 293 2750 que
332 2686 486 2734 decere
520 2698 569 2735 ut
601 2687 671 2734 lex
704 2687 850 2735 civilis
894 2697 1040 2735 actum
1086 2686 1342 2750 religiosum
1375 2684 1421 2731 in
1459 2685 1667 2749 coniugio

207 2763 479 2826 praescribat
511 2765 590 2811 sub
618 2782 756 2828 poena
791 2765 1033 2819 nullitatis;
1071 2781 1171 2810 nam
1216 2763 1394 2810 omnino
1429 2762 1586 2818 decet,
1624 2772 1672 2809 ut
