<?xml version="1.0" encoding="UTF-8"?>
<!DOCTYPE html PUBLIC "-//W3C//DTD XHTML 1.0 Transitional//EN"
    "http://www.w3.org/TR/xhtml1/DTD/xhtml1-transitional.dtd">
<html xmlns="http://www.w3.org/1999/xhtml" xml:lang="en" lang="en">
 <head>
  <title>
</title>
<meta http-equiv="Content-Type" content="text/html;charset=utf-8" />
  <meta name='ocr-system' content='tesseract 3.04.00' />
  <meta name='ocr-capabilities' content='ocr_page ocr_carea ocr_par ocr_line ocrx_word'/>
</head>
<body>
  <div class='ocr_page' id='page_1' title='image "a603380701perruoft_0431.png"; bbox 0 0 1912 3180; ppageno 0'>
   <div class='ocr_carea' id='block_1_1' title="bbox 256 205 1610 255">
    <p class='ocr_par' dir='ltr' id='par_1_1' title="bbox 256 205 1610 255">
     <span class='ocr_line' id='line_1_1' title="bbox 256 205 1610 255; baseline -0.002 0"><span class='ocrx_word' id='word_1_1' title='bbox 256 222 347 255; x_wconf 73' lang='lat' dir='ltr'>CAP.</span> <span class='ocrx_word' id='word_1_2' title='bbox 370 223 429 255; x_wconf 89' lang='lat' dir='ltr'><strong>1v.</strong></span> <span class='ocrx_word' id='word_1_3' title='bbox 454 221 506 254; x_wconf 68' lang='lat' dir='ltr'><strong>ms:</strong></span> <span class='ocrx_word' id='word_1_4' title='bbox 523 221 679 254; x_wconf 72' lang='lat' dir='ltr'><strong>ARGUM.</strong></span> <span class='ocrx_word' id='word_1_5' title='bbox 699 221 775 254; x_wconf 80' lang='lat' dir='ltr'><strong>PRO</strong></span> <span class='ocrx_word' id='word_1_6' title='bbox 793 220 898 254; x_wconf 74' lang='lat' dir='ltr'>LEGE</span> <span class='ocrx_word' id='word_1_7' title='bbox 915 221 968 253; x_wconf 73' lang='grc' dir='ltr'><strong>ΒΕ</strong></span> <span class='ocrx_word' id='word_1_8' title='bbox 986 221 1112 254; x_wconf 72' lang='lat' dir='ltr'>MATR.</span> <span class='ocrx_word' id='word_1_9' title='bbox 1130 221 1215 254; x_wconf 77' lang='lat' dir='ltr'><strong>civ.</strong></span> <span class='ocrx_word' id='word_1_10' title='bbox 1240 222 1333 255; x_wconf 71' lang='grc' dir='ltr'><strong>ΔΜ.</strong></span> <span class='ocrx_word' id='word_1_11' title='bbox 1349 221 1413 255; x_wconf 84' lang='lat'>111.</span> <span class='ocrx_word' id='word_1_12' title='bbox 1517 205 1610 253; x_wconf 67' lang='grc'><strong>409</strong></span> 
     </span>
    </p>
   </div>
   <div class='ocr_carea' id='block_1_2' title="bbox 137 299 1626 2420">
    <p class='ocr_par' dir='ltr' id='par_1_2' title="bbox 137 299 1615 898">
     <span class='ocr_line' id='line_1_2' title="bbox 233 299 1611 365; baseline 0 -17"><span class='ocrx_word' id='word_1_13' title='bbox 233 300 361 357; x_wconf 83' lang='lat' dir='ltr'><strong>Quod</strong></span> <span class='ocrx_word' id='word_1_14' title='bbox 398 302 436 348; x_wconf 88' lang='lat' dir='ltr'><strong>si</strong></span> <span class='ocrx_word' id='word_1_15' title='bbox 471 300 705 348; x_wconf 90' lang='lat' dir='ltr'><strong>concilium</strong></span> <span class='ocrx_word' id='word_1_16' title='bbox 752 300 1039 347; x_wconf 88' lang='lat' dir='ltr'><strong>tridentinum</strong></span> <span class='ocrx_word' id='word_1_17' title='bbox 1074 317 1152 365; x_wconf 87' lang='lat' dir='ltr'><strong>per</strong></span> <span class='ocrx_word' id='word_1_18' title='bbox 1182 299 1364 348; x_wconf 91' lang='lat' dir='ltr'><strong>modum</strong></span> <span class='ocrx_word' id='word_1_19' title='bbox 1398 299 1611 348; x_wconf 75' lang='lat' dir='ltr'><strong>reforma-</strong></span> 
     </span>
     <span class='ocr_line' id='line_1_3' title="bbox 137 375 1611 442; baseline -0.001 -16"><span class='ocrx_word' id='word_1_20' title='bbox 137 378 292 435; x_wconf 89' lang='lat' dir='ltr'><strong>tionis,</strong></span> <span class='ocrx_word' id='word_1_21' title='bbox 322 394 408 426; x_wconf 90' lang='lat' dir='ltr'><strong>non</strong></span> <span class='ocrx_word' id='word_1_22' title='bbox 427 395 506 442; x_wconf 91' lang='lat' dir='ltr'><strong>per</strong></span> <span class='ocrx_word' id='word_1_23' title='bbox 522 377 817 440; x_wconf 78' lang='lat' dir='ltr'><strong>dogmaticam</strong></span> <span class='ocrx_word' id='word_1_24' title='bbox 846 375 1149 425; x_wconf 86' lang='lat' dir='ltr'><strong>definitionem</strong></span> <span class='ocrx_word' id='word_1_25' title='bbox 1179 376 1393 434; x_wconf 85' lang='lat' dir='ltr'><strong>sancivit,</strong></span> <span class='ocrx_word' id='word_1_26' title='bbox 1413 386 1464 424; x_wconf 86' lang='lat' dir='ltr'><strong>ut</strong></span> <span class='ocrx_word' id='word_1_27' title='bbox 1486 376 1611 424; x_wconf 90' lang='lat' dir='ltr'><strong>dein-</strong></span> 
     </span>
     <span class='ocr_line' id='line_1_4' title="bbox 138 452 1613 518; baseline -0.001 -17"><span class='ocrx_word' id='word_1_28' title='bbox 138 471 243 518; x_wconf 85' lang='lat' dir='ltr'><strong>ceps</strong></span> <span class='ocrx_word' id='word_1_29' title='bbox 278 453 364 500; x_wconf 92' lang='lat' dir='ltr'><strong>sub</strong></span> <span class='ocrx_word' id='word_1_30' title='bbox 398 453 614 501; x_wconf 87' lang='lat' dir='ltr'><strong>nullitatis</strong></span> <span class='ocrx_word' id='word_1_31' title='bbox 649 469 819 517; x_wconf 90' lang='lat' dir='ltr'><strong>poena,</strong></span> <span class='ocrx_word' id='word_1_32' title='bbox 847 452 894 498; x_wconf 90' lang='lat' dir='ltr'><strong>in</strong></span> <span class='ocrx_word' id='word_1_33' title='bbox 918 452 1030 500; x_wconf 84' lang='lat' dir='ltr'><strong>facie</strong></span> <span class='ocrx_word' id='word_1_34' title='bbox 1062 453 1278 501; x_wconf 82' lang='lat' dir='ltr'><strong>ecclesiae</strong></span> <span class='ocrx_word' id='word_1_35' title='bbox 1312 452 1520 517; x_wconf 84' lang='lat' dir='ltr'><strong>coniugia</strong></span> <span class='ocrx_word' id='word_1_36' title='bbox 1542 469 1613 500; x_wconf 84' lang='lat' dir='ltr'><strong>ce-</strong></span> 
     </span>
     <span class='ocr_line' id='line_1_5' title="bbox 138 527 1615 594; baseline 0.001 -19"><span class='ocrx_word' id='word_1_37' title='bbox 138 528 440 585; x_wconf 86' lang='lat' dir='ltr'><strong>lebrarentur,</strong></span> <span class='ocrx_word' id='word_1_38' title='bbox 480 528 593 576; x_wconf 91' lang='lat' dir='ltr'><strong>ratio</strong></span> <span class='ocrx_word' id='word_1_39' title='bbox 626 539 720 585; x_wconf 88' lang='lat' dir='ltr'><strong>est,</strong></span> <span class='ocrx_word' id='word_1_40' title='bbox 755 527 864 593; x_wconf 89' lang='lat' dir='ltr'><strong>quia</strong></span> <span class='ocrx_word' id='word_1_41' title='bbox 892 527 1117 576; x_wconf 89' lang='lat' dir='ltr'><strong>substrata</strong></span> <span class='ocrx_word' id='word_1_42' title='bbox 1150 528 1360 586; x_wconf 88' lang='lat' dir='ltr'><strong>materia,</strong></span> <span class='ocrx_word' id='word_1_43' title='bbox 1398 545 1516 594; x_wconf 87' lang='lat' dir='ltr'><strong>quae</strong></span> <span class='ocrx_word' id='word_1_44' title='bbox 1547 527 1615 576; x_wconf 87' lang='lat' dir='ltr'><strong>di-</strong></span> 
     </span>
     <span class='ocr_line' id='line_1_6' title="bbox 139 603 1607 670; baseline -0.001 -18"><span class='ocrx_word' id='word_1_45' title='bbox 139 603 393 668; x_wconf 88' lang='lat' dir='ltr'><strong>sciplinaris</strong></span> <span class='ocrx_word' id='word_1_46' title='bbox 426 614 520 661; x_wconf 87' lang='lat' dir='ltr'><strong>est,</strong></span> <span class='ocrx_word' id='word_1_47' title='bbox 559 603 855 668; x_wconf 83' lang='lat' dir='ltr'>dogmaticam</span> <span class='ocrx_word' id='word_1_48' title='bbox 890 603 1195 652; x_wconf 85' lang='lat' dir='ltr'><strong>definitionem</strong></span> <span class='ocrx_word' id='word_1_49' title='bbox 1223 622 1312 653; x_wconf 91' lang='lat' dir='ltr'><strong>non</strong></span> <span class='ocrx_word' id='word_1_50' title='bbox 1340 605 1607 670; x_wconf 78' lang='lat' dir='ltr'><strong>patiebatur.</strong></span> 
     </span>
     <span class='ocr_line' id='line_1_7' title="bbox 137 679 1615 746; baseline 0.001 -19"><span class='ocrx_word' id='word_1_51' title='bbox 137 679 341 729; x_wconf 79' lang='lat' dir='ltr'><strong>Attamen</strong></span> <span class='ocrx_word' id='word_1_52' title='bbox 376 680 644 746; x_wconf 91' lang='lat' dir='ltr'><strong>principium</strong></span> <span class='ocrx_word' id='word_1_53' title='bbox 674 680 745 727; x_wconf 90' lang='lat' dir='ltr'><strong>cui</strong></span> <span class='ocrx_word' id='word_1_54' title='bbox 772 680 997 728; x_wconf 87' lang='lat' dir='ltr'><strong>decretum</strong></span> <span class='ocrx_word' id='word_1_55' title='bbox 1026 680 1314 728; x_wconf 90' lang='lat' dir='ltr'><strong>tridentinum</strong></span> <span class='ocrx_word' id='word_1_56' title='bbox 1343 680 1615 729; x_wconf 82' lang='lat' dir='ltr'><strong>innitebatur</strong></span> 
     </span>
     <span class='ocr_line' id='line_1_8' title="bbox 138 756 1614 823; baseline 0 -17"><span class='ocrx_word' id='word_1_57' title='bbox 138 768 206 806; x_wconf 91' lang='lat' dir='ltr'><strong>est</strong></span> <span class='ocrx_word' id='word_1_58' title='bbox 230 757 531 820; x_wconf 88' lang='lat' dir='ltr'><strong>dogmaticum</strong></span> <span class='ocrx_word' id='word_1_59' title='bbox 550 794 559 814; x_wconf 93' lang='lat'>‚</span> <span class='ocrx_word' id='word_1_60' title='bbox 599 767 795 821; x_wconf 87' lang='lat' dir='ltr'><strong>potestas</strong></span> <span class='ocrx_word' id='word_1_61' title='bbox 819 774 980 822; x_wconf 82' lang='lat' dir='ltr'><strong>nempe</strong></span> <span class='ocrx_word' id='word_1_62' title='bbox 1001 774 1092 823; x_wconf 91' lang='lat' dir='ltr'><strong>qua</strong></span> <span class='ocrx_word' id='word_1_63' title='bbox 1115 756 1252 822; x_wconf 89' lang='lat' dir='ltr'><strong>pollet</strong></span> <span class='ocrx_word' id='word_1_64' title='bbox 1274 757 1464 806; x_wconf 89' lang='lat' dir='ltr'><strong>ecclesia</strong></span> <span class='ocrx_word' id='word_1_65' title='bbox 1489 757 1614 822; x_wconf 78' lang='lat' dir='ltr'><strong>leges</strong></span> 
     </span>
     <span class='ocr_line' id='line_1_9' title="bbox 140 832 730 898; baseline -0.003 -17"><span class='ocrx_word' id='word_1_66' title='bbox 140 833 457 898; x_wconf 88' lang='lat' dir='ltr'><strong>disciplinares</strong></span> <span class='ocrx_word' id='word_1_67' title='bbox 492 832 730 880; x_wconf 87' lang='lat' dir='ltr'><strong>condendi.</strong></span> 
     </span>
    </p>

    <p class='ocr_par' dir='ltr' id='par_1_3' title="bbox 140 908 1626 2114">
     <span class='ocr_line' id='line_1_10' title="bbox 236 908 1605 967; baseline -0.001 -10"><span class='ocrx_word' id='word_1_68' title='bbox 236 909 364 966; x_wconf 88' lang='lat' dir='ltr'><strong>Quod</strong></span> <span class='ocrx_word' id='word_1_69' title='bbox 392 909 546 957; x_wconf 84' lang='lat' dir='ltr'><strong>attinet</strong></span> <span class='ocrx_word' id='word_1_70' title='bbox 572 908 628 956; x_wconf 91' lang='lat' dir='ltr'><strong>ad</strong></span> <span class='ocrx_word' id='word_1_71' title='bbox 653 909 886 957; x_wconf 86' lang='lat' dir='ltr'><strong>historiam</strong></span> <span class='ocrx_word' id='word_1_72' title='bbox 922 909 1271 958; x_wconf 89' lang='lat' dir='ltr'><strong>ecclesiasticam</strong></span> <span class='ocrx_word' id='word_1_73' title='bbox 1300 909 1605 967; x_wconf 69' lang='lat' dir='ltr'><strong>recentiorem,</strong></span> 
     </span>
     <span class='ocr_line' id='line_1_11' title="bbox 141 985 1617 1034; baseline -0.001 0"><span class='ocrx_word' id='word_1_74' title='bbox 141 986 308 1034; x_wconf 84' lang='lat' dir='ltr'><strong>falsum</strong></span> <span class='ocrx_word' id='word_1_75' title='bbox 341 996 410 1034; x_wconf 89' lang='lat' dir='ltr'><strong>est</strong></span> <span class='ocrx_word' id='word_1_76' title='bbox 443 1001 671 1033; x_wconf 90' lang='lat' dir='ltr'><strong>romanam</strong></span> <span class='ocrx_word' id='word_1_77' title='bbox 707 985 859 1033; x_wconf 91' lang='lat' dir='ltr'><strong>sedem</strong></span> <span class='ocrx_word' id='word_1_78' title='bbox 893 985 1041 1034; x_wconf 91' lang='lat' dir='ltr'><strong>nullas</strong></span> <span class='ocrx_word' id='word_1_79' title='bbox 1076 986 1237 1034; x_wconf 85' lang='lat' dir='ltr'><strong>secisse</strong></span> <span class='ocrx_word' id='word_1_80' title='bbox 1270 986 1327 1034; x_wconf 92' lang='lat' dir='ltr'><strong>de</strong></span> <span class='ocrx_word' id='word_1_81' title='bbox 1359 985 1482 1034; x_wconf 86' lang='lat' dir='ltr'><strong>civili</strong></span> <span class='ocrx_word' id='word_1_82' title='bbox 1519 1000 1617 1033; x_wconf 87' lang='lat' dir='ltr'><strong>ma·</strong></span> 
     </span>
     <span class='ocr_line' id='line_1_12' title="bbox 140 1060 1617 1127; baseline -0.003 -16"><span class='ocrx_word' id='word_1_83' title='bbox 140 1061 350 1111; x_wconf 84' lang='lat' dir='ltr'><strong>trimonio</strong></span> <span class='ocrx_word' id='word_1_84' title='bbox 378 1060 779 1127; x_wconf 85' lang='lat' dir='ltr'><strong>expostulationes,</strong></span> <span class='ocrx_word' id='word_1_85' title='bbox 808 1071 939 1127; x_wconf 90' lang='lat' dir='ltr'><strong>prout</strong></span> <span class='ocrx_word' id='word_1_86' title='bbox 961 1069 1210 1126; x_wconf 86' lang='lat' dir='ltr'><strong>temporum</strong></span> <span class='ocrx_word' id='word_1_87' title='bbox 1244 1061 1421 1110; x_wconf 91' lang='lat' dir='ltr'><strong>illorum</strong></span> <span class='ocrx_word' id='word_1_88' title='bbox 1447 1060 1617 1127; x_wconf 89' lang='lat' dir='ltr'><strong>iniqui-</strong></span> 
     </span>
     <span class='ocr_line' id='line_1_13' title="bbox 142 1137 1624 1203; baseline 0 -17"><span class='ocrx_word' id='word_1_89' title='bbox 142 1149 211 1186; x_wconf 87' lang='lat' dir='ltr'><strong>tas</strong></span> <span class='ocrx_word' id='word_1_90' title='bbox 244 1137 429 1185; x_wconf 85' lang='lat' dir='ltr'><strong>ferebat.</strong></span> <span class='ocrx_word' id='word_1_91' title='bbox 462 1138 638 1185; x_wconf 88' lang='lat' dir='ltr'><strong>Etenim</strong></span> <span class='ocrx_word' id='word_1_92' title='bbox 675 1138 921 1186; x_wconf 85' lang='lat' dir='ltr'><strong>universim</strong></span> <span class='ocrx_word' id='word_1_93' title='bbox 954 1138 1238 1186; x_wconf 89' lang='lat' dir='ltr'><strong>matrimonia</strong></span> <span class='ocrx_word' id='word_1_94' title='bbox 1269 1138 1421 1186; x_wconf 81' lang='lat' dir='ltr'><strong>civilia</strong></span> <span class='ocrx_word' id='word_1_95' title='bbox 1453 1137 1624 1203; x_wconf 77' lang='lat' dir='ltr'><strong>impro-</strong></span> 
     </span>
     <span class='ocr_line' id='line_1_14' title="bbox 141 1214 1619 1280; baseline 0 -19"><span class='ocrx_word' id='word_1_96' title='bbox 141 1214 288 1272; x_wconf 86' lang='lat' dir='ltr'><strong>bavit,</strong></span> <span class='ocrx_word' id='word_1_97' title='bbox 329 1232 467 1280; x_wconf 91' lang='lat' dir='ltr'><strong>quum</strong></span> <span class='ocrx_word' id='word_1_98' title='bbox 511 1214 755 1278; x_wconf 80' lang='lat' dir='ltr'><strong>generatim</strong></span> <span class='ocrx_word' id='word_1_99' title='bbox 791 1214 848 1261; x_wconf 92' lang='lat' dir='ltr'><strong>de</strong></span> <span class='ocrx_word' id='word_1_100' title='bbox 882 1214 1082 1262; x_wconf 88' lang='lat' dir='ltr'><strong>articulis</strong></span> <span class='ocrx_word' id='word_1_101' title='bbox 1116 1214 1340 1277; x_wconf 82' lang='lat' dir='ltr'><strong>organicis</strong></span> <span class='ocrx_word' id='word_1_102' title='bbox 1375 1222 1619 1279; x_wconf 87' lang='lat' dir='ltr'><strong>conquesta</strong></span> 
     </span>
     <span class='ocr_line' id='line_1_15' title="bbox 142 1288 1621 1356; baseline -0.001 -18"><span class='ocrx_word' id='word_1_103' title='bbox 142 1302 237 1347; x_wconf 88' lang='lat' dir='ltr'><strong>est;</strong></span> <span class='ocrx_word' id='word_1_104' title='bbox 277 1290 357 1338; x_wconf 88' lang='lat' dir='ltr'><strong>sed</strong></span> <span class='ocrx_word' id='word_1_105' title='bbox 393 1291 678 1355; x_wconf 88' lang='lat' dir='ltr'><strong>potissimum</strong></span> <span class='ocrx_word' id='word_1_106' title='bbox 710 1291 826 1355; x_wconf 79' lang='lat' dir='ltr'><strong>facto</strong></span> <span class='ocrx_word' id='word_1_107' title='bbox 855 1307 908 1338; x_wconf 92' lang='lat' dir='ltr'><strong>ac</strong></span> <span class='ocrx_word' id='word_1_108' title='bbox 931 1291 1056 1356; x_wconf 84' lang='lat' dir='ltr'><strong>praxi</strong></span> <span class='ocrx_word' id='word_1_109' title='bbox 1087 1290 1282 1339; x_wconf 90' lang='lat' dir='ltr'><strong>ostendit</strong></span> <span class='ocrx_word' id='word_1_110' title='bbox 1312 1289 1423 1355; x_wconf 88' lang='lat' dir='ltr'><strong>quid</strong></span> <span class='ocrx_word' id='word_1_111' title='bbox 1451 1289 1508 1337; x_wconf 92' lang='lat' dir='ltr'><strong>de</strong></span> <span class='ocrx_word' id='word_1_112' title='bbox 1534 1288 1621 1336; x_wconf 90' lang='lat' dir='ltr'><strong>hu-</strong></span> 
     </span>
     <span class='ocr_line' id='line_1_16' title="bbox 145 1363 1617 1415; baseline -0.002 -1"><span class='ocrx_word' id='word_1_113' title='bbox 145 1366 340 1414; x_wconf 90' lang='lat' dir='ltr'><strong>iusmodi</strong></span> <span class='ocrx_word' id='word_1_114' title='bbox 385 1366 683 1415; x_wconf 86' lang='lat' dir='ltr'><strong>matrimoniis</strong></span> <span class='ocrx_word' id='word_1_115' title='bbox 732 1367 930 1414; x_wconf 81' lang='lat' dir='ltr'><strong>sentiret.</strong></span> <span class='ocrx_word' id='word_1_116' title='bbox 983 1366 1212 1415; x_wconf 87' lang='lat' dir='ltr'><strong>Proserant</strong></span> <span class='ocrx_word' id='word_1_117' title='bbox 1256 1365 1502 1414; x_wconf 82' lang='lat' dir='ltr'><strong>adversarii</strong></span> <span class='ocrx_word' id='word_1_118' title='bbox 1545 1363 1617 1414; x_wconf 83' lang='lat' dir='ltr'><strong>vel</strong></span> 
     </span>
     <span class='ocr_line' id='line_1_17' title="bbox 144 1440 1620 1505; baseline -0.001 -14"><span class='ocrx_word' id='word_1_119' title='bbox 144 1460 284 1491; x_wconf 91' lang='lat' dir='ltr'><strong>unum</strong></span> <span class='ocrx_word' id='word_1_120' title='bbox 319 1443 653 1491; x_wconf 87' lang='lat' dir='ltr'><strong>matrimonium</strong></span> <span class='ocrx_word' id='word_1_121' title='bbox 688 1460 808 1490; x_wconf 92' lang='lat' dir='ltr'><strong>mere</strong></span> <span class='ocrx_word' id='word_1_122' title='bbox 847 1442 977 1491; x_wconf 86' lang='lat' dir='ltr'><strong>civile</strong></span> <span class='ocrx_word' id='word_1_123' title='bbox 1010 1443 1056 1489; x_wconf 91' lang='lat' dir='ltr'><strong>in</strong></span> <span class='ocrx_word' id='word_1_124' title='bbox 1091 1442 1248 1491; x_wconf 89' lang='lat' dir='ltr'><strong>Galliis</strong></span> <span class='ocrx_word' id='word_1_125' title='bbox 1285 1441 1356 1490; x_wconf 83' lang='lat' dir='ltr'><strong>vel</strong></span> <span class='ocrx_word' id='word_1_126' title='bbox 1389 1442 1436 1488; x_wconf 92' lang='lat' dir='ltr'><strong>in</strong></span> <span class='ocrx_word' id='word_1_127' title='bbox 1468 1440 1620 1505; x_wconf 90' lang='lat' dir='ltr'><strong>Belgio</strong></span> 
     </span>
     <span class='ocr_line' id='line_1_18' title="bbox 144 1516 1620 1583; baseline -0.002 -16"><span class='ocrx_word' id='word_1_128' title='bbox 144 1518 413 1568; x_wconf 86' lang='lat' dir='ltr'><strong>celebratum</strong></span> <span class='ocrx_word' id='word_1_129' title='bbox 432 1557 442 1576; x_wconf 93' lang='lat'>,</span> <span class='ocrx_word' id='word_1_130' title='bbox 480 1518 602 1583; x_wconf 91' lang='lat' dir='ltr'><strong>quod</strong></span> <span class='ocrx_word' id='word_1_131' title='bbox 644 1535 827 1566; x_wconf 89' lang='lat' dir='ltr'><strong>romana</strong></span> <span class='ocrx_word' id='word_1_132' title='bbox 859 1518 990 1566; x_wconf 86' lang='lat' dir='ltr'><strong>sedes</strong></span> <span class='ocrx_word' id='word_1_133' title='bbox 1030 1530 1080 1566; x_wconf 91' lang='lat' dir='ltr'><strong>ut</strong></span> <span class='ocrx_word' id='word_1_134' title='bbox 1112 1528 1256 1566; x_wconf 89' lang='lat' dir='ltr'><strong>ratum</strong></span> <span class='ocrx_word' id='word_1_135' title='bbox 1290 1535 1342 1566; x_wconf 91' lang='lat' dir='ltr'><strong>ac</strong></span> <span class='ocrx_word' id='word_1_136' title='bbox 1373 1516 1620 1582; x_wconf 87' lang='lat' dir='ltr'><strong>legitimum</strong></span> 
     </span>
     <span class='ocr_line' id='line_1_19' title="bbox 147 1593 1614 1659; baseline -0.001 -17"><span class='ocrx_word' id='word_1_137' title='bbox 147 1595 467 1659; x_wconf 86' lang='lat' dir='ltr'><strong>recognoverit.</strong></span> <span class='ocrx_word' id='word_1_138' title='bbox 502 1595 593 1643; x_wconf 90' lang='lat' dir='ltr'><strong>Nos</strong></span> <span class='ocrx_word' id='word_1_139' title='bbox 625 1611 730 1642; x_wconf 84' lang='lat' dir='ltr'><strong>vero</strong></span> <span class='ocrx_word' id='word_1_140' title='bbox 764 1594 924 1643; x_wconf 91' lang='lat' dir='ltr'><strong>idoneo</strong></span> <span class='ocrx_word' id='word_1_141' title='bbox 956 1594 1054 1642; x_wconf 90' lang='lat' dir='ltr'><strong>loco</strong></span> <span class='ocrx_word' id='word_1_142' title='bbox 1088 1594 1354 1643; x_wconf 87' lang='lat' dir='ltr'><strong>documenta</strong></span> <span class='ocrx_word' id='word_1_143' title='bbox 1375 1593 1585 1642; x_wconf 85' lang='lat' dir='ltr'><strong>dabimus</strong></span> <span class='ocrx_word' id='word_1_144' title='bbox 1602 1630 1614 1650; x_wconf 90' lang='lat'>,</span> 
     </span>
     <span class='ocr_line' id='line_1_20' title="bbox 146 1667 1617 1737; baseline -0.003 -19"><span class='ocrx_word' id='word_1_145' title='bbox 146 1670 313 1737; x_wconf 89' lang='lat' dir='ltr'><strong>quibus</strong></span> <span class='ocrx_word' id='word_1_146' title='bbox 338 1670 529 1735; x_wconf 80' lang='lat' dir='ltr'><strong>positive</strong></span> <span class='ocrx_word' id='word_1_147' title='bbox 552 1670 724 1718; x_wconf 84' lang='lat' dir='ltr'><strong>romani</strong></span> <span class='ocrx_word' id='word_1_148' title='bbox 751 1670 986 1735; x_wconf 88' lang='lat' dir='ltr'><strong>pontifices</strong></span> <span class='ocrx_word' id='word_1_149' title='bbox 1016 1670 1165 1718; x_wconf 89' lang='lat' dir='ltr'><strong>omnia</strong></span> <span class='ocrx_word' id='word_1_150' title='bbox 1194 1687 1378 1735; x_wconf 88' lang='lat' dir='ltr'><strong>prorsus</strong></span> <span class='ocrx_word' id='word_1_151' title='bbox 1396 1667 1617 1717; x_wconf 87' lang='lat' dir='ltr'><strong>eiusmodi</strong></span> 
     </span>
     <span class='ocr_line' id='line_1_21' title="bbox 146 1745 1623 1812; baseline -0.002 -17"><span class='ocrx_word' id='word_1_152' title='bbox 146 1747 357 1810; x_wconf 88' lang='lat' dir='ltr'><strong>coniugia</strong></span> <span class='ocrx_word' id='word_1_153' title='bbox 392 1745 516 1793; x_wconf 91' lang='lat' dir='ltr'><strong>nulla</strong></span> <span class='ocrx_word' id='word_1_154' title='bbox 549 1763 602 1794; x_wconf 91' lang='lat' dir='ltr'><strong>ac</strong></span> <span class='ocrx_word' id='word_1_155' title='bbox 630 1746 756 1793; x_wconf 87' lang='lat' dir='ltr'><strong>irrita</strong></span> <span class='ocrx_word' id='word_1_156' title='bbox 788 1746 1088 1794; x_wconf 89' lang='lat' dir='ltr'><strong>declararunt.</strong></span> <span class='ocrx_word' id='word_1_157' title='bbox 1117 1747 1233 1794; x_wconf 88' lang='lat' dir='ltr'><strong>Sane</strong></span> <span class='ocrx_word' id='word_1_158' title='bbox 1255 1745 1406 1812; x_wconf 92' lang='lat' dir='ltr'><strong>paullo</strong></span> <span class='ocrx_word' id='word_1_159' title='bbox 1430 1755 1534 1793; x_wconf 87' lang='lat' dir='ltr'><strong>ante</strong></span> <span class='ocrx_word' id='word_1_160' title='bbox 1556 1754 1623 1792; x_wconf 80' lang='lat' dir='ltr'><strong>at-</strong></span> 
     </span>
     <span class='ocr_line' id='line_1_22' title="bbox 147 1820 1622 1887; baseline -0.002 -17"><span class='ocrx_word' id='word_1_161' title='bbox 147 1822 332 1870; x_wconf 89' lang='lat' dir='ltr'><strong>tulimus</strong></span> <span class='ocrx_word' id='word_1_162' title='bbox 362 1821 648 1869; x_wconf 88' lang='lat' dir='ltr'><strong>ineluctabile</strong></span> <span class='ocrx_word' id='word_1_163' title='bbox 681 1822 1088 1887; x_wconf 79' lang='lat' dir='ltr'><strong>gravissimumque</strong></span> <span class='ocrx_word' id='word_1_164' title='bbox 1122 1823 1189 1869; x_wconf 91' lang='lat' dir='ltr'><strong>Pii</strong></span> <span class='ocrx_word' id='word_1_165' title='bbox 1218 1822 1292 1868; x_wconf 86' lang='lat' dir='ltr'><strong>lx.</strong></span> <span class='ocrx_word' id='word_1_166' title='bbox 1315 1820 1622 1869; x_wconf 89' lang='lat' dir='ltr'><strong>testimonium</strong></span> 
     </span>
     <span class='ocr_line' id='line_1_23' title="bbox 146 1896 1623 1946; baseline -0.001 -2"><span class='ocrx_word' id='word_1_167' title='bbox 146 1898 204 1945; x_wconf 91' lang='lat' dir='ltr'><strong>de</strong></span> <span class='ocrx_word' id='word_1_168' title='bbox 236 1898 490 1946; x_wconf 86' lang='lat' dir='ltr'><strong>extantibus</strong></span> <span class='ocrx_word' id='word_1_169' title='bbox 531 1898 577 1944; x_wconf 92' lang='lat' dir='ltr'><strong>in</strong></span> <span class='ocrx_word' id='word_1_170' title='bbox 612 1897 849 1946; x_wconf 86' lang='lat' dir='ltr'><strong>Tabulario</strong></span> <span class='ocrx_word' id='word_1_171' title='bbox 883 1915 1065 1946; x_wconf 91' lang='lat' dir='ltr'><strong>romano</strong></span> <span class='ocrx_word' id='word_1_172' title='bbox 1098 1897 1251 1946; x_wconf 88' lang='lat' dir='ltr'><strong>multis</strong></span> <span class='ocrx_word' id='word_1_173' title='bbox 1294 1896 1623 1945; x_wconf 85' lang='lat' dir='ltr'><strong>reclamationis</strong></span> 
     </span>
     <span class='ocr_line' id='line_1_24' title="bbox 148 1973 1626 2039; baseline -0.001 -18"><span class='ocrx_word' id='word_1_174' title='bbox 148 1973 364 2039; x_wconf 86' lang='lat' dir='ltr'><strong>exemplis</strong></span> <span class='ocrx_word' id='word_1_175' title='bbox 401 1974 619 2022; x_wconf 86' lang='lat' dir='ltr'><strong>adversus</strong></span> <span class='ocrx_word' id='word_1_176' title='bbox 659 1973 780 2037; x_wconf 88' lang='lat' dir='ltr'><strong>leges</strong></span> <span class='ocrx_word' id='word_1_177' title='bbox 815 1973 871 2021; x_wconf 93' lang='lat' dir='ltr'><strong>de</strong></span> <span class='ocrx_word' id='word_1_178' title='bbox 904 1974 1187 2022; x_wconf 90' lang='lat' dir='ltr'><strong>matrimonio</strong></span> <span class='ocrx_word' id='word_1_179' title='bbox 1220 1973 1374 2031; x_wconf 83' lang='lat' dir='ltr'><strong>civili,</strong></span> <span class='ocrx_word' id='word_1_180' title='bbox 1417 1973 1536 2031; x_wconf 85' lang='lat' dir='ltr'><strong>etsi,</strong></span> <span class='ocrx_word' id='word_1_181' title='bbox 1572 1982 1626 2020; x_wconf 86' lang='lat' dir='ltr'><strong>ut</strong></span> 
     </span>
     <span class='ocr_line' id='line_1_25' title="bbox 147 2049 1616 2114; baseline -0.002 -16"><span class='ocrx_word' id='word_1_182' title='bbox 147 2050 345 2108; x_wconf 86' lang='lat' dir='ltr'><strong>videtur,</strong></span> <span class='ocrx_word' id='word_1_183' title='bbox 384 2051 430 2098; x_wconf 90' lang='lat' dir='ltr'><strong>in</strong></span> <span class='ocrx_word' id='word_1_184' title='bbox 463 2050 625 2114; x_wconf 86' lang='lat' dir='ltr'><strong>vulgus</strong></span> <span class='ocrx_word' id='word_1_185' title='bbox 659 2050 805 2098; x_wconf 89' lang='lat' dir='ltr'><strong>editae</strong></span> <span class='ocrx_word' id='word_1_186' title='bbox 838 2050 1173 2099; x_wconf 87' lang='lat' dir='ltr'><strong>reclamationes</strong></span> <span class='ocrx_word' id='word_1_187' title='bbox 1197 2049 1301 2098; x_wconf 92' lang='lat' dir='ltr'><strong>illae</strong></span> <span class='ocrx_word' id='word_1_188' title='bbox 1323 2067 1413 2099; x_wconf 91' lang='lat' dir='ltr'><strong>non</strong></span> <span class='ocrx_word' id='word_1_189' title='bbox 1435 2049 1616 2098; x_wconf 83' lang='lat' dir='ltr'><strong>fuerint.</strong></span> 
     </span>
    </p>

    <p class='ocr_par' dir='ltr' id='par_1_4' title="bbox 149 2125 1626 2420">
     <span class='ocr_line' id='line_1_26' title="bbox 247 2125 1623 2192; baseline -0.001 -17"><span class='ocrx_word' id='word_1_190' title='bbox 247 2127 372 2183; x_wconf 89' lang='lat' dir='ltr'><strong>Quod</strong></span> <span class='ocrx_word' id='word_1_191' title='bbox 410 2144 515 2175; x_wconf 83' lang='lat' dir='ltr'><strong>vero</strong></span> <span class='ocrx_word' id='word_1_192' title='bbox 549 2137 720 2192; x_wconf 90' lang='lat' dir='ltr'><strong>spectat</strong></span> <span class='ocrx_word' id='word_1_193' title='bbox 743 2127 799 2174; x_wconf 92' lang='lat' dir='ltr'><strong>ad</strong></span> <span class='ocrx_word' id='word_1_194' title='bbox 826 2126 1058 2175; x_wconf 90' lang='lat' dir='ltr'><strong>historiam</strong></span> <span class='ocrx_word' id='word_1_195' title='bbox 1087 2127 1256 2175; x_wconf 87' lang='lat' dir='ltr'><strong>Galliae</strong></span> <span class='ocrx_word' id='word_1_196' title='bbox 1288 2126 1423 2174; x_wconf 88' lang='lat' dir='ltr'><strong>relate</strong></span> <span class='ocrx_word' id='word_1_197' title='bbox 1457 2125 1515 2173; x_wconf 90' lang='lat' dir='ltr'><strong>ad</strong></span> <span class='ocrx_word' id='word_1_198' title='bbox 1549 2142 1623 2173; x_wconf 87' lang='lat' dir='ltr'><strong>ac-</strong></span> 
     </span>
     <span class='ocr_line' id='line_1_27' title="bbox 150 2201 1620 2268; baseline -0.001 -18"><span class='ocrx_word' id='word_1_199' title='bbox 150 2203 447 2267; x_wconf 90' lang='lat' dir='ltr'><strong>ceptationem</strong></span> <span class='ocrx_word' id='word_1_200' title='bbox 494 2202 760 2267; x_wconf 89' lang='lat' dir='ltr'><strong>disciplinae</strong></span> <span class='ocrx_word' id='word_1_201' title='bbox 790 2219 816 2249; x_wconf 90' lang='lat' dir='ltr'><strong>a</strong></span> <span class='ocrx_word' id='word_1_202' title='bbox 850 2202 1106 2250; x_wconf 90' lang='lat' dir='ltr'><strong>tridentinis</strong></span> <span class='ocrx_word' id='word_1_203' title='bbox 1142 2201 1343 2268; x_wconf 88' lang='lat' dir='ltr'><strong>patribus</strong></span> <span class='ocrx_word' id='word_1_204' title='bbox 1379 2201 1587 2249; x_wconf 88' lang='lat' dir='ltr'><strong>inductae</strong></span> <span class='ocrx_word' id='word_1_205' title='bbox 1609 2238 1620 2258; x_wconf 93' lang='lat'>‚</span> 
     </span>
     <span class='ocr_line' id='line_1_28' title="bbox 149 2278 1625 2344; baseline -0.001 -18"><span class='ocrx_word' id='word_1_206' title='bbox 149 2296 284 2344; x_wconf 91' lang='lat' dir='ltr'><strong>quam</strong></span> <span class='ocrx_word' id='word_1_207' title='bbox 318 2279 503 2344; x_wconf 89' lang='lat' dir='ltr'><strong>quidam</strong></span> <span class='ocrx_word' id='word_1_208' title='bbox 531 2296 583 2325; x_wconf 84' lang='lat' dir='ltr'><strong>ex</strong></span> <span class='ocrx_word' id='word_1_209' title='bbox 608 2278 858 2326; x_wconf 89' lang='lat' dir='ltr'><strong>oratoribus</strong></span> <span class='ocrx_word' id='word_1_210' title='bbox 893 2278 1133 2327; x_wconf 85' lang='lat' dir='ltr'><strong>affirmavit</strong></span> <span class='ocrx_word' id='word_1_211' title='bbox 1161 2278 1349 2326; x_wconf 90' lang='lat' dir='ltr'><strong>Galliam</strong></span> <span class='ocrx_word' id='word_1_212' title='bbox 1381 2293 1625 2343; x_wconf 90' lang='lat' dir='ltr'><strong>numquam</strong></span> 
     </span>
     <span class='ocr_line' id='line_1_29' title="bbox 150 2353 1626 2420; baseline 0 -18"><span class='ocrx_word' id='word_1_213' title='bbox 150 2354 417 2411; x_wconf 88' lang='lat' dir='ltr'><strong>admisisse,</strong></span> <span class='ocrx_word' id='word_1_214' title='bbox 444 2372 596 2402; x_wconf 87' lang='lat' dir='ltr'><strong>verum</strong></span> <span class='ocrx_word' id='word_1_215' title='bbox 622 2370 710 2402; x_wconf 93' lang='lat' dir='ltr'><strong>non</strong></span> <span class='ocrx_word' id='word_1_216' title='bbox 736 2365 828 2411; x_wconf 89' lang='lat' dir='ltr'><strong>est;</strong></span> <span class='ocrx_word' id='word_1_217' title='bbox 858 2354 1072 2420; x_wconf 89' lang='lat' dir='ltr'><strong>pleraque</strong></span> <span class='ocrx_word' id='word_1_218' title='bbox 1106 2355 1224 2403; x_wconf 92' lang='lat' dir='ltr'><strong>enim</strong></span> <span class='ocrx_word' id='word_1_219' title='bbox 1258 2353 1529 2419; x_wconf 89' lang='lat' dir='ltr'><strong>disciplinae</strong></span> <span class='ocrx_word' id='word_1_220' title='bbox 1552 2370 1626 2402; x_wconf 85' lang='lat' dir='ltr'><strong>ca-</strong></span> 
     </span>
    </p>
   </div>
   <div class='ocr_carea' id='block_1_3' title="bbox 150 2429 1626 2571">
    <p class='ocr_par' dir='ltr' id='par_1_5' title="bbox 150 2429 1626 2571">
     <span class='ocr_line' id='line_1_30' title="bbox 150 2429 1626 2497; baseline 0 -20"><span class='ocrx_word' id='word_1_221' title='bbox 150 2432 244 2496; x_wconf 90' lang='lat' dir='ltr'><strong>pita</strong></span> <span class='ocrx_word' id='word_1_222' title='bbox 273 2449 300 2478; x_wconf 93' lang='lat' dir='ltr'><strong>a</strong></span> <span class='ocrx_word' id='word_1_223' title='bbox 334 2431 523 2479; x_wconf 88' lang='lat' dir='ltr'><strong>concilio</strong></span> <span class='ocrx_word' id='word_1_224' title='bbox 555 2430 795 2479; x_wconf 88' lang='lat' dir='ltr'><strong>constituta</strong></span> <span class='ocrx_word' id='word_1_225' title='bbox 830 2431 877 2477; x_wconf 92' lang='lat' dir='ltr'><strong>in</strong></span> <span class='ocrx_word' id='word_1_226' title='bbox 911 2431 1070 2479; x_wconf 87' lang='lat' dir='ltr'><strong>Galliis</strong></span> <span class='ocrx_word' id='word_1_227' title='bbox 1105 2442 1280 2497; x_wconf 88' lang='lat' dir='ltr'><strong>recepta</strong></span> <span class='ocrx_word' id='word_1_228' title='bbox 1314 2441 1420 2479; x_wconf 89' lang='lat' dir='ltr'><strong>sunt</strong></span> <span class='ocrx_word' id='word_1_229' title='bbox 1442 2468 1452 2488; x_wconf 97' lang='lat'>,</span> <span class='ocrx_word' id='word_1_230' title='bbox 1480 2446 1534 2478; x_wconf 90' lang='lat' dir='ltr'><strong>ac</strong></span> <span class='ocrx_word' id='word_1_231' title='bbox 1563 2429 1626 2478; x_wconf 81' lang='lat' dir='ltr'><strong>vi-</strong></span> 
     </span>
     <span class='ocr_line' id='line_1_31' title="bbox 151 2509 395 2571; baseline -0.008 -16"><span class='ocrx_word' id='word_1_232' title='bbox 151 2519 256 2571; x_wconf 85' lang='lat' dir='ltr'><strong>gent</strong></span> <span class='ocrx_word' id='word_1_233' title='bbox 278 2509 395 2571; x_wconf 78' lang='lat'>(92).</span> 
     </span>
    </p>
   </div>
   <div class='ocr_carea' id='block_1_4' title="bbox 149 2618 1630 2871">
    <p class='ocr_par' dir='ltr' id='par_1_6' title="bbox 149 2618 1630 2871">
     <span class='ocr_line' id='line_1_32' title="bbox 247 2618 1628 2662; baseline 0 -10"><span class='ocrx_word' id='word_1_234' title='bbox 247 2618 313 2659; x_wconf 83' lang='lat'>(92)</span> <span class='ocrx_word' id='word_1_235' title='bbox 334 2620 374 2651; x_wconf 88' lang='lat' dir='ltr'><strong>D.</strong></span> <span class='ocrx_word' id='word_1_236' title='bbox 389 2620 434 2651; x_wconf 82' lang='lat' dir='ltr'><strong>M.</strong></span> <span class='ocrx_word' id='word_1_237' title='bbox 451 2619 588 2651; x_wconf 85' lang='lat' dir='ltr'><strong>Charias</strong></span> <span class='ocrx_word' id='word_1_238' title='bbox 610 2619 642 2651; x_wconf 88' lang='lat' dir='ltr'><strong>in</strong></span> <span class='ocrx_word' id='word_1_239' title='bbox 668 2628 722 2661; x_wconf 85' lang='lat' dir='ltr'><strong>op.</strong></span> <span class='ocrx_word' id='word_1_240' title='bbox 745 2621 931 2652; x_wconf 79' lang='lat' dir='ltr'><strong>Tractatus</strong></span> <span class='ocrx_word' id='word_1_241' title='bbox 948 2619 991 2652; x_wconf 84' lang='lat' dir='ltr'><strong>de</strong></span> <span class='ocrx_word' id='word_1_242' title='bbox 1007 2619 1229 2653; x_wconf 77' lang='lat' dir='ltr'><strong>libertatibus</strong></span> <span class='ocrx_word' id='word_1_243' title='bbox 1246 2618 1410 2653; x_wconf 72' lang='lat' dir='ltr'><strong>ecclesiae</strong></span> <span class='ocrx_word' id='word_1_244' title='bbox 1429 2618 1628 2662; x_wconf 75' lang='lat' dir='ltr'><strong>yallicanac</strong></span> 
     </span>
     <span class='ocr_line' id='line_1_33' title="bbox 152 2670 1629 2715; baseline 0.002 -12"><span class='ocrx_word' id='word_1_245' title='bbox 152 2670 265 2704; x_wconf 84' lang='lat' dir='ltr'><strong>Leodii</strong></span> <span class='ocrx_word' id='word_1_246' title='bbox 282 2674 372 2704; x_wconf 81' lang='grc'>1684.</span> <span class='ocrx_word' id='word_1_247' title='bbox 389 2673 467 2705; x_wconf 76' lang='grc' dir='ltr'>ἱπι·4.</span> <span class='ocrx_word' id='word_1_248' title='bbox 484 2672 540 2704; x_wconf 88' lang='lat' dir='ltr'><strong>lib.</strong></span> <span class='ocrx_word' id='word_1_249' title='bbox 557 2676 678 2713; x_wconf 54' lang='grc' dir='ltr'><strong><em>Κεῖῳ.</em></strong></span> <span class='ocrx_word' id='word_1_250' title='bbox 693 2674 749 2705; x_wconf 83' lang='lat' dir='ltr'><strong>VI.</strong></span> <span class='ocrx_word' id='word_1_251' title='bbox 764 2681 799 2705; x_wconf 90' lang='lat' dir='ltr'><strong>n.</strong></span> <span class='ocrx_word' id='word_1_252' title='bbox 815 2678 865 2706; x_wconf 82' lang='lat'><strong>21.</strong></span> <span class='ocrx_word' id='word_1_253' title='bbox 882 2672 948 2705; x_wconf 88' lang='lat' dir='ltr'><strong>duo</strong></span> <span class='ocrx_word' id='word_1_254' title='bbox 961 2673 1119 2706; x_wconf 82' lang='lat' dir='ltr'><strong>affirmat:</strong></span> <span class='ocrx_word' id='word_1_255' title='bbox 1138 2674 1244 2715; x_wconf 81' lang='lat' dir='ltr'><strong>primo</strong></span> <span class='ocrx_word' id='word_1_256' title='bbox 1265 2673 1384 2706; x_wconf 78' lang='lat' dir='ltr'><strong>falsum</strong></span> <span class='ocrx_word' id='word_1_257' title='bbox 1402 2681 1472 2706; x_wconf 74' lang='lat' dir='ltr'><strong>esse</strong></span> <span class='ocrx_word' id='word_1_258' title='bbox 1484 2674 1629 2715; x_wconf 76' lang='lat' dir='ltr'><strong>accepta·</strong></span> 
     </span>
     <span class='ocr_line' id='line_1_34' title="bbox 150 2723 1629 2767; baseline 0.003 -12"><span class='ocrx_word' id='word_1_259' title='bbox 150 2724 273 2755; x_wconf 89' lang='lat' dir='ltr'><strong>tionem</strong></span> <span class='ocrx_word' id='word_1_260' title='bbox 288 2731 358 2756; x_wconf 83' lang='lat' dir='ltr'><strong>esse</strong></span> <span class='ocrx_word' id='word_1_261' title='bbox 371 2725 586 2757; x_wconf 81' lang='lat' dir='ltr'><strong>necessariam</strong></span> <span class='ocrx_word' id='word_1_262' title='bbox 599 2726 634 2756; x_wconf 87' lang='lat' dir='ltr'><strong>ut</strong></span> <span class='ocrx_word' id='word_1_263' title='bbox 649 2725 701 2757; x_wconf 83' lang='lat' dir='ltr'><strong>lex</strong></span> <span class='ocrx_word' id='word_1_264' title='bbox 717 2723 838 2767; x_wconf 81' lang='lat' dir='ltr'><strong>obliget</strong></span> <span class='ocrx_word' id='word_1_265' title='bbox 852 2724 959 2766; x_wconf 86' lang='lat' dir='ltr'><strong>(quod</strong></span> <span class='ocrx_word' id='word_1_266' title='bbox 974 2725 1041 2757; x_wconf 87' lang='lat' dir='ltr'><strong>iam</strong></span> <span class='ocrx_word' id='word_1_267' title='bbox 1055 2725 1241 2759; x_wconf 82' lang='lat' dir='ltr'><strong>ostenderat</strong></span> <span class='ocrx_word' id='word_1_268' title='bbox 1252 2725 1286 2758; x_wconf 92' lang='lat' dir='ltr'><strong>in</strong></span> <span class='ocrx_word' id='word_1_269' title='bbox 1304 2725 1468 2767; x_wconf 80' lang='lat' dir='ltr'><strong>11.1ibro;</strong></span> <span class='ocrx_word' id='word_1_270' title='bbox 1484 2725 1629 2759; x_wconf 69' lang='lat' dir='ltr'><strong>aecundo</strong></span> 
     </span>
     <span class='ocr_line' id='line_1_35' title="bbox 149 2775 1630 2821; baseline 0.002 -13"><span class='ocrx_word' id='word_1_271' title='bbox 149 2775 267 2808; x_wconf 79' lang='lat' dir='ltr'><strong>falsum</strong></span> <span class='ocrx_word' id='word_1_272' title='bbox 292 2784 361 2808; x_wconf 82' lang='lat' dir='ltr'><strong>esse</strong></span> <span class='ocrx_word' id='word_1_273' title='bbox 385 2776 508 2809; x_wconf 88' lang='lat' dir='ltr'><strong>nuliam</strong></span> <span class='ocrx_word' id='word_1_274' title='bbox 537 2778 666 2810; x_wconf 89' lang='lat' dir='ltr'><strong>concilii</strong></span> <span class='ocrx_word' id='word_1_275' title='bbox 690 2777 860 2811; x_wconf 80' lang='lat' dir='ltr'><strong>tridentini</strong></span> <span class='ocrx_word' id='word_1_276' title='bbox 886 2778 989 2820; x_wconf 82' lang='lat' dir='ltr'><strong>legem</strong></span> <span class='ocrx_word' id='word_1_277' title='bbox 1010 2780 1211 2821; x_wconf 81' lang='lat' dir='ltr'><strong>acceptatam</strong></span> <span class='ocrx_word' id='word_1_278' title='bbox 1229 2778 1377 2813; x_wconf 77' lang='lat' dir='ltr'><strong>suissein</strong></span> <span class='ocrx_word' id='word_1_279' title='bbox 1389 2778 1523 2820; x_wconf 51' lang='lat' dir='ltr'><strong>Gauiis„</strong></span> <span class='ocrx_word' id='word_1_280' title='bbox 1540 2778 1630 2820; x_wconf 85' lang='lat' dir='ltr'><strong>quod</strong></span> 
     </span>
     <span class='ocr_line' id='line_1_36' title="bbox 150 2827 1629 2871; baseline 0.003 -12"><span class='ocrx_word' id='word_1_281' title='bbox 150 2827 270 2860; x_wconf 86' lang='lat' dir='ltr'><strong>evincit</strong></span> <span class='ocrx_word' id='word_1_282' title='bbox 283 2827 412 2861; x_wconf 85' lang='lat' dir='ltr'><strong>decreto</strong></span> <span class='ocrx_word' id='word_1_283' title='bbox 428 2829 505 2862; x_wconf 82' lang='lat' dir='ltr'><strong>cleri</strong></span> <span class='ocrx_word' id='word_1_284' title='bbox 520 2829 670 2871; x_wconf 86' lang='lat' dir='ltr'><strong>gallicani</strong></span> <span class='ocrx_word' id='word_1_285' title='bbox 685 2838 736 2862; x_wconf 86' lang='lat' dir='ltr'><strong>an.</strong></span> <span class='ocrx_word' id='word_1_286' title='bbox 753 2834 842 2863; x_wconf 78' lang='lat'>1625.</span> <span class='ocrx_word' id='word_1_287' title='bbox 858 2829 947 2864; x_wconf 76' lang='lat' dir='ltr'><strong>edito</strong></span> <span class='ocrx_word' id='word_1_288' title='bbox 960 2830 993 2863; x_wconf 88' lang='lat' dir='ltr'><strong>in</strong></span> <span class='ocrx_word' id='word_1_289' title='bbox 1008 2831 1098 2864; x_wconf 87' lang='lat' dir='ltr'><strong>tomo</strong></span> <span class='ocrx_word' id='word_1_290' title='bbox 1113 2832 1138 2864; x_wconf 91' lang='lat'><strong>1.</strong></span> <span class='ocrx_word' id='word_1_291' title='bbox 1157 2832 1323 2865; x_wconf 74' lang='lat' dir='ltr'><strong>Actorum</strong></span> <span class='ocrx_word' id='word_1_292' title='bbox 1338 2831 1436 2866; x_wconf 80' lang='lat' dir='ltr'><strong>cleri.</strong></span> <span class='ocrx_word' id='word_1_293' title='bbox 1452 2832 1555 2865; x_wconf 75' lang='lat' dir='ltr'><strong>Porro</strong></span> <span class='ocrx_word' id='word_1_294' title='bbox 1570 2830 1629 2863; x_wconf 83' lang='lat' dir='ltr'><strong>im-</strong></span> 
     </span>
    </p>
   </div>
  </div>
 </body>
</html>
