1918 3186
659 309 1285 400 PROOEMIUM

232 932 629 1018 Fundamentum
649 980 694 1016 et
713 971 844 1031 origo
864 970 1140 1016 domesticae
1159 969 1385 1015 societatis
1408 983 1460 1014 ac
1484 968 1697 1022 familiae,

231 1047 627 1108 quemadmodum
651 1054 695 1093 et
719 1062 874 1093 rerum
910 1043 1201 1108 publicarum
1233 1046 1468 1098 omnium,
1496 1060 1614 1106 quae
1642 1044 1701 1091 ab

231 1139 282 1170 ea
319 1132 475 1170 ortum
511 1124 688 1170 ducunt
722 1132 791 1170 est
821 1122 939 1168 illud
975 1123 1255 1168 matrimonii
1289 1121 1524 1168 vinculum
1566 1131 1702 1184 atque

231 1202 492 1248 coniunctio
514 1236 525 1253 ,
564 1217 703 1262 quam
739 1203 788 1246 in
818 1201 898 1247 illa
931 1215 1119 1261 quoque
1154 1198 1411 1245 beatissima
1441 1199 1702 1261 primaevae

229 1279 504 1338 integritatis
539 1278 806 1324 conditione
829 1293 854 1323 e
877 1292 969 1338 qua
993 1291 1077 1338 per
1101 1284 1340 1338 peccatum
1361 1276 1613 1322 excidimus
1645 1274 1703 1321 ab

229 1355 330 1416 ipso
350 1356 447 1400 Deo
472 1356 687 1402 novimus
717 1353 857 1400 fuisse
891 1354 1162 1399 institutam.
1193 1353 1329 1398 Cuius
1360 1352 1549 1414 quidem
1574 1353 1704 1397 insti-

229 1431 419 1477 tutionis
438 1446 493 1477 ex
509 1446 599 1492 qua
618 1430 892 1492 propagatio
909 1430 1153 1476 hominum
1173 1437 1219 1476 et
1230 1428 1424 1475 :soboles
1444 1428 1699 1490 prodeunt,

229 1508 266 1552 si
297 1522 479 1553 causam
515 1522 710 1568 quaeras
747 1506 983 1557 ultimam,
1023 1521 1117 1552 non
1155 1505 1290 1552 aliam
1327 1504 1538 1567 profecto
1574 1505 1704 1550 inve·-

229 1584 349 1636 nies,
369 1597 510 1643 quam
532 1583 612 1644 qui
635 1581 712 1628 alii
730 1597 786 1628 ex
802 1582 903 1628 aliis
922 1581 1134 1627 homines
1149 1581 1467 1642 gignerentur,
1491 1581 1522 1625 ii
1540 1595 1702 1641 quam:-

230 1658 309 1704 diu
329 1659 377 1704 in
397 1659 532 1705 terris
556 1659 765 1706 viverent
792 1667 1029 1705 auctorem
1054 1658 1202 1703 Deum
1232 1657 1494 1718 cognitione
1509 1691 1521 1710 ‚
1546 1671 1704 1702 amore

229 1742 366 1796 atque
396 1734 622 1797 obsequio
653 1742 1073 1797 prosequerentur:
1097 1748 1202 1779 cum
1222 1748 1276 1778 ex
1297 1732 1384 1778 hac
1400 1733 1584 1778 mortali
1610 1733 1704 1778 vita

227 1810 537 1858 discessissent
557 1846 568 1865 ‚
597 1812 695 1858 eius
723 1810 940 1857 beatitate
962 1812 1011 1857 in
1035 1809 1176 1856 coelis
1205 1811 1480 1871 sempiterna
1506 1808 1705 1854 delecta-

228 1887 353 1932 tione
389 1886 672 1934 fruerentur.
712 1888 860 1942 Quam
892 1886 956 1933 ob
986 1902 1085 1933 rem
1121 1888 1242 1932 Deus
1270 1901 1365 1931 non
1393 1885 1535 1931 modo
1558 1893 1705 1930 ratam

227 1970 273 2007 et
306 1972 507 2010 sanctam
546 1980 643 2011 esse
680 1965 799 2010 hanc
834 1965 955 2010 vitae
986 1964 1361 2010 coniunctionem
1398 1962 1545 2008 voluit
1576 1978 1587 2014 ;
1624 1961 1705 2007 sed

228 2053 286 2083 ne
322 2037 588 2087 labefactari
618 2056 850 2102 unquam,
878 2049 956 2088 aut
980 2039 1174 2086 dissolvi
1207 2038 1266 2084 ab
1300 2037 1570 2084 hominibus
1596 2053 1706 2099 pos-

227 2123 328 2166 set,
365 2115 675 2162 immutabiles
707 2117 858 2162 eidem
892 2117 1014 2178 leges
1057 2116 1191 2169 tulit,
1228 2114 1398 2176 quibus
1437 2115 1558 2160 intra
1595 2129 1704 2160 suos

228 2188 365 2243 fines,
401 2190 587 2251 qualem
613 2191 712 2252 ipse
744 2192 959 2238 effecerat
993 2198 1222 2253 perpetuo
1257 2191 1588 2236 contineretur.

322 2268 389 2313 Ne
417 2282 508 2328 qua
544 2281 657 2313 vero
691 2267 962 2313 mortalium
997 2268 1094 2313 sive
1125 2266 1393 2313 conditione
1433 2267 1529 2313 sive
1577 2266 1703 2327 cupi-

226 2343 369 2389 ditate
399 2342 531 2389 fieret
563 2343 842 2405 aliquando,
878 2351 929 2389 ut
963 2358 1078 2405 quas
1115 2344 1214 2406 ipse
1247 2342 1449 2389 dedisset
1479 2343 1604 2403 leges
1627 2357 1702 2388 ar-

226 2418 367 2465 bitrio
401 2418 736 2466 subiicerentur
770 2419 947 2472 alieno,
976 2419 1160 2465 easdem
1191 2419 1407 2480 religioni
1438 2419 1705 2464 commissas

227 2495 560 2556 sapientissime
588 2495 760 2549 voluit,
789 2496 837 2541 in
864 2496 993 2541 cuius
1021 2494 1114 2541 fide
1135 2503 1179 2541 et
1199 2495 1341 2541 tutela
1361 2493 1419 2540 ab
1439 2494 1568 2539 omni
1591 2494 1705 2538 vitio

226 2579 272 2616 et
291 2573 608 2634 corruptione,
630 2587 749 2634 quae
765 2581 872 2635 post
891 2580 1131 2634 peccatum
1149 2570 1339 2617 inficere
1357 2570 1460 2616 illas
1476 2568 1703 2631 quodam-

228 2648 369 2694 modo
397 2658 584 2711 possent
614 2650 824 2696 instituta
842 2664 867 2695 a
885 2665 934 2696 se
958 2649 1242 2695 matrimonii
1267 2647 1460 2694 societas
1483 2646 1704 2693 inviolata

227 2734 535 2784 permaneret.
568 2727 663 2772 Nec
689 2725 886 2772 dubium
917 2740 1017 2772 esse
1047 2726 1263 2786 cuiquam
1289 2732 1444 2786 potest
1465 2724 1580 2786 quin
1603 2731 1702 2769 tum

229 2800 351 2861 apud
379 2803 554 2862 primos
579 2802 685 2849 illos
710 2802 995 2864 populorum
1023 2810 1176 2862 patres
1194 2835 1205 2854 ‚
1234 2809 1333 2847 tum
1359 2800 1556 2847 decursu
1586 2808 1702 2846 tem-
