1912 3180
278 192 366 238 43⁰
534 205 613 236 un.
643 204 672 234 1.
701 202 818 234 sncr.
847 202 1020 234 ALTERA.
1051 203 1103 234 nr:
1138 203 1313 235 mrum.
1343 204 1483 236 elvini.

274 300 488 332 mucenus
523 283 668 346 Nuytz
713 280 843 327 cuius
887 298 1098 345 perversa
1132 280 1295 346 placita
1329 282 1434 330 Pius
1468 283 1542 330 IX.
1574 302 1662 332 non
1695 287 1755 336 ita

274 360 445 427 pridem
480 358 740 406 solemniter
772 358 1002 406 damnavit
1039 359 1189 420 (115).
1222 357 1349 406 Addo
1379 359 1627 408 doctrinam
1662 378 1753 428 qua

273 436 462 484 traditur
493 435 829 484 matrimonium
863 434 984 482 iuxta
1012 434 1133 498 leges
1166 434 1522 501 uniuscuiusque
1557 438 1755 502 regionis

271 513 560 569 celebratum,
584 512 792 577 quamvis
817 511 1075 559 destitutum
1094 511 1349 559 charactere
1372 515 1654 571 sacramenti,
1678 533 1755 564 ve-

274 607 371 636 rum
394 606 495 636 esse
519 588 868 645 matrimonium,
887 587 926 635 si
953 604 1099 635 sermo
1124 587 1183 635 sit
1206 587 1263 635 de
1288 589 1511 652 coniugiis
1531 590 1747 649 fidelium,

273 682 375 714 esse
407 665 657 714 doctrinam
691 664 880 721 falsam,
918 680 1152 710 erroneam
1187 675 1232 721 et
1266 664 1646 713 anticatholicam.

370 742 558 789 Tantum
589 757 694 788 vero
727 739 882 796 abest,
920 748 970 785 ut
1002 739 1089 787 hoc
1124 739 1185 786 sit
1218 740 1506 788 manifestum
1530 751 1629 789 ante
1652 759 1757 790 con-

272 818 425 866 cilium
454 817 743 865 tridentinum
759 854 769 873 ,
796 826 846 863 ut
868 814 1109 862 concillum
1145 816 1297 880 potius
1332 817 1573 865 anathema
1594 818 1758 867 dixerit

272 895 320 943 in
341 913 419 943 eos
434 933 445 953 ,
474 895 551 961 qui
576 893 835 958 negaverint
862 891 1149 940 matrimonia
1172 892 1454 941 clandestina
1471 932 1481 951 ‚
1509 894 1567 942 de
1589 895 1755 960 quibus

271 973 456 1021 disserit
477 982 626 1021 orator
641 1010 651 1029 ‚
681 980 778 1018 ante
802 969 1040 1017 concilium
1064 987 1167 1017 vera
1190 979 1231 1016 ec
1251 979 1353 1017 rata
1376 988 1494 1029 esse,
1515 971 1562 1018 id
1580 983 1674 1028 est,
1703 990 1756 1020 ex

272 1049 486 1115 loquendi
521 1048 738 1097 ecclesiae
770 1065 886 1104 usu,
923 1064 1029 1095 vera
1061 1064 1163 1094 esse
1196 1059 1474 1096 sacramenta
1513 1049 1674 1112 (116),
1713 1060 1759 1097 et

268 1142 325 1173 ex
353 1135 525 1173 oratore
566 1124 696 1189 ipso,
743 1123 820 1188 qui
861 1122 1066 1170 concedit
1095 1122 1213 1170 hanc
1242 1140 1344 1171 esse
1380 1124 1754 1188 significationem

267 1201 542 1249 matrimonii
575 1202 680 1248 rati.

370 1277 485 1325 Hinc
519 1276 783 1333 concidunt,
821 1294 939 1341 quae
973 1275 1127 1323 adiicit
1161 1287 1333 1324 orator:
1367 1294 1420 1324 ac
1455 1276 1600 1342 primo
1633 1278 1754 1342 quod

270 1354 312 1401 si
346 1353 678 1402 matrimonium
714 1353 812 1401 sine
845 1352 1040 1417 parocho
1074 1352 1321 1400 celebretur
1362 1353 1451 1401 illis
1483 1354 1530 1400 in
1563 1353 1674 1401 locis
1709 1355 1755 1401 in

273 1431 439 1497 quibus
464 1431 691 1479 decretum
714 1430 1005 1477 tridentinum
1030 1429 1305 1494 publicatum
1334 1441 1427 1488 est,
1457 1431 1630 1478 nullum
1655 1431 1757 1496 qui-

271 1507 373 1555 dem
411 1508 496 1564 sit;
535 1508 614 1555 sed
650 1507 689 1555 si
725 1506 859 1554 alicui
895 1506 1091 1570 principi
1126 1506 1374 1564 catholico,
1411 1518 1542 1571 prout
1576 1508 1623 1553 in
1659 1507 1756 1555 Gal-

267 1583 350 1631 -liis
374 1594 418 1631 et
440 1583 486 1630 in
510 1583 660 1647 Belgio
695 1582 909 1645 contigit,
951 1581 1146 1646 placeret
1179 1581 1311 1628 aliam
1342 1582 1529 1630 formam
1565 1583 1756 1648 praesti-

271 1670 399 1708 tuere
430 1660 715 1708 matrimonio
747 1669 974 1723 tamquam
1008 1658 1278 1715 contractui,
1311 1676 1412 1706 cum
1437 1659 1660 1707 eiusmodi
1683 1659 1754 1706 lex

272 1737 405 1784 fuerit
437 1736 742 1801 promulgata,
782 1735 1067 1782 matrimonia
1091 1735 1145 1781 ad
1173 1735 1270 1782 eius
1295 1753 1496 1783 normam
1530 1735 1750 1785 celebrata

267 1830 323 1861 eo
352 1813 452 1878 ipso
487 1813 578 1860 sint
608 1830 713 1859 vera
745 1811 1059 1869 matrimonia,
1098 1812 1303 1877 quamvis
1340 1830 1427 1860 non
1461 1822 1577 1860 rata.

365 1891 475 1938 Nam
507 1890 554 1936 in
589 1888 756 1936 nullius
786 1889 1003 1954 principis
1040 1899 1257 1953 potestate
1291 1900 1359 1937 est
1393 1889 1527 1937 aliam
1564 1891 1751 1955 praesti-

266 1978 391 2014 tuere
436 1968 620 2015 formam
662 1966 943 2014 matrimonio
978 1976 1207 2031 tamquam
1247 1968 1529 2024 contractui,
1569 1983 1671 2015 cum
1706 1961 1751 2014 id

310 2079 313 2082 ⁴
366 2087 453 2127 (115)
475 2088 591 2119 Totam
606 2086 691 2119 hanc
704 2086 851 2119 illuviem
870 2086 1071 2126 novitatum,
1095 2094 1179 2126 quae
1197 2086 1310 2127 postea
1331 2086 1541 2119 invaluerunt
1554 2088 1587 2118 in
1602 2086 1760 2119 athenaeo

267 2135 464 2179 taurinensi,
489 2140 522 2172 et
547 2147 752 2180 progressum
773 2138 887 2180 paucis
909 2110 1099 2180 complexus
1117 2140 1167 2170 est
1184 2139 1226 2171 cl.
1242 2138 1439 2180 Avogadro
1431 2149 1463 2172 ιιι
1477 2140 1534 2172 cit.
1548 2148 1603 2180 op.
1618 2141 1758 2173 Teort'ca

265 2191 351 2224 dell'
357 2193 556 2224 istituzione
571 2191 629 2224 del
643 2193 879 2231 matrimonio,
894 2192 962 2224 vol.
978 2193 1004 2224 Ι.
1022 2200 1093 2233 cap.
1111 2193 1167 2224 IV.
1185 2200 1258 2234 pag.
1273 2195 1324 2225 47.
1340 2194 1407 2224 not.
1426 2193 1484 2234 (ι).
1501 2195 1580 2225 Eam
1598 2193 1716 2234 repetit
1737 2201 1758 2224 a

269 2234 453 2277 duumviris
467 2232 652 2277 Pensabene
667 2246 699 2277 et
714 2245 889 2285 Daguirre,
907 2245 964 2285 qui
979 2245 1193 2277 subVictorio
1204 2244 1345 2277 Amedeo
1358 2247 1398 2277 11.
1409 2247 1633 2286 pugnaverant
1645 2246 1759 2277 contra

266 2298 480 2339 apostolicam
498 2297 608 2330 sedem
623 2307 681 2339 pro
694 2298 921 2330 monarchiae
935 2298 1120 2330 tribunali·
1111 2308 1145 2330 ιιι
1160 2299 1283 2331 Sicilia.
1300 2298 1366 2330 Sub
1379 2298 1525 2330 eiusdem
1542 2298 1624 2339 regis
1647 2298 1754 2339 auspi·

266 2350 327 2383 ciis
340 2352 503 2392 Augustae
510 2352 728 2383 Taurinorum
741 2351 951 2383 fundamenta
966 2351 1111 2384 iecerunt
1125 2360 1230 2384 novae
1242 2352 1420 2384 doctrinae.
1430 2354 1455 2384 Α
1467 2351 1625 2393 Daguirre
1637 2351 1756 2384 adsciti

268 2404 400 2436 fuerunt
412 2403 452 2436 ad
470 2403 733 2445 prosequendum
757 2404 922 2446 inceptum
946 2413 1029 2446 opus
1047 2405 1103 2437 alii
1124 2405 1270 2437 eiusdem
1288 2405 1424 2437 furfuris
1441 2404 1657 2446 professores,
1671 2404 1755 2436 inter

262 2465 346 2497 quos
370 2456 492 2489 eminet
517 2456 700 2498 campiani.
726 2457 851 2490 Deinde
871 2457 1029 2490 Chionius
1044 2459 1077 2490 et
1092 2458 1161 2490 Bon
1177 2467 1243 2490 rem
1261 2457 1487 2498 perfecerunt,
1514 2466 1552 2489 ac
1577 2456 1757 2489 novissime

263 2509 367 2550 Nuytz
389 2509 518 2542 culmen
542 2509 710 2551 imposuit.
729 2512 776 2542 Ex
790 2510 844 2543 his
858 2510 1004 2543 sontibus
1025 2511 1175 2552 plerique
1195 2511 1343 2552 deputati
1362 2502 1579 2552 subalpini'ac
1590 2511 1756 2543 senatores

265 2560 447 2594 doctrinam
459 2570 552 2595 suam
565 2563 762 2603 hauserunt,
777 2563 836 2604 qui
851 2565 1102 2605 propugnarunt
1114 2563 1302 2605 coniugium
1320 2564 1427 2596 civile.

361 2615 447 2656 (116)
466 2618 515 2648 En
539 2616 672 2649 concilii
697 2616 798 2648 verba
825 2624 905 2649 sess.
934 2618 1048 2650 XXIV.
1071 2626 1110 2650 ex
1135 2617 1266 2650 decreto
1291 2619 1341 2650 De
1361 2615 1427 2657 ref.
1448 2617 1605 2649 matrim.
1625 2625 1697 2659 cap.
1726 2621 1754 2649 ι.

266 2668 433 2701 «Tametsi
446 2669 664 2702 dubitandum
678 2679 744 2702 non
757 2671 819 2710 est,
836 2670 1040 2704 clandestina
1054 2672 1280 2712 matrimonia,
1290 2672 1394 2704 libero
1404 2669 1666 2703 contrahentium
1680 2674 1755 2703 con·

266 2728 361 2752 sensu
378 2721 479 2763 facta,
496 2724 581 2756 rata
596 2725 631 2756 cc
647 2730 732 2756 vera
747 2732 817 2756 esse
830 2725 1041 2758 matrimonia
1055 2725 1213 2767 quamdiu
1225 2723 1361 2759 ecclesia
1373 2732 1411 2756 ea
1423 2723 1515 2756 irrita
1530 2732 1596 2756 non
1612 2723 1705 2764 fecit,
1722 2724 1754 2756 et

263 2773 401 2814 proinde
417 2776 495 2808 iure
509 2775 705 2810 damnandi
718 2778 793 2810 sint
807 2777 880 2818 illi,
897 2779 934 2811 ut
945 2778 1193 2820 eos...synodus
1207 2776 1430 2812 anathemate
1444 2776 1613 2816 damnat,
1633 2778 1694 2819 qui
1712 2785 1754 2809 ea

267 2834 352 2859 vera
368 2828 402 2859 ec
417 2829 499 2860 raca
517 2837 587 2861 esse
603 2830 722 2870 negant
737 2843 752 2858 υ
767 2831 828 2863 etc.
