1912 3180
308 189 399 234 268
561 200 641 233 211³.
670 200 700 230 1.
729 198 841 230 sacr.
871 199 1040 230 Ati-niu.
1070 199 1121 230 nn
1158 200 1329 232 numu.
1359 201 1498 234 cmm.

311 280 491 327 iecerint
531 276 824 323 christianum
865 276 1121 339 coniugium
1156 294 1183 323 a
1215 279 1480 326 sacramenti
1521 272 1735 342 dignitate
1760 320 1771 340 ,

308 370 584 418 consequens
618 352 702 399 suit
724 389 733 407 ,
771 363 820 398 ut
852 352 907 398 ad
943 354 1052 399 meri
1093 363 1343 400 contractus
1388 354 1686 403 conditionem
1720 358 1777 404 ab

310 430 422 493 ipsis
457 429 749 492 redigeretur,
789 445 1011 492 quemque
1041 428 1267 493 principes
1292 429 1422 477 unice
1445 430 1778 480 moderarentur

307 504 480 567 legibus
515 505 627 551 suis.

402 580 559 640 Verum
598 580 776 644 quidem
818 591 906 636 est,
948 580 1068 644 quod
1109 580 1182 626 isti
1225 581 1584 631 neoinstitutores
1627 584 1777 631 volue-

307 665 407 701 runt
439 655 769 702 matrimonium
793 673 820 702 a
842 656 934 702 Deo
959 654 1210 701 institutum
1244 656 1406 713 fuisse,
1435 674 1487 704 ac
1511 658 1596 705 sub
1627 659 1777 723 aliquo

307 740 508 796 respectu
533 741 758 795 tamquam
792 747 884 777 rem
915 745 1087 775 sacram
1118 742 1408 792 agnoverunt,
1439 733 1616 796 rituque
1643 734 1775 780 etiam

307 806 514 869 religioso
548 806 645 853 eius
691 805 1031 853 celebrationem
1077 804 1412 862 adornandam;
1458 807 1598 855 nihilo
1630 819 1776 855 tamen

307 882 455 929 minus
480 882 590 929 illud
614 893 840 946 tamquam
866 897 1026 944 purum
1050 880 1295 927 humanum
1321 893 1592 930 contractum
1618 894 1776 932 natura

306 975 389 1005 sua
405 958 795 1022 depraedicarunt,
817 967 860 1004 et
885 956 1207 1020 dependentem
1226 956 1282 1003 ab
1301 958 1558 1005 auctoritate
1581 959 1778 1007 humana

305 1051 388 1082 seu
415 1034 595 1098 politica
617 1033 763 1098 quoad
788 1049 1002 1096 personas
1021 1043 1064 1079 et
1082 1032 1295 1080 rationem
1320 1033 1442 1081 illius
1466 1035 1771 1082 contrahendi.

306 1110 355 1156 Id
390 1110 530 1174 liquet
563 1120 655 1156 tum
682 1126 735 1156 ex
764 1108 970 1165 Calvino,
1010 1109 1087 1174 qui
1122 1108 1319 1156 divinam
1346 1110 1616 1157 matrimonii
1647 1111 1775 1159 insti-

305 1185 518 1232 tutionem
558 1195 785 1249 eomparat
824 1202 925 1232 cum
958 1184 1227 1248 agricultura
1259 1195 1302 1232 et
1334 1196 1426 1232 arte
1462 1187 1631 1234 sutoria
1667 1189 1777 1235 scri-

304 1260 440 1308 bens:
477 1281 498 1306 «
521 1262 615 1309 Non
650 1262 760 1309 satis
792 1271 861 1308 est
892 1261 1222 1308 matrimonium
1256 1278 1358 1308 esse
1391 1279 1418 1313 a
1452 1263 1576 1318 Deo,
1615 1274 1665 1310 ut
1703 1282 1776 1311 sa-

305 1346 575 1383 cramentum
610 1337 780 1384 censeri
811 1336 984 1400 possit;
1024 1353 1126 1382 nam
1160 1336 1293 1383 etiam
1327 1336 1596 1400 agricultura
1622 1348 1665 1385 et
1698 1356 1771 1386 ars

304 1412 471 1459 sutoria
494 1422 561 1459 est
584 1430 611 1459 a
636 1413 750 1469 Deo,
778 1429 858 1459 nec
886 1422 1033 1459 tamen
1060 1422 1129 1459 est
1161 1423 1484 1459 sacramentum
1507 1414 1658 1475 (21);»
1680 1424 1773 1461 tum

305 1486 438 1534 etiam
462 1504 516 1534 ex
539 1504 591 1535 eo
613 1526 623 1544 ,
655 1488 773 1552 quod
807 1487 1142 1552 protestantium
1177 1487 1377 1552 plerique
1409 1499 1559 1553 aperte
1591 1489 1778 1538 doceant

305 1579 465 1610 causas
484 1562 828 1610 matrimoniales
841 1562 898 1609 ad
917 1562 1146 1626 politicum
1164 1562 1470 1624 magistratum
1489 1563 1668 1611 omnino
1681 1582 1776 1629 per-

306 1638 445 1686 tinere
466 1640 582 1700 (22).
601 1638 851 1685 Kemnitius
869 1655 973 1685 vero
990 1637 1204 1685 ecclesiae
1230 1648 1399 1685 tantum
1417 1639 1572 1686 tribuit
1597 1657 1776 1705 respon-

306 1714 410 1761 dere
438 1714 494 1761 de
523 1714 703 1761 casibus
737 1714 1060 1770 conscientiae,
1101 1714 1178 1778 qui
1214 1714 1330 1761 circa
1366 1715 1694 1762 matrimonium
1720 1734 1771 1764 ex

304 1790 438 1838 verbo
465 1790 546 1837 Dei
575 1791 789 1855 pendent;
818 1791 932 1838 ferre
954 1801 1100 1837 tamen
1124 1790 1244 1853 leges
1269 1790 1324 1837 de
1348 1791 1656 1848 matrimonio,
1684 1809 1772 1839 non

305 1865 362 1913 ad
391 1865 646 1922 ecclesiam,
685 1867 763 1914 sed
788 1867 845 1914 ad
869 1865 1094 1931 politicum
1128 1865 1374 1930 principem
1410 1866 1630 1930 pertinere
1664 1884 1770 1916 con—

403 2068 470 2108 (21)
492 2070 610 2100 Instit.
629 2068 685 2100 lib.
699 2070 754 2100 lv.
771 2077 841 2109 cap.
855 2070 941 2100 xlx.
957 2068 987 2109 §.
1003 2072 1052 2101 34.

401 2121 467 2161 (22)
489 2121 582 2162 Apud
594 2121 744 2153 Bellarm.
755 2123 804 2153 De
815 2123 968 2153 matrim.
984 2130 1054 2162 cap.
1070 2122 1216 2161 XXXII„
1228 2122 1259 2152 et
1276 2122 1349 2161 post
1371 2120 1557 2152 Bellarmini
1579 2122 1717 2153 aetatem
1737 2121 1770 2152 id

305 2173 410 2214 ipsum
422 2174 664 2215 propugnarunt
676 2173 840 2213 stryckius
853 2173 885 2205 in
893 2174 1025 2205 Dissert.
1038 2175 1088 2205 De
1099 2173 1254 2214 reliquiis
1263 2174 1474 2204 sacramenti
1489 2174 1525 2204 in
1537 2174 1772 2204 matrimonia-

306 2225 416 2266 libus,
434 2235 532 2267 quam
554 2226 744 2258 sententiam
756 2226 816 2258 sub
828 2226 898 2258 eius
914 2225 1074 2267 praesidio
1094 2227 1141 2257 Io.
1159 2225 1326 2266 Philippus
1339 2223 1472 2257 odelem
1486 2225 1587 2256 Halae
1603 2227 1692 2257 1704.
1709 2233 1770 2257 am-

306 2277 420 2319 plexus
434 2280 494 2319 est,
508 2287 546 2310 ac
561 2278 801 2310 matrimonium
824 2279 951 2310 nonnisi
964 2280 1183 2311 contractum
1194 2277 1331 2310 civilem
1344 2285 1413 2309 esse
1425 2276 1611 2308 affirmavit.
1627 2278 1775 2317 cumque

305 2331 504 2363 Loescherus
525 2331 559 2363 in
578 2331 815 2364 Relationibus
836 2334 989 2364 innoxiis
1012 2340 1064 2363 an.
1083 2334 1174 2372 1705,
1189 2340 1262 2372 pag.
1281 2335 1349 2363 118.
1365 2331 1462 2371 atque
1476 2331 1551 2362 Her.
1568 2329 1772 2362 Reinhardus

305 2383 339 2414 in
363 2383 577 2416 Meletemate
598 2383 640 2416 de
657 2386 843 2416 sanctitate
868 2386 1082 2416 matrimonii
1111 2384 1280 2416 adversus
1306 2384 1507 2415 contractus
1533 2390 1626 2414 mere
1651 2382 1769 2414 civiles

305 2436 496 2467 convitium
506 2459 515 2474 ,
530 2436 562 2467 et
573 2435 670 2467 Mich.
680 2437 778 2467 Henr.
796 2436 973 2468 Gribnerus
986 2436 1019 2467 in
1032 2436 1164 2467 Dissert.
1181 2437 1231 2467 De
1244 2435 1315 2475 his,
1331 2443 1421 2476 quae
1435 2443 1478 2466 ex
1493 2435 1570 2466 iure
1581 2435 1772 2476 protestan-

305 2488 395 2519 tium
406 2487 658 2520 matrimoniali
673 2487 716 2520 de
729 2488 886 2530 reliquiis
897 2489 1107 2520 sacramenti
1118 2495 1302 2528 perperam
1317 2485 1524 2526 reseruntur
1541 2485 1630 2516 illam
1650 2485 1768 2518 doetri-

305 2546 381 2570 nam
403 2539 663 2580 impugnassent,
689 2540 821 2572 Odelem
839 2540 873 2571 in
886 2538 1052 2581 Apoloyia
1073 2538 1249 2570 dissertat.
1265 2540 1314 2570 De
1329 2537 1486 2578 reliquiis
1506 2539 1717 2570 sacramenti
1731 2539 1768 2570 in

306 2592 844 2625 matrimonialibus.Brunswich.
859 2595 947 2625 1716.
962 2591 1037 2623 in-4.
1049 2590 1229 2632 respondit:
1247 2591 1323 2622 item
1338 2589 1533 2621 Boehmerus
1545 2590 1767 2622 tom.111.1u-

307 2644 355 2674 ris
379 2644 599 2677 ecclesiastici
617 2646 909 2687 protestantium,
935 2644 992 2685 qni
1020 2643 1140 2685 pariter
1165 2642 1429 2675 Dissertationem
1447 2641 1643 2682 singularem
1669 2641 1772 2675 edidit

305 2696 355 2726 De
370 2696 445 2727 iure
467 2699 666 2739 principum
684 2700 958 2740 protestantium
975 2699 1070 2729 circa
1088 2695 1255 2728 solemnia
1278 2696 1503 2727 matrimonia
1524 2694 1766 2727 ecclesiastica.

305 2746 408 2780 Halae
424 2751 512 2781 1718.
528 2751 587 2782 etsi
606 2751 659 2783 hic
670 2753 798 2791 auctor,
819 2753 856 2783 ut
876 2749 1059 2782 videbimus
1072 2773 1081 2788 ‚
1108 2747 1157 2780 uti
1175 2756 1244 2780 rem
1266 2756 1389 2780 sacram
1412 2746 1621 2789 spectaverit,
1636 2747 1732 2789 atque
1746 2756 1766 2779 a

307 2799 470 2833 iudicibus
484 2802 708 2836 ecclesiasticis
722 2800 954 2836 decernendam
967 2800 1119 2843 spectarit
1130 2801 1290 2841 coniugia.
