1918 3186
281 209 372 255 174
550 224 629 255 un.
660 222 689 253 ι.
720 219 832 253 sacr.
864 221 892 251 1.
923 221 975 252 1)ss
999 221 1172 254 mrum.
1203 220 1489 253 sAanMEN‘ro.

280 300 360 349 rali
395 301 508 347 inter
534 307 865 363 protoparentes
900 297 1089 362 primum
1125 298 1259 353 inito,
1298 298 1507 362 quodque
1540 315 1750 362 magnum

278 387 345 424 est
376 385 699 424 sacramentum
735 375 781 420 in
817 373 994 422 Christo
1028 386 1072 421 ct
1105 374 1150 419 in
1185 373 1395 421 ecclesia.

373 451 439 497 Ad
473 461 620 515 patres
657 467 761 497 vero
795 450 914 514 quod
951 450 1129 506 attinet,
1168 449 1365 497 vidimus
1406 466 1482 497 eos
1516 450 1753 498 unanimes

278 544 378 575 esse
409 544 508 574 cum
543 524 733 574 ecclesia
773 525 1018 582 catholica,
1058 525 1103 571 in
1138 525 1423 573 admittendis
1456 525 1520 572 uti
1554 525 1750 583 validis,

277 603 360 650 etsi
380 602 567 659 illicitis,
590 602 824 650 connubiis
841 601 1091 649 clanculum
1110 601 1342 649 celebratis
1356 640 1366 658 ,
1389 612 1432 649 et
1447 601 1493 647 in
1512 619 1756 665 agnoscen-

278 678 349 726 dis
367 678 584 735 secundo,
613 678 740 726 tertio
756 677 996 725 ulteriusve
1021 678 1220 741 repetitis
1239 678 1407 742 nuptiis
1424 677 1631 742 quamvis
1656 678 1754 726 sine

278 752 584 802 benedictione
617 753 877 801 sacerdotali
912 753 1143 799 inirentur.
1167 754 1262 800 Non
1296 764 1531 818 potuerunt
1567 753 1754 818 proinde

277 830 497 878 eiusmodi
514 829 736 878 connubia
756 828 818 876 uti
839 838 1114 876 sacramenta
1131 829 1378 886 admittere,
1393 831 1502 894 quin
1527 841 1755 894 tamquam

278 906 506 954 ministros
530 905 799 954 matrimonii
826 915 1116 968 agnoscerent
1138 905 1260 969 ipsos
1283 905 1608 953 contrahentes.
1628 906 1753 954 Fassi

277 992 509 1048 propterea
542 993 646 1031 sunt
679 982 793 1029 facto
827 982 926 1046 ipso
955 981 1309 1029 benedictionem
1347 992 1606 1047 ceterosque
1639 983 1750 1030 ritus

277 1058 399 1106 haud
426 1069 627 1124 spectare
643 1058 698 1106 ad
718 1058 981 1106 sacramenti
1006 1057 1274 1115 essentiam,
1304 1057 1439 1123 idque
1463 1058 1754 1107 confirmante

277 1133 511 1182 ecclesia
499 1152 601 1198 ipsa
633 1151 808 1199 semper
840 1144 882 1181 et
912 1133 1080 1198 ubique
1115 1133 1239 1198 praxi
1275 1151 1373 1181 sua.

374 1209 462 1256 Nec
501 1209 649 1257 minus
685 1208 877 1257 solidum
917 1220 984 1256 est
1018 1219 1349 1272 argumentum,
1388 1209 1509 1274 quod
1545 1209 1757 1274 suppedi-

279 1294 371 1332 tant
409 1283 671 1348 euchologia
703 1295 747 1332 et
779 1284 960 1332 rituales
1002 1284 1103 1330 libri
1138 1285 1373 1350 utriusque
1416 1285 1631 1332 ecclesiae
1654 1323 1664 1342 ,
1710 1285 1756 1331 in

278 1351 441 1423 quibus
466 1360 630 1425 pariter
652 1360 846 1407 vidimus
871 1360 990 1407 haud
1017 1360 1200 1424 reperiri
1224 1360 1359 1407 verba
1383 1359 1481 1416 illa,
1511 1377 1626 1424 quae
1649 1377 1755 1408 eon-

278 1435 438 1483 trariae
471 1435 714 1483 sententiae
748 1434 939 1499 theologi
976 1435 1140 1482 vellent
1173 1436 1442 1483 constituere
1468 1445 1518 1482 ut
1542 1436 1752 1492 formam,

278 1528 412 1576 quam
446 1510 654 1559 sacerdos
688 1511 891 1559 minister
935 1512 1198 1576 pronunciat
1226 1531 1234 1557 :
1277 1513 1371 1576 qu
1403 1530 1478 1559 vos
1513 1513 1754 1575 coniunqo;

279 1586 359 1634 sed
384 1604 528 1651 neque
561 1586 888 1652 aequivalentia
912 1586 1130 1634 habentur
1151 1587 1241 1634 ullo
1265 1588 1414 1637 modo.
1435 1588 1549 1634 Fieri
1573 1587 1758 1652 proinde

280 1662 456 1727 nequit,
478 1672 527 1710 ut
544 1662 590 1709 in
609 1662 698 1720 his,
721 1673 798 1710 aut
816 1662 1038 1709 similibus
1056 1662 1205 1710 verbis
1229 1662 1414 1710 formam
1438 1679 1751 1726 agnoscamus.

376 1738 498 1785 Idem
529 1738 654 1786 dicas
680 1738 736 1786 de
759 1749 1039 1803 argumento,
1079 1738 1198 1804 quod
1234 1738 1447 1803 praebent
1473 1739 1758 1786 oecumenica

282 1815 470 1862 concilia
502 1814 781 1863 lateranense
812 1817 890 1862 lll.
919 1816 1201 1864 florentinum
1226 1833 1276 1863 ac
1300 1815 1616 1872 tridentinum,
1644 1832 1759 1880 quae

279 1891 428 1938 omnia
446 1909 533 1939 non
551 1891 673 1939 aliud
698 1892 927 1957 requirunt
950 1893 1216 1940 elementum
1240 1902 1412 1957 praeter
1435 1902 1635 1939 mutuum
1659 1908 1759 1939 con-

279 1967 545 2016 trahentium
570 1985 838 2016 consensum
861 1969 919 2016 ad
943 1980 1267 2017 sacramentum
1298 1968 1566 2016 matrimonii
1593 1968 1759 2015 consti-

280 2043 507 2091 tuendum.
531 2046 624 2093 lmo
655 2062 755 2093 cum
785 2045 1076 2093 tridentinum
1111 2045 1196 2093 sub
1231 2044 1528 2092 anathematis
1559 2044 1758 2091 intermi-

280 2123 456 2167 natione
480 2122 681 2168 statuerit
699 2122 905 2186 coniugia
929 2122 1222 2178 clandestina,
1245 2121 1460 2187 quamdiu
1484 2138 1572 2168 non
1598 2120 1759 2167 suerint

280 2195 336 2241 ab
368 2196 557 2243 ecclesia
593 2197 717 2244 irrita
749 2198 893 2255 facta,
942 2216 1046 2246 vera
1080 2215 1132 2245 ac
1165 2208 1265 2245 rata
1298 2215 1398 2245 esse
1440 2196 1752 2252 matrimonia,

281 2270 364 2318 hoc
397 2273 494 2337 ipso
526 2273 766 2321 declaravit
802 2292 855 2322 ea
888 2293 989 2323 esse
1020 2292 1124 2323 vere
1170 2283 1477 2330 sacramenta,
1517 2282 1646 2337 prout
1686 2289 1758 2318 ec-

282 2346 531 2396 clesiastica
557 2349 767 2414 loquendi
791 2351 902 2398 ratio
925 2351 1085 2415 exigit,
1107 2361 1150 2398 et
1168 2349 1391 2415 conceptis
1414 2348 1561 2397 verbis
1587 2348 1758 2395 s.Ti10-

281 2440 378 2470 mas
411 2425 628 2490 expressit
659 2443 759 2473 cum
793 2426 980 2492 reliquis
1017 2427 1296 2475 scholasticis
1330 2425 1552 2474 omnibus.

378 2501 448 2548 Sic
464 2502 596 2549 etiam
613 2502 896 2552 ineluctabile
913 2514 979 2550 est
995 2513 1317 2566 argumentum,
1335 2501 1454 2566 quod
1473 2517 1526 2547 ex
1544 2499 1758 2547 ecclesiae

282 2592 334 2622 ac
351 2577 471 2625 sedis
489 2578 757 2644 apostolicae
775 2578 933 2643 agendi
954 2579 1124 2627 ratione
1141 2578 1402 2625 desumitur.
1422 2577 1531 2623 Nam
1550 2574 1606 2623 ab
1624 2575 1758 2623 eccle-

282 2651 352 2698 sia
367 2662 409 2700 et
426 2653 483 2700 ab
501 2655 746 2720 apostolica
770 2655 877 2703 sede
905 2665 1131 2721 tamquam
1159 2671 1265 2701 vera
1288 2652 1519 2716 coniugia,
1558 2652 1757 2716 adeoque

279 2736 505 2792 tamquam
527 2747 631 2778 vera
649 2741 929 2779 sacramenta
965 2740 1161 2796 spectata
1188 2739 1319 2786 sunt,
1342 2745 1457 2793 quae
1487 2727 1584 2775 sine
1611 2744 1757 2776 sacer-

278 2801 395 2852 dotis
424 2808 672 2870 praesentia
701 2825 780 2872 per
812 2807 1142 2857 renovationem
1179 2823 1448 2861 consensus,
1488 2804 1595 2852 dum
1631 2803 1758 2869 prius
