1918 3186
257 223 346 255 CAP.
369 223 411 254 V.
435 222 487 254 DE
509 221 665 254 mmsr.
688 219 893 253 commin.
918 222 1010 254 ΛΒΤ.
1028 221 1090 254 111.
1113 219 1269 253 maun.
1292 219 1442 253 THEOL.
1516 203 1605 249 169

139 300 345 366 possunt.
385 300 510 348 Unde
547 316 651 346 vero
691 298 909 346 eiusmodi
944 309 1011 346 est
1052 298 1289 364 petendum
1331 297 1605 352 discrimen,

144 377 232 424 nisi
259 376 377 441 quod
412 375 658 422 infidelium
693 374 946 437 coniugium
981 375 1112 422 sistit
1131 375 1175 421 in
1211 374 1330 422 nuda
1362 380 1609 421 contractus

142 450 372 507 naturalis,
394 461 468 497 aut
500 450 645 498 civilis
679 449 955 505 conditione,
981 460 1132 497 contra
1152 458 1256 498 vero
1275 449 1481 512 coniugia
1502 448 1612 495 fide-

142 525 250 573 lium
282 526 414 573 etiam
443 525 542 572 sine
569 525 810 573 sacerdotis
845 526 1095 590 praesentia
1121 525 1250 582 inita,
1280 524 1473 571 induunt
1490 539 1613 589 prae-

142 612 262 649 terea
284 601 542 665 qualitatem
567 602 856 658 sacramenti,
880 619 959 649 seu
978 602 1157 649 totidem
1182 610 1458 649 sacramenta
1480 599 1614 647 sunt?

142 676 262 724 Haec
285 687 353 723 est
376 676 502 734 ratio,
523 694 613 741 qua
630 677 857 725 tridentini
875 688 1022 741 patres
1039 676 1225 742 permoti
1243 687 1370 733 sunt,
1397 693 1497 723 cum
1519 674 1613 723 vel-

142 752 234 801 lent
258 753 535 801 clandestina
559 754 765 817 coniugia
793 754 916 802 irrita
933 754 1102 810 facere,
1124 763 1173 800 ut
1189 753 1422 800 redderent
1438 762 1613 800 contra-

142 829 300 877 hentes
330 829 554 877 inhabiles
584 830 640 877 ad
664 841 934 877 contractum
950 868 960 887 ,
992 830 1190 894 adeoque
1210 829 1266 877 ad
1289 822 1614 876 sacramentum

141 905 421 953 efficiendum
435 944 444 961 ‚
468 906 550 952 rati
573 905 695 952 nulla
712 905 799 952 alia
822 906 991 953 ratione
1010 904 1232 953 connubia
1249 904 1525 952 clandestina
1542 921 1614 950 se<-

141 981 227 1029 mel
251 982 360 1029 inita
382 999 514 1046 posse
541 981 752 1038 dissolvi,
778 999 830 1029 eo
863 982 982 1047 quod
1007 991 1158 1046 utpote
1181 990 1476 1036 sacramenta,
1509 997 1614 1028 vera

144 1074 196 1105 ac
241 1068 335 1104 rata
375 1058 466 1105 sint
493 1096 502 1114 ‚
548 1075 599 1105 ac
641 1068 871 1123 propterea
911 1057 1124 1105 ecclesiae
1164 1058 1367 1123 potestati
1412 1056 1496 1104 sub
1530 1056 1615 1104 hoc

144 1145 346 1200 respectu
370 1134 592 1182 subtracta
620 1138 664 1197 (5
674 1137 736 1197 4).
758 1136 915 1182 Verum
952 1135 1007 1182 de
1041 1135 1126 1182 hoc
1159 1144 1416 1198 argumento
1450 1134 1577 1181 alias.

238 1211 293 1258 Et
315 1211 426 1258 haec
450 1210 507 1257 de
530 1211 803 1274 argumentis
837 1211 1097 1274 theologicis
1117 1227 1197 1275 pro
1216 1210 1415 1257 doctrina
1433 1209 1490 1256 de
1506 1209 1615 1257 solis

142 1286 504 1334 contrahentibus
528 1303 609 1334 ceu
633 1287 895 1334 sacramenti
921 1287 1187 1333 matrimonii
1207 1286 1425 1332 ministris
1443 1323 1452 1341 ,
1474 1295 1611 1350 quae,

141 1363 179 1410 si
204 1362 287 1410 rite
309 1362 651 1427 perpendantur,
679 1362 810 1409 talem
840 1362 1142 1427 praeseferunt
1164 1361 1429 1409 evidentiam
1445 1399 1455 1417 ‚
1487 1370 1535 1407 ut
1558 1360 1614 1407 ad

141 1454 238 1485 eam
255 1436 571 1485 admittendam
589 1437 657 1486 vel
677 1438 799 1504 ipsos
818 1437 1079 1485 reluctantes
1097 1437 1419 1501 quadamtenus
1436 1446 1595 1500 cogant

704 1549 979 1586 ARTICULUS
1005 1549 1065 1585 lv.

374 1646 700 1696 Argumentorum
722 1645 922 1695 utriusque
948 1647 1156 1685 sententiae
1173 1646 1357 1695 epicrisis.

240 1746 393 1794 Maiori
431 1764 519 1812 quo
554 1747 677 1812 potui
714 1746 853 1793 animi
889 1745 1081 1794 candore
1114 1757 1157 1793 et
1189 1746 1507 1811 perspicuitate
1546 1762 1617 1793 ar-

142 1833 358 1886 gumentav
375 1824 422 1870 in
445 1823 643 1871 medium
670 1823 830 1889 protuli
855 1834 903 1872 et
924 1823 1124 1889 exposui,
1153 1841 1268 1888 quae
1292 1823 1438 1871 afferri
1474 1821 1619 1870 solent

142 1897 198 1944 ab
233 1898 464 1964 utriusque
497 1899 741 1947 sententiae
788 1898 1180 1965 adstipulatoribus
1197 1918 1208 1963 >3
1247 1908 1338 1946 tum
1373 1914 1531 1962 nempe
1565 1915 1618 1944 ex

144 1974 399 2021 auctoritate
431 1974 599 2022 biblica
628 1985 671 2023 et
704 1974 1001 2032 traditionali‚
1024 1986 1115 2022 tum
1141 1992 1194 2021 ex
1218 1974 1319 2021 aliis
1346 1973 1618 2036 theologicae

143 2048 410 2113 disciplinae
432 2049 656 2107 fontibus,
694 2068 747 2097 ex
781 2050 995 2098 ecclesiae
1028 2049 1247 2098 sentiendi
1283 2058 1326 2096 et
1358 2048 1519 2113 agendi
1554 2065 1619 2096 ra-

144 2124 287 2180 tione,
317 2141 371 2170 ex
398 2125 779 2172 oecumenicorum
814 2126 1102 2174 conciliorum
1137 2125 1360 2181 doctrina,
1399 2134 1531 2188 atque
1563 2140 1618 2171 ex

144 2199 266 2247 sedis
285 2199 553 2265 apostolicae
571 2217 706 2247 sensu
724 2210 767 2247 et
783 2201 924 2264 praxi.
947 2200 1150 2247 Discussi
1170 2199 1280 2246 haec
1303 2200 1452 2247 omnia
1476 2215 1619 2264 aequa

143 2274 292 2331 lance,
335 2275 540 2339 vimque,
581 2285 655 2322 aut
688 2275 989 2322 infirmitatem
1025 2274 1298 2338 singulorum
1317 2275 1362 2321 in
1387 2274 1618 2339 propatulo

145 2352 373 2399 constitui.

242 2427 369 2474 Nunc
392 2436 587 2491 praestat
612 2444 665 2474 ex
695 2426 948 2475 eorumdem
978 2426 1034 2474 ad
1065 2427 1254 2474 invicem
1284 2425 1516 2474 collatione
1541 2436 1619 2473 va-

146 2501 283 2549 lorem
310 2501 562 2550 absolutum
588 2502 817 2566 colligere,
844 2512 892 2549 ut
923 2519 1072 2549 veram
1109 2502 1417 2548 nanciscamur
1449 2511 1620 2548 senten-

147 2576 269 2623 tiam.
300 2578 434 2626 Porro
452 2579 490 2626 si
510 2588 655 2626 mente
675 2578 929 2644 anticipatis
963 2578 1143 2625 iudiciis
1176 2593 1315 2624 vacua
1337 2576 1447 2624 haec
1462 2594 1621 2642 expen-

148 2651 333 2710 dantur,
361 2654 528 2719 patebit
552 2655 661 2702 Cani
684 2655 949 2703 sententiam
983 2654 1121 2701 fuisse
1154 2653 1336 2701 omnino
1368 2670 1549 2710 novam,
1579 2664 1622 2701 et

151 2728 365 2777 hactenus
403 2731 448 2776 in
482 2730 671 2779 ecclesia
706 2730 975 2787 inauditam,
1013 2730 1222 2796 omnique
1258 2746 1440 2800 prorsus
1475 2730 1620 2780 solido

244 2829 311 2869 (54)
329 2830 376 2862 De
388 2830 530 2862 matrim.
547 2839 618 2870 cap.
631 2831 703 2863 vn.
