<?xml version="1.0" encoding="UTF-8"?>
<!DOCTYPE html PUBLIC "-//W3C//DTD XHTML 1.0 Transitional//EN"
    "http://www.w3.org/TR/xhtml1/DTD/xhtml1-transitional.dtd">
<html xmlns="http://www.w3.org/1999/xhtml" xml:lang="en" lang="en">
 <head>
  <title>
</title>
<meta http-equiv="Content-Type" content="text/html;charset=utf-8" />
  <meta name='ocr-system' content='tesseract 3.04.00' />
  <meta name='ocr-capabilities' content='ocr_page ocr_carea ocr_par ocr_line ocrx_word'/>
</head>
<body>
  <div class='ocr_page' id='page_1' title='image "a603380701perruoft_0060.png"; bbox 0 0 1918 3186; ppageno 0'>
   <div class='ocr_carea' id='block_1_1' title="bbox 276 162 1456 209">
    <p class='ocr_par' dir='ltr' id='par_1_1' title="bbox 276 162 1456 209">
     <span class='ocr_line' id='line_1_1' title="bbox 276 162 1456 209; baseline -0.008 -1"><span class='ocrx_word' id='word_1_1' title='bbox 276 162 333 209; x_wconf 73' lang='lat'><strong>38</strong></span> <span class='ocrx_word' id='word_1_2' title='bbox 539 175 619 207; x_wconf 65' lang='lat' dir='ltr'><strong>mi.</strong></span> <span class='ocrx_word' id='word_1_3' title='bbox 649 175 678 207; x_wconf 88' lang='lat'><strong>1.</strong></span> <span class='ocrx_word' id='word_1_4' title='bbox 707 172 820 205; x_wconf 73' lang='lat' dir='ltr'><strong>secr.</strong></span> <span class='ocrx_word' id='word_1_5' title='bbox 850 171 880 202; x_wconf 86' lang='lat'><strong>1.</strong></span> <span class='ocrx_word' id='word_1_6' title='bbox 902 170 954 202; x_wconf 76' lang='lat' dir='ltr'><strong>nn</strong></span> <span class='ocrx_word' id='word_1_7' title='bbox 976 168 1151 202; x_wconf 71' lang='lat' dir='ltr'><strong>mrum.</strong></span> <span class='ocrx_word' id='word_1_8' title='bbox 1175 167 1456 202; x_wconf 60' lang='lat' dir='ltr'><strong>sscninnnro.</strong></span> 
     </span>
    </p>
   </div>
   <div class='ocr_carea' id='block_1_2' title="bbox 272 246 1755 2277">
    <p class='ocr_par' dir='ltr' id='par_1_2' title="bbox 272 246 1754 1972">
     <span class='ocr_line' id='line_1_2' title="bbox 273 246 1743 317; baseline -0.004 -15"><span class='ocrx_word' id='word_1_9' title='bbox 273 253 330 309; x_wconf 83' lang='lat' dir='ltr'><strong>ab</strong></span> <span class='ocrx_word' id='word_1_10' title='bbox 362 252 571 317; x_wconf 85' lang='lat' dir='ltr'><strong>Apostolo</strong></span> <span class='ocrx_word' id='word_1_11' title='bbox 604 249 819 316; x_wconf 82' lang='lat' dir='ltr'><strong>appellari</strong></span> <span class='ocrx_word' id='word_1_12' title='bbox 853 247 1047 298; x_wconf 80' lang='lat' dir='ltr'><strong>ostendit</strong></span> <span class='ocrx_word' id='word_1_13' title='bbox 1078 258 1170 295; x_wconf 87' lang='lat' dir='ltr'><strong>tum</strong></span> <span class='ocrx_word' id='word_1_14' title='bbox 1203 265 1257 295; x_wconf 86' lang='lat' dir='ltr'><strong>ex</strong></span> <span class='ocrx_word' id='word_1_15' title='bbox 1289 258 1484 295; x_wconf 87' lang='lat' dir='ltr'><strong>veterum</strong></span> <span class='ocrx_word' id='word_1_16' title='bbox 1529 246 1743 311; x_wconf 81' lang='lat' dir='ltr'><strong>interpre-</strong></span> 
     </span>
     <span class='ocr_line' id='line_1_3' title="bbox 272 321 1739 388; baseline -0.005 -11"><span class='ocrx_word' id='word_1_17' title='bbox 272 329 453 384; x_wconf 81' lang='lat' dir='ltr'><strong>tatione,</strong></span> <span class='ocrx_word' id='word_1_18' title='bbox 490 326 839 380; x_wconf 81' lang='lat' dir='ltr'><strong>Ambrosiastro‚</strong></span> <span class='ocrx_word' id='word_1_19' title='bbox 879 323 1168 388; x_wconf 79' lang='lat' dir='ltr'>Hieronymo,</span> <span class='ocrx_word' id='word_1_20' title='bbox 1197 322 1404 386; x_wconf 81' lang='lat' dir='ltr'>Gregorio</span> <span class='ocrx_word' id='word_1_21' title='bbox 1437 321 1739 379; x_wconf 79' lang='lat' dir='ltr'><strong>nazianzeno,</strong></span> 
     </span>
     <span class='ocr_line' id='line_1_4' title="bbox 274 397 1742 467; baseline -0.003 -16"><span class='ocrx_word' id='word_1_22' title='bbox 274 404 609 467; x_wconf 87' lang='lat' dir='ltr'><strong>Chrysostomo,</strong></span> <span class='ocrx_word' id='word_1_23' title='bbox 637 410 680 446; x_wconf 87' lang='lat' dir='ltr'><strong>et</strong></span> <span class='ocrx_word' id='word_1_24' title='bbox 700 399 969 462; x_wconf 64' lang='lat' dir='ltr'><strong>Augus-stium</strong></span> <span class='ocrx_word' id='word_1_25' title='bbox 998 409 1089 445; x_wconf 89' lang='lat' dir='ltr'><strong>tum</strong></span> <span class='ocrx_word' id='word_1_26' title='bbox 1108 415 1160 445; x_wconf 85' lang='lat' dir='ltr'><strong>ex</strong></span> <span class='ocrx_word' id='word_1_27' title='bbox 1178 398 1278 462; x_wconf 86' lang='lat' dir='ltr'><strong>ipso</strong></span> <span class='ocrx_word' id='word_1_28' title='bbox 1301 408 1504 446; x_wconf 79' lang='lat' dir='ltr'><strong>contextu</strong></span> <span class='ocrx_word' id='word_1_29' title='bbox 1527 397 1713 462; x_wconf 79' lang='lat' dir='ltr'><strong>paulino</strong></span> <span class='ocrx_word' id='word_1_30' title='bbox 1728 434 1742 455; x_wconf 85' lang='lat'><strong><em>‚</em></strong></span> 
     </span>
     <span class='ocr_line' id='line_1_5' title="bbox 274 473 1746 543; baseline -0.003 -17"><span class='ocrx_word' id='word_1_31' title='bbox 274 489 407 543; x_wconf 87' lang='lat' dir='ltr'><strong>atque</strong></span> <span class='ocrx_word' id='word_1_32' title='bbox 425 495 477 524; x_wconf 87' lang='lat' dir='ltr'><strong>ex</strong></span> <span class='ocrx_word' id='word_1_33' title='bbox 495 475 691 540; x_wconf 85' lang='lat' dir='ltr'><strong>Apostoli</strong></span> <span class='ocrx_word' id='word_1_34' title='bbox 719 492 869 540; x_wconf 87' lang='lat' dir='ltr'><strong>scopo.</strong></span> <span class='ocrx_word' id='word_1_35' title='bbox 887 476 997 523; x_wconf 88' lang='lat' dir='ltr'><strong>Nam</strong></span> <span class='ocrx_word' id='word_1_36' title='bbox 1023 492 1123 522; x_wconf 87' lang='lat' dir='ltr'><strong>cum</strong></span> <span class='ocrx_word' id='word_1_37' title='bbox 1152 474 1272 522; x_wconf 87' lang='lat' dir='ltr'><strong>dicat</strong></span> <span class='ocrx_word' id='word_1_38' title='bbox 1297 473 1563 538; x_wconf 78' lang='lat' dir='ltr'><strong>Apostolus:</strong></span> <span class='ocrx_word' id='word_1_39' title='bbox 1591 490 1746 521; x_wconf 77' lang='lat' dir='ltr'><strong>sacra-</strong></span> 
     </span>
     <span class='ocr_line' id='line_1_6' title="bbox 273 549 1746 615; baseline -0.002 -15"><span class='ocrx_word' id='word_1_40' title='bbox 273 563 459 600; x_wconf 80' lang='lat' dir='ltr'><strong>mentum</strong></span> <span class='ocrx_word' id='word_1_41' title='bbox 484 553 558 598; x_wconf 85' lang='lat' dir='ltr'><strong>hoc</strong></span> <span class='ocrx_word' id='word_1_42' title='bbox 579 567 783 615; x_wconf 71' lang='lat' dir='ltr'><strong>maynum</strong></span> <span class='ocrx_word' id='word_1_43' title='bbox 805 561 894 606; x_wconf 76' lang='lat' dir='ltr'><strong>est‚·</strong></span> <span class='ocrx_word' id='word_1_44' title='bbox 916 564 1156 615; x_wconf 84' lang='lat' dir='ltr'><strong>pronomen</strong></span> <span class='ocrx_word' id='word_1_45' title='bbox 1181 550 1271 604; x_wconf 75' lang='lat' dir='ltr'><strong>hoc,</strong></span> <span class='ocrx_word' id='word_1_46' title='bbox 1293 560 1444 614; x_wconf 86' lang='lat' dir='ltr'><strong>utpote</strong></span> <span class='ocrx_word' id='word_1_47' title='bbox 1466 549 1746 599; x_wconf 87' lang='lat' dir='ltr'><strong>demonstra-</strong></span> 
     </span>
     <span class='ocr_line' id='line_1_7' title="bbox 273 624 1745 689; baseline -0.001 -14"><span class='ocrx_word' id='word_1_48' title='bbox 273 627 425 683; x_wconf 87' lang='lat' dir='ltr'><strong>tivum,</strong></span> <span class='ocrx_word' id='word_1_49' title='bbox 448 626 699 674; x_wconf 89' lang='lat' dir='ltr'><strong>necessario</strong></span> <span class='ocrx_word' id='word_1_50' title='bbox 716 625 871 673; x_wconf 82' lang='lat' dir='ltr'><strong>referri</strong></span> <span class='ocrx_word' id='word_1_51' title='bbox 887 625 1018 673; x_wconf 88' lang='lat' dir='ltr'><strong>debet</strong></span> <span class='ocrx_word' id='word_1_52' title='bbox 1034 624 1091 671; x_wconf 90' lang='lat' dir='ltr'><strong>ad</strong></span> <span class='ocrx_word' id='word_1_53' title='bbox 1109 624 1154 670; x_wconf 87' lang='lat' dir='ltr'><strong>id</strong></span> <span class='ocrx_word' id='word_1_54' title='bbox 1172 624 1292 688; x_wconf 89' lang='lat' dir='ltr'><strong>quod</strong></span> <span class='ocrx_word' id='word_1_55' title='bbox 1317 625 1516 688; x_wconf 83' lang='lat' dir='ltr'><strong>proxime</strong></span> <span class='ocrx_word' id='word_1_56' title='bbox 1538 641 1745 689; x_wconf 86' lang='lat' dir='ltr'><strong>praeces-</strong></span> 
     </span>
     <span class='ocr_line' id='line_1_8' title="bbox 273 699 1744 766; baseline -0.001 -16"><span class='ocrx_word' id='word_1_57' title='bbox 273 702 353 758; x_wconf 81' lang='lat' dir='ltr'><strong>sit3</strong></span> <span class='ocrx_word' id='word_1_58' title='bbox 375 702 573 766; x_wconf 85' lang='lat' dir='ltr'><strong>proxime</strong></span> <span class='ocrx_word' id='word_1_59' title='bbox 594 717 697 749; x_wconf 81' lang='lat' dir='ltr'><strong>vero</strong></span> <span class='ocrx_word' id='word_1_60' title='bbox 714 700 823 748; x_wconf 92' lang='lat' dir='ltr'><strong>illud</strong></span> <span class='ocrx_word' id='word_1_61' title='bbox 842 700 1105 765; x_wconf 81' lang='lat' dir='ltr'><strong>praecessit:</strong></span> <span class='ocrx_word' id='word_1_62' title='bbox 1132 699 1358 763; x_wconf 71' lang='lat' dir='ltr'><strong>Relinquat</strong></span> <span class='ocrx_word' id='word_1_63' title='bbox 1381 701 1499 747; x_wconf 72' lang='lat' dir='ltr'><strong>homo</strong></span> <span class='ocrx_word' id='word_1_64' title='bbox 1516 710 1687 764; x_wconf 80' lang='lat' dir='ltr'><strong>patrem</strong></span> <span class='ocrx_word' id='word_1_65' title='bbox 1703 710 1744 747; x_wconf 79' lang='lat' dir='ltr'><strong>et</strong></span> 
     </span>
     <span class='ocr_line' id='line_1_9' title="bbox 273 775 1741 832; baseline -0.001 -8"><span class='ocrx_word' id='word_1_66' title='bbox 273 787 452 825; x_wconf 79' lang='lat' dir='ltr'><strong>matrem</strong></span> <span class='ocrx_word' id='word_1_67' title='bbox 466 787 508 824; x_wconf 80' lang='lat' dir='ltr'><strong>et</strong></span> <span class='ocrx_word' id='word_1_68' title='bbox 524 777 771 824; x_wconf 75' lang='lat' dir='ltr'><strong>adhaerebit</strong></span> <span class='ocrx_word' id='word_1_69' title='bbox 786 778 918 824; x_wconf 75' lang='lat' dir='ltr'><strong>uxori</strong></span> <span class='ocrx_word' id='word_1_70' title='bbox 936 793 1063 830; x_wconf 81' lang='lat' dir='ltr'><strong>suae,</strong></span> <span class='ocrx_word' id='word_1_71' title='bbox 1093 785 1132 822; x_wconf 80' lang='lat' dir='ltr'><strong>et</strong></span> <span class='ocrx_word' id='word_1_72' title='bbox 1156 785 1279 821; x_wconf 76' lang='lat' dir='ltr'><strong>erunt</strong></span> <span class='ocrx_word' id='word_1_73' title='bbox 1301 775 1383 823; x_wconf 82' lang='lat' dir='ltr'><strong>duo</strong></span> <span class='ocrx_word' id='word_1_74' title='bbox 1407 778 1455 822; x_wconf 73' lang='lat' dir='ltr'><strong>in</strong></span> <span class='ocrx_word' id='word_1_75' title='bbox 1476 794 1603 824; x_wconf 79' lang='lat' dir='ltr'><strong>carne</strong></span> <span class='ocrx_word' id='word_1_76' title='bbox 1625 793 1741 832; x_wconf 83' lang='lat' dir='ltr'><strong>una;</strong></span> 
     </span>
     <span class='ocr_line' id='line_1_10' title="bbox 274 850 1746 917; baseline -0.001 -18"><span class='ocrx_word' id='word_1_77' title='bbox 274 853 408 916; x_wconf 80' lang='lat' dir='ltr'><strong>igitur</strong></span> <span class='ocrx_word' id='word_1_78' title='bbox 423 870 476 900; x_wconf 77' lang='lat' dir='ltr'><strong>ex</strong></span> <span class='ocrx_word' id='word_1_79' title='bbox 492 852 702 917; x_wconf 88' lang='lat' dir='ltr'><strong>Apostolo</strong></span> <span class='ocrx_word' id='word_1_80' title='bbox 718 860 1031 900; x_wconf 82' lang='lat' dir='ltr'><strong>sacramentum</strong></span> <span class='ocrx_word' id='word_1_81' title='bbox 1048 850 1121 896; x_wconf 78' lang='lat' dir='ltr'><strong>hoc</strong></span> <span class='ocrx_word' id='word_1_82' title='bbox 1131 886 1143 906; x_wconf 91' lang='lat'><em>,</em></span> <span class='ocrx_word' id='word_1_83' title='bbox 1160 850 1368 897; x_wconf 86' lang='lat' dir='ltr'><strong>nimirum</strong></span> <span class='ocrx_word' id='word_1_84' title='bbox 1381 851 1500 915; x_wconf 90' lang='lat' dir='ltr'><strong>quod</strong></span> <span class='ocrx_word' id='word_1_85' title='bbox 1518 851 1746 915; x_wconf 83' lang='lat' dir='ltr'><strong>relinquat</strong></span> 
     </span>
     <span class='ocr_line' id='line_1_11' title="bbox 274 925 1747 993; baseline -0.002 -17"><span class='ocrx_word' id='word_1_86' title='bbox 274 928 408 977; x_wconf 86' lang='lat' dir='ltr'><strong>homo</strong></span> <span class='ocrx_word' id='word_1_87' title='bbox 426 938 593 993; x_wconf 88' lang='lat' dir='ltr'><strong>patrem</strong></span> <span class='ocrx_word' id='word_1_88' title='bbox 605 939 648 975; x_wconf 94' lang='lat' dir='ltr'><strong>et</strong></span> <span class='ocrx_word' id='word_1_89' title='bbox 659 938 866 983; x_wconf 89' lang='lat' dir='ltr'><strong>matrem,</strong></span> <span class='ocrx_word' id='word_1_90' title='bbox 889 937 932 974; x_wconf 94' lang='lat' dir='ltr'><strong>et</strong></span> <span class='ocrx_word' id='word_1_91' title='bbox 949 926 1188 974; x_wconf 86' lang='lat' dir='ltr'><strong>adhaereat</strong></span> <span class='ocrx_word' id='word_1_92' title='bbox 1202 926 1327 974; x_wconf 88' lang='lat' dir='ltr'><strong>uxori</strong></span> <span class='ocrx_word' id='word_1_93' title='bbox 1347 943 1473 983; x_wconf 85' lang='lat' dir='ltr'><strong>suae,</strong></span> <span class='ocrx_word' id='word_1_94' title='bbox 1486 936 1530 973; x_wconf 87' lang='lat' dir='ltr'><strong>et</strong></span> <span class='ocrx_word' id='word_1_95' title='bbox 1547 926 1636 973; x_wconf 84' lang='lat' dir='ltr'><strong>sint</strong></span> <span class='ocrx_word' id='word_1_96' title='bbox 1654 925 1747 974; x_wconf 88' lang='lat' dir='ltr'><strong>duo</strong></span> 
     </span>
     <span class='ocr_line' id='line_1_12' title="bbox 275 1001 1750 1066; baseline -0.002 -15"><span class='ocrx_word' id='word_1_97' title='bbox 275 1004 322 1050; x_wconf 84' lang='lat' dir='ltr'><strong>in</strong></span> <span class='ocrx_word' id='word_1_98' title='bbox 351 1021 482 1051; x_wconf 84' lang='lat' dir='ltr'><strong>carne</strong></span> <span class='ocrx_word' id='word_1_99' title='bbox 511 1021 625 1059; x_wconf 82' lang='lat' dir='ltr'><strong>una,</strong></span> <span class='ocrx_word' id='word_1_100' title='bbox 655 1020 863 1066; x_wconf 81' lang='lat' dir='ltr'><strong>magnum</strong></span> <span class='ocrx_word' id='word_1_101' title='bbox 892 1012 986 1058; x_wconf 84' lang='lat' dir='ltr'><strong>est,</strong></span> <span class='ocrx_word' id='word_1_102' title='bbox 1010 1001 1117 1066; x_wconf 88' lang='lat' dir='ltr'><strong>quia</strong></span> <span class='ocrx_word' id='word_1_103' title='bbox 1145 1001 1309 1048; x_wconf 84' lang='lat' dir='ltr'><strong>Christi</strong></span> <span class='ocrx_word' id='word_1_104' title='bbox 1336 1012 1381 1050; x_wconf 88' lang='lat' dir='ltr'><strong>et</strong></span> <span class='ocrx_word' id='word_1_105' title='bbox 1404 1001 1619 1049; x_wconf 83' lang='lat' dir='ltr'><strong>ecclesiae</strong></span> <span class='ocrx_word' id='word_1_106' title='bbox 1646 1017 1750 1049; x_wconf 86' lang='lat' dir='ltr'><strong>con-</strong></span> 
     </span>
     <span class='ocr_line' id='line_1_13' title="bbox 276 1076 1747 1143; baseline -0.003 -17"><span class='ocrx_word' id='word_1_107' title='bbox 276 1079 448 1142; x_wconf 83' lang='lat' dir='ltr'><strong>iugium</strong></span> <span class='ocrx_word' id='word_1_108' title='bbox 472 1088 790 1143; x_wconf 81' lang='lat' dir='ltr'><strong>repraesentat.</strong></span> <span class='ocrx_word' id='word_1_109' title='bbox 810 1079 981 1142; x_wconf 87' lang='lat' dir='ltr'><strong>Scopus</strong></span> <span class='ocrx_word' id='word_1_110' title='bbox 1005 1078 1188 1142; x_wconf 88' lang='lat' dir='ltr'><strong>insuper</strong></span> <span class='ocrx_word' id='word_1_111' title='bbox 1210 1077 1398 1142; x_wconf 87' lang='lat' dir='ltr'><strong>apostoli</strong></span> <span class='ocrx_word' id='word_1_112' title='bbox 1423 1077 1468 1124; x_wconf 91' lang='lat' dir='ltr'><strong>id</strong></span> <span class='ocrx_word' id='word_1_113' title='bbox 1493 1076 1645 1140; x_wconf 79' lang='lat' dir='ltr'><strong>exigit,</strong></span> <span class='ocrx_word' id='word_1_114' title='bbox 1667 1076 1747 1141; x_wconf 89' lang='lat' dir='ltr'><strong>qui</strong></span> 
     </span>
     <span class='ocr_line' id='line_1_14' title="bbox 275 1151 1748 1216; baseline -0.002 -14"><span class='ocrx_word' id='word_1_115' title='bbox 275 1155 316 1202; x_wconf 86' lang='lat' dir='ltr'><strong>is</strong></span> <span class='ocrx_word' id='word_1_116' title='bbox 340 1166 435 1212; x_wconf 88' lang='lat' dir='ltr'><strong>est,</strong></span> <span class='ocrx_word' id='word_1_117' title='bbox 462 1165 511 1203; x_wconf 90' lang='lat' dir='ltr'><strong>ut</strong></span> <span class='ocrx_word' id='word_1_118' title='bbox 533 1154 714 1202; x_wconf 86' lang='lat' dir='ltr'><strong>inducat</strong></span> <span class='ocrx_word' id='word_1_119' title='bbox 736 1154 950 1216; x_wconf 82' lang='lat' dir='ltr'><strong>coniuges</strong></span> <span class='ocrx_word' id='word_1_120' title='bbox 978 1153 1036 1200; x_wconf 89' lang='lat' dir='ltr'><strong>ad</strong></span> <span class='ocrx_word' id='word_1_121' title='bbox 1059 1163 1256 1200; x_wconf 86' lang='lat' dir='ltr'><strong>mutuam</strong></span> <span class='ocrx_word' id='word_1_122' title='bbox 1278 1152 1629 1201; x_wconf 77' lang='lat' dir='ltr'><strong>benevolentiam</strong></span> <span class='ocrx_word' id='word_1_123' title='bbox 1644 1190 1654 1209; x_wconf 86' lang='lat'>,</span> <span class='ocrx_word' id='word_1_124' title='bbox 1690 1151 1748 1199; x_wconf 89' lang='lat' dir='ltr'><strong>ad</strong></span> 
     </span>
     <span class='ocr_line' id='line_1_15' title="bbox 276 1227 1751 1295; baseline -0.003 -18"><span class='ocrx_word' id='word_1_125' title='bbox 276 1248 409 1295; x_wconf 92' lang='lat' dir='ltr'><strong>quam</strong></span> <span class='ocrx_word' id='word_1_126' title='bbox 434 1248 510 1278; x_wconf 89' lang='lat' dir='ltr'><strong>eos</strong></span> <span class='ocrx_word' id='word_1_127' title='bbox 534 1240 742 1295; x_wconf 85' lang='lat' dir='ltr'><strong>provocat</strong></span> <span class='ocrx_word' id='word_1_128' title='bbox 764 1230 849 1277; x_wconf 93' lang='lat' dir='ltr'><strong>hoc</strong></span> <span class='ocrx_word' id='word_1_129' title='bbox 874 1230 1107 1294; x_wconf 84' lang='lat' dir='ltr'><strong>mysterio,</strong></span> <span class='ocrx_word' id='word_1_130' title='bbox 1136 1229 1255 1293; x_wconf 90' lang='lat' dir='ltr'><strong>quod</strong></span> <span class='ocrx_word' id='word_1_131' title='bbox 1278 1228 1608 1276; x_wconf 85' lang='lat' dir='ltr'><strong>matrimonium</strong></span> <span class='ocrx_word' id='word_1_132' title='bbox 1631 1227 1679 1274; x_wconf 88' lang='lat' dir='ltr'><strong>in</strong></span> <span class='ocrx_word' id='word_1_133' title='bbox 1699 1244 1751 1281; x_wconf 81' lang='lat' dir='ltr'><strong>se</strong></span> 
     </span>
     <span class='ocr_line' id='line_1_16' title="bbox 278 1303 1750 1368; baseline -0.003 -15"><span class='ocrx_word' id='word_1_134' title='bbox 278 1306 411 1353; x_wconf 83' lang='lat' dir='ltr'><strong>refert</strong></span> <span class='ocrx_word' id='word_1_135' title='bbox 422 1305 744 1353; x_wconf 87' lang='lat' dir='ltr'><strong>coniunctionis</strong></span> <span class='ocrx_word' id='word_1_136' title='bbox 758 1304 922 1352; x_wconf 84' lang='lat' dir='ltr'><strong>Christi</strong></span> <span class='ocrx_word' id='word_1_137' title='bbox 935 1315 978 1352; x_wconf 90' lang='lat' dir='ltr'><strong>et</strong></span> <span class='ocrx_word' id='word_1_138' title='bbox 989 1303 1219 1351; x_wconf 85' lang='lat' dir='ltr'><strong>ecclesiae.</strong></span> <span class='ocrx_word' id='word_1_139' title='bbox 1234 1303 1328 1352; x_wconf 90' lang='lat' dir='ltr'><strong>Hoc</strong></span> <span class='ocrx_word' id='word_1_140' title='bbox 1345 1304 1495 1368; x_wconf 85' lang='lat' dir='ltr'><strong>ipsum</strong></span> <span class='ocrx_word' id='word_1_141' title='bbox 1512 1303 1750 1351; x_wconf 85' lang='lat' dir='ltr'><strong>confirma-</strong></span> 
     </span>
     <span class='ocr_line' id='line_1_17' title="bbox 275 1370 1752 1445; baseline -0.005 -16"><span class='ocrx_word' id='word_1_142' title='bbox 275 1391 347 1429; x_wconf 86' lang='lat' dir='ltr'><strong>tur</strong></span> <span class='ocrx_word' id='word_1_143' title='bbox 379 1399 446 1428; x_wconf 85' lang='lat' dir='ltr'><strong>ex.</strong></span> <span class='ocrx_word' id='word_1_144' title='bbox 470 1398 539 1444; x_wconf 83' lang='lat' dir='ltr'><strong>gr.</strong></span> <span class='ocrx_word' id='word_1_145' title='bbox 574 1391 692 1428; x_wconf 81' lang='lat' dir='ltr'><strong>textu</strong></span> <span class='ocrx_word' id='word_1_146' title='bbox 717 1381 764 1427; x_wconf 90' lang='lat' dir='ltr'><strong>in</strong></span> <span class='ocrx_word' id='word_1_147' title='bbox 787 1397 875 1445; x_wconf 90' lang='lat' dir='ltr'><strong>quo</strong></span> <span class='ocrx_word' id='word_1_148' title='bbox 908 1380 1096 1427; x_wconf 89' lang='lat' dir='ltr'><strong>habetur</strong></span> <span class='ocrx_word' id='word_1_149' title='bbox 1131 1372 1201 1432; x_wconf 81' lang='grc' dir='ltr'><strong>εἷς</strong></span> <span class='ocrx_word' id='word_1_150' title='bbox 1224 1370 1436 1445; x_wconf 76' lang='grc' dir='ltr'><strong><em>χριστὸν</em></strong></span> <span class='ocrx_word' id='word_1_151' title='bbox 1457 1371 1542 1436; x_wconf 64' lang='lat' dir='ltr'><strong>aa)</strong></span> <span class='ocrx_word' id='word_1_152' title='bbox 1571 1370 1642 1432; x_wconf 82' lang='grc' dir='ltr'><strong>εἷς</strong></span> <span class='ocrx_word' id='word_1_153' title='bbox 1663 1371 1752 1426; x_wconf 64' lang='grc' dir='ltr'><strong>τὴν</strong></span> 
     </span>
     <span class='ocr_line' id='line_1_18' title="bbox 279 1448 1752 1518; baseline -0.001 -17"><span class='ocrx_word' id='word_1_154' title='bbox 279 1448 552 1507; x_wconf 72' lang='grc' dir='ltr'><strong><em>ἐκκλησίαν</em></strong></span> <span class='ocrx_word' id='word_1_155' title='bbox 581 1458 644 1503; x_wconf 76' lang='grc' dir='ltr'><strong>··ι“η</strong></span> <span class='ocrx_word' id='word_1_156' title='bbox 670 1457 888 1503; x_wconf 76' lang='lat' dir='ltr'><strong>Christum</strong></span> <span class='ocrx_word' id='word_1_157' title='bbox 922 1465 962 1502; x_wconf 80' lang='lat' dir='ltr'><strong>et</strong></span> <span class='ocrx_word' id='word_1_158' title='bbox 994 1457 1041 1502; x_wconf 78' lang='lat' dir='ltr'><strong>in</strong></span> <span class='ocrx_word' id='word_1_159' title='bbox 1074 1455 1321 1510; x_wconf 55' lang='lat' dir='ltr'><strong>ecolesinam,-</strong></span> <span class='ocrx_word' id='word_1_160' title='bbox 1350 1472 1429 1502; x_wconf 88' lang='lat' dir='ltr'><strong>seu</strong></span> <span class='ocrx_word' id='word_1_161' title='bbox 1464 1454 1619 1501; x_wconf 80' lang='lat' dir='ltr'><strong>referri</strong></span> <span class='ocrx_word' id='word_1_162' title='bbox 1652 1471 1752 1518; x_wconf 81' lang='lat' dir='ltr'><strong>my-</strong></span> 
     </span>
     <span class='ocr_line' id='line_1_19' title="bbox 277 1530 1754 1595; baseline -0.003 -15"><span class='ocrx_word' id='word_1_163' title='bbox 277 1532 459 1580; x_wconf 87' lang='lat' dir='ltr'><strong>sterium</strong></span> <span class='ocrx_word' id='word_1_164' title='bbox 492 1531 686 1595; x_wconf 82' lang='lat' dir='ltr'><strong>coniugii</strong></span> <span class='ocrx_word' id='word_1_165' title='bbox 731 1542 956 1595; x_wconf 85' lang='lat' dir='ltr'><strong>tamquam</strong></span> <span class='ocrx_word' id='word_1_166' title='bbox 995 1531 1040 1577; x_wconf 90' lang='lat' dir='ltr'><strong>in</strong></span> <span class='ocrx_word' id='word_1_167' title='bbox 1085 1530 1320 1577; x_wconf 90' lang='lat' dir='ltr'><strong>terminum</strong></span> <span class='ocrx_word' id='word_1_168' title='bbox 1360 1530 1404 1576; x_wconf 89' lang='lat' dir='ltr'><strong>in</strong></span> <span class='ocrx_word' id='word_1_169' title='bbox 1449 1530 1675 1577; x_wconf 89' lang='lat' dir='ltr'><strong>Christum</strong></span> <span class='ocrx_word' id='word_1_170' title='bbox 1708 1539 1754 1576; x_wconf 88' lang='lat' dir='ltr'><strong>et</strong></span> 
     </span>
     <span class='ocr_line' id='line_1_20' title="bbox 277 1604 1751 1671; baseline -0.003 -17"><span class='ocrx_word' id='word_1_171' title='bbox 277 1607 507 1655; x_wconf 84' lang='lat' dir='ltr'><strong>ecclesiam</strong></span> <span class='ocrx_word' id='word_1_172' title='bbox 526 1645 536 1664; x_wconf 85' lang='lat'>,</span> <span class='ocrx_word' id='word_1_173' title='bbox 575 1607 710 1671; x_wconf 71' lang='lat' dir='ltr'><strong>veluti</strong></span> <span class='ocrx_word' id='word_1_174' title='bbox 746 1607 924 1670; x_wconf 76' lang='lat' dir='ltr'><strong>signum</strong></span> <span class='ocrx_word' id='word_1_175' title='bbox 942 1644 952 1664; x_wconf 93' lang='lat'>‚</span> <span class='ocrx_word' id='word_1_176' title='bbox 992 1623 1071 1654; x_wconf 90' lang='lat' dir='ltr'><strong>seu</strong></span> <span class='ocrx_word' id='word_1_177' title='bbox 1105 1605 1359 1670; x_wconf 85' lang='lat' dir='ltr'><strong>symbolum</strong></span> <span class='ocrx_word' id='word_1_178' title='bbox 1393 1605 1448 1652; x_wconf 87' lang='lat' dir='ltr'><strong>ad</strong></span> <span class='ocrx_word' id='word_1_179' title='bbox 1493 1604 1751 1667; x_wconf 81' lang='lat' dir='ltr'><strong>significan-</strong></span> 
     </span>
     <span class='ocr_line' id='line_1_21' title="bbox 277 1681 1747 1746; baseline -0.003 -16"><span class='ocrx_word' id='word_1_180' title='bbox 277 1683 382 1731; x_wconf 89' lang='lat' dir='ltr'><strong>dam</strong></span> <span class='ocrx_word' id='word_1_181' title='bbox 419 1684 628 1731; x_wconf 90' lang='lat' dir='ltr'><strong>unionem</strong></span> <span class='ocrx_word' id='word_1_182' title='bbox 663 1683 828 1730; x_wconf 88' lang='lat' dir='ltr'><strong>Christi</strong></span> <span class='ocrx_word' id='word_1_183' title='bbox 868 1700 968 1731; x_wconf 89' lang='lat' dir='ltr'><strong>cum</strong></span> <span class='ocrx_word' id='word_1_184' title='bbox 1003 1681 1208 1738; x_wconf 87' lang='lat' dir='ltr'><strong>ecclesia,</strong></span> <span class='ocrx_word' id='word_1_185' title='bbox 1247 1698 1381 1746; x_wconf 86' lang='lat' dir='ltr'><strong>quam</strong></span> <span class='ocrx_word' id='word_1_186' title='bbox 1415 1689 1747 1744; x_wconf 82' lang='lat' dir='ltr'><strong>repraesentat:</strong></span> 
     </span>
     <span class='ocr_line' id='line_1_22' title="bbox 278 1755 1750 1824; baseline -0.004 -17"><span class='ocrx_word' id='word_1_187' title='bbox 278 1759 478 1824; x_wconf 90' lang='lat' dir='ltr'><strong>adeoque</strong></span> <span class='ocrx_word' id='word_1_188' title='bbox 509 1759 767 1823; x_wconf 76' lang='lat' dir='ltr'><strong>mysterium</strong></span> <span class='ocrx_word' id='word_1_189' title='bbox 793 1775 871 1806; x_wconf 88' lang='lat' dir='ltr'><strong>seu</strong></span> <span class='ocrx_word' id='word_1_190' title='bbox 896 1768 1219 1806; x_wconf 87' lang='lat' dir='ltr'><strong>sacramentum</strong></span> <span class='ocrx_word' id='word_1_191' title='bbox 1242 1767 1311 1804; x_wconf 88' lang='lat' dir='ltr'><strong>est</strong></span> <span class='ocrx_word' id='word_1_192' title='bbox 1334 1757 1380 1803; x_wconf 86' lang='lat' dir='ltr'><strong>in</strong></span> <span class='ocrx_word' id='word_1_193' title='bbox 1403 1755 1631 1819; x_wconf 83' lang='lat' dir='ltr'><strong>coniugio,</strong></span> <span class='ocrx_word' id='word_1_194' title='bbox 1660 1771 1750 1802; x_wconf 87' lang='lat' dir='ltr'><strong>non</strong></span> 
     </span>
     <span class='ocr_line' id='line_1_23' title="bbox 278 1830 1752 1884; baseline -0.003 -2"><span class='ocrx_word' id='word_1_195' title='bbox 278 1846 424 1883; x_wconf 88' lang='lat' dir='ltr'><strong>autem</strong></span> <span class='ocrx_word' id='word_1_196' title='bbox 448 1836 494 1882; x_wconf 91' lang='lat' dir='ltr'><strong>in</strong></span> <span class='ocrx_word' id='word_1_197' title='bbox 518 1834 694 1882; x_wconf 86' lang='lat' dir='ltr'><strong>Christo</strong></span> <span class='ocrx_word' id='word_1_198' title='bbox 717 1845 760 1882; x_wconf 90' lang='lat' dir='ltr'><strong>et</strong></span> <span class='ocrx_word' id='word_1_199' title='bbox 781 1834 968 1884; x_wconf 85' lang='lat' dir='ltr'><strong>ecclesia</strong></span> <span class='ocrx_word' id='word_1_200' title='bbox 1003 1851 1132 1881; x_wconf 87' lang='lat' dir='ltr'><strong>secus</strong></span> <span class='ocrx_word' id='word_1_201' title='bbox 1167 1850 1220 1881; x_wconf 88' lang='lat' dir='ltr'><strong>ae</strong></span> <span class='ocrx_word' id='word_1_202' title='bbox 1253 1832 1558 1881; x_wconf 87' lang='lat' dir='ltr'><strong>contenderint</strong></span> <span class='ocrx_word' id='word_1_203' title='bbox 1582 1830 1647 1877; x_wconf 91' lang='lat' dir='ltr'><strong>illi</strong></span> <span class='ocrx_word' id='word_1_204' title='bbox 1672 1848 1752 1878; x_wconf 90' lang='lat' dir='ltr'><strong>no-</strong></span> 
     </span>
     <span class='ocr_line' id='line_1_24' title="bbox 277 1912 597 1972; baseline -0.006 -14"><span class='ocrx_word' id='word_1_205' title='bbox 277 1922 451 1958; x_wconf 80' lang='lat' dir='ltr'><strong>vatores</strong></span> <span class='ocrx_word' id='word_1_206' title='bbox 481 1912 597 1972; x_wconf 74' lang='lat'>(99).</span> 
     </span>
    </p>

    <p class='ocr_par' dir='ltr' id='par_1_3' title="bbox 279 1982 1755 2277">
     <span class='ocr_line' id='line_1_25' title="bbox 375 1982 1754 2049; baseline -0.004 -16"><span class='ocrx_word' id='word_1_207' title='bbox 375 1986 503 2042; x_wconf 83' lang='lat' dir='ltr'><strong>Quod</strong></span> <span class='ocrx_word' id='word_1_208' title='bbox 536 2003 639 2033; x_wconf 82' lang='lat' dir='ltr'><strong>vero</strong></span> <span class='ocrx_word' id='word_1_209' title='bbox 663 1986 839 2049; x_wconf 80' lang='lat' dir='ltr'><strong>signum</strong></span> <span class='ocrx_word' id='word_1_210' title='bbox 863 1986 947 2034; x_wconf 89' lang='lat' dir='ltr'><strong>hoc</strong></span> <span class='ocrx_word' id='word_1_211' title='bbox 971 2002 1146 2033; x_wconf 82' lang='lat' dir='ltr'><strong>sacrum</strong></span> <span class='ocrx_word' id='word_1_212' title='bbox 1179 1984 1377 2032; x_wconf 88' lang='lat' dir='ltr'><strong>conferat</strong></span> <span class='ocrx_word' id='word_1_213' title='bbox 1407 1982 1595 2046; x_wconf 82' lang='lat' dir='ltr'><strong>gratiam-</strong></span> <span class='ocrx_word' id='word_1_214' title='bbox 1618 1997 1754 2045; x_wconf 84' lang='lat' dir='ltr'><strong>quam</strong></span> 
     </span>
     <span class='ocr_line' id='line_1_26' title="bbox 280 2055 1755 2125; baseline -0.003 -18"><span class='ocrx_word' id='word_1_215' title='bbox 280 2060 517 2123; x_wconf 80' lang='lat' dir='ltr'><strong>significat,</strong></span> <span class='ocrx_word' id='word_1_216' title='bbox 554 2060 801 2108; x_wconf 86' lang='lat' dir='ltr'><strong>ostenditur</strong></span> <span class='ocrx_word' id='word_1_217' title='bbox 841 2078 894 2112; x_wconf 84' lang='lat' dir='ltr'><strong>ex</strong></span> <span class='ocrx_word' id='word_1_218' title='bbox 936 2077 988 2108; x_wconf 89' lang='lat' dir='ltr'><strong>eo</strong></span> <span class='ocrx_word' id='word_1_219' title='bbox 1031 2059 1150 2125; x_wconf 88' lang='lat' dir='ltr'><strong>quod</strong></span> <span class='ocrx_word' id='word_1_220' title='bbox 1183 2059 1389 2124; x_wconf 88' lang='lat' dir='ltr'><strong>loquatur</strong></span> <span class='ocrx_word' id='word_1_221' title='bbox 1421 2055 1657 2121; x_wconf 86' lang='lat' dir='ltr'><strong>Apostolus</strong></span> <span class='ocrx_word' id='word_1_222' title='bbox 1694 2055 1755 2102; x_wconf 88' lang='lat' dir='ltr'><strong>de</strong></span> 
     </span>
     <span class='ocr_line' id='line_1_27' title="bbox 279 2131 1753 2201; baseline -0.003 -19"><span class='ocrx_word' id='word_1_223' title='bbox 279 2135 512 2184; x_wconf 88' lang='lat' dir='ltr'><strong>dilectione</strong></span> <span class='ocrx_word' id='word_1_224' title='bbox 545 2136 765 2201; x_wconf 85' lang='lat' dir='ltr'><strong>spirituali</strong></span> <span class='ocrx_word' id='word_1_225' title='bbox 789 2153 869 2184; x_wconf 87' lang='lat' dir='ltr'><strong>seu</strong></span> <span class='ocrx_word' id='word_1_226' title='bbox 893 2135 1246 2201; x_wconf 82' lang='lat' dir='ltr'><strong>supernaturali,</strong></span> <span class='ocrx_word' id='word_1_227' title='bbox 1272 2151 1362 2199; x_wconf 88' lang='lat' dir='ltr'><strong>qua</strong></span> <span class='ocrx_word' id='word_1_228' title='bbox 1394 2131 1623 2181; x_wconf 84' lang='lat' dir='ltr'><strong>christiani</strong></span> <span class='ocrx_word' id='word_1_229' title='bbox 1647 2147 1753 2179; x_wconf 84' lang='lat' dir='ltr'><strong>con-</strong></span> 
     </span>
     <span class='ocr_line' id='line_1_28' title="bbox 281 2207 1751 2277; baseline -0.003 -20"><span class='ocrx_word' id='word_1_230' title='bbox 281 2212 411 2275; x_wconf 81' lang='lat' dir='ltr'><strong>iuges</strong></span> <span class='ocrx_word' id='word_1_231' title='bbox 443 2222 596 2259; x_wconf 90' lang='lat' dir='ltr'><strong>mutuo</strong></span> <span class='ocrx_word' id='word_1_232' title='bbox 631 2230 679 2259; x_wconf 87' lang='lat' dir='ltr'><strong>se</strong></span> <span class='ocrx_word' id='word_1_233' title='bbox 713 2212 921 2277; x_wconf 88' lang='lat' dir='ltr'><strong>prosequi</strong></span> <span class='ocrx_word' id='word_1_234' title='bbox 956 2212 1133 2268; x_wconf 90' lang='lat' dir='ltr'><strong>debent,</strong></span> <span class='ocrx_word' id='word_1_235' title='bbox 1171 2221 1220 2258; x_wconf 94' lang='lat' dir='ltr'><strong>ut</strong></span> <span class='ocrx_word' id='word_1_236' title='bbox 1254 2210 1442 2258; x_wconf 83' lang='lat' dir='ltr'><strong>referant</strong></span> <span class='ocrx_word' id='word_1_237' title='bbox 1471 2207 1751 2255; x_wconf 86' lang='lat' dir='ltr'><strong>dilectionem</strong></span> 
     </span>
    </p>
   </div>
   <div class='ocr_carea' id='block_1_3' title="bbox 280 2339 1756 2803">
    <p class='ocr_par' dir='ltr' id='par_1_4' title="bbox 280 2339 1755 2535">
     <span class='ocr_line' id='line_1_29' title="bbox 370 2339 1750 2386; baseline -0.005 -9"><span class='ocrx_word' id='word_1_238' title='bbox 370 2344 435 2386; x_wconf 86' lang='lat'>(99)</span> <span class='ocrx_word' id='word_1_239' title='bbox 457 2346 526 2377; x_wconf 88' lang='lat' dir='ltr'><strong>Hoc</strong></span> <span class='ocrx_word' id='word_1_240' title='bbox 546 2344 677 2377; x_wconf 90' lang='lat' dir='ltr'><strong>demum</strong></span> <span class='ocrx_word' id='word_1_241' title='bbox 691 2347 890 2385; x_wconf 79' lang='lat' dir='ltr'><strong>agnoverunt</strong></span> <span class='ocrx_word' id='word_1_242' title='bbox 903 2346 954 2382; x_wconf 69' lang='lat' dir='ltr'><strong>vel</strong></span> <span class='ocrx_word' id='word_1_243' title='bbox 972 2345 1034 2386; x_wconf 87' lang='lat' dir='ltr'><strong>ipsi</strong></span> <span class='ocrx_word' id='word_1_244' title='bbox 1054 2344 1282 2386; x_wconf 68' lang='lat' dir='ltr'><strong>protestantoe3</strong></span> <span class='ocrx_word' id='word_1_245' title='bbox 1306 2342 1466 2384; x_wconf 88' lang='lat' dir='ltr'><strong>siqnidem</strong></span> <span class='ocrx_word' id='word_1_246' title='bbox 1480 2342 1592 2381; x_wconf 87' lang='lat' dir='ltr'><strong>Koppe</strong></span> <span class='ocrx_word' id='word_1_247' title='bbox 1603 2339 1638 2371; x_wconf 89' lang='lat' dir='ltr'><strong>in</strong></span> <span class='ocrx_word' id='word_1_248' title='bbox 1652 2341 1750 2372; x_wconf 85' lang='lat' dir='ltr'><strong>Novo</strong></span> 
     </span>
     <span class='ocr_line' id='line_1_30' title="bbox 283 2392 1748 2439; baseline -0.005 -9"><span class='ocrx_word' id='word_1_249' title='bbox 283 2399 368 2430; x_wconf 70' lang='lat' dir='ltr'><strong>Test.</strong></span> <span class='ocrx_word' id='word_1_250' title='bbox 386 2406 496 2439; x_wconf 81' lang='lat' dir='ltr'><strong>graece</strong></span> <span class='ocrx_word' id='word_1_251' title='bbox 514 2399 686 2439; x_wconf 75' lang='lat' dir='ltr'><strong>perpetua</strong></span> <span class='ocrx_word' id='word_1_252' title='bbox 706 2400 930 2430; x_wconf 67' lang='lat' dir='ltr'><strong>annotatione</strong></span> <span class='ocrx_word' id='word_1_253' title='bbox 953 2398 1067 2430; x_wconf 68' lang='lat' dir='ltr'><strong>illust.</strong></span> <span class='ocrx_word' id='word_1_254' title='bbox 1084 2397 1255 2437; x_wconf 81' lang='lat' dir='ltr'><strong>Gottingae</strong></span> <span class='ocrx_word' id='word_1_255' title='bbox 1270 2401 1359 2429; x_wconf 82' lang='lat'><strong>1823.</strong></span> <span class='ocrx_word' id='word_1_256' title='bbox 1375 2396 1442 2428; x_wconf 87' lang='lat' dir='ltr'><strong>vol.</strong></span> <span class='ocrx_word' id='word_1_257' title='bbox 1456 2396 1514 2427; x_wconf 79' lang='lat' dir='ltr'><strong>vl.</strong></span> <span class='ocrx_word' id='word_1_258' title='bbox 1527 2393 1562 2426; x_wconf 90' lang='lat' dir='ltr'><strong>in</strong></span> <span class='ocrx_word' id='word_1_259' title='bbox 1583 2393 1670 2425; x_wconf 81' lang='lat' dir='ltr'><strong>hunc</strong></span> <span class='ocrx_word' id='word_1_260' title='bbox 1685 2392 1748 2424; x_wconf 87' lang='lat' dir='ltr'><strong>loc.</strong></span> 
     </span>
     <span class='ocr_line' id='line_1_31' title="bbox 280 2442 1755 2491; baseline -0.003 -11"><span class='ocrx_word' id='word_1_261' title='bbox 280 2449 408 2482; x_wconf 87' lang='lat' dir='ltr'><strong>scribit:</strong></span> <span class='ocrx_word' id='word_1_262' title='bbox 427 2463 442 2478; x_wconf 75' lang='grc' dir='ltr'><strong>ιι</strong></span> <span class='ocrx_word' id='word_1_263' title='bbox 453 2449 517 2482; x_wconf 89' lang='lat' dir='ltr'><strong>Sed</strong></span> <span class='ocrx_word' id='word_1_264' title='bbox 529 2450 692 2484; x_wconf 73' lang='lat' dir='ltr'><strong>retulerim</strong></span> <span class='ocrx_word' id='word_1_265' title='bbox 708 2450 750 2481; x_wconf 79' lang='lat' dir='ltr'><strong>ad</strong></span> <span class='ocrx_word' id='word_1_266' title='bbox 763 2450 927 2491; x_wconf 81' lang='lat' dir='ltr'><strong>superiora</strong></span> <span class='ocrx_word' id='word_1_267' title='bbox 939 2449 1048 2483; x_wconf 80' lang='lat' dir='ltr'><strong>omnia</strong></span> <span class='ocrx_word' id='word_1_268' title='bbox 1070 2444 1258 2491; x_wconf 65' lang='grc' dir='ltr'><strong><em>μυστήριον</em></strong></span> <span class='ocrx_word' id='word_1_269' title='bbox 1273 2443 1366 2491; x_wconf 73' lang='grc' dir='ltr'><em>μένοι</em></span> <span class='ocrx_word' id='word_1_270' title='bbox 1381 2442 1472 2484; x_wconf 83' lang='grc' dir='ltr'><strong><em>ἔστι,</em></strong></span> <span class='ocrx_word' id='word_1_271' title='bbox 1487 2446 1520 2479; x_wconf 85' lang='lat' dir='ltr'><strong>et</strong></span> <span class='ocrx_word' id='word_1_272' title='bbox 1533 2444 1683 2480; x_wconf 80' lang='lat' dir='ltr'><strong>verterim</strong></span> <span class='ocrx_word' id='word_1_273' title='bbox 1699 2453 1755 2477; x_wconf 83' lang='lat' dir='ltr'><strong>ra-</strong></span> 
     </span>
     <span class='ocr_line' id='line_1_32' title="bbox 280 2502 527 2535; baseline 0 -2"><span class='ocrx_word' id='word_1_274' title='bbox 280 2503 370 2535; x_wconf 66' lang='lat' dir='ltr'><strong>tione</strong></span> <span class='ocrx_word' id='word_1_275' title='bbox 386 2502 527 2534; x_wconf 78' lang='lat' dir='ltr'><strong>Christi.</strong></span> 
     </span>
    </p>

    <p class='ocr_par' dir='ltr' id='par_1_5' title="bbox 282 2549 1756 2803">
     <span class='ocr_line' id='line_1_33' title="bbox 375 2549 1751 2595; baseline -0.004 -9"><span class='ocrx_word' id='word_1_276' title='bbox 375 2555 440 2586; x_wconf 87' lang='lat' dir='ltr'><strong>Nec</strong></span> <span class='ocrx_word' id='word_1_277' title='bbox 455 2554 568 2587; x_wconf 86' lang='lat' dir='ltr'><strong>abnuit</strong></span> <span class='ocrx_word' id='word_1_278' title='bbox 584 2554 825 2595; x_wconf 84' lang='lat' dir='ltr'><strong>Rosenmiiller,</strong></span> <span class='ocrx_word' id='word_1_279' title='bbox 840 2554 897 2595; x_wconf 90' lang='lat' dir='ltr'><strong>qui</strong></span> <span class='ocrx_word' id='word_1_280' title='bbox 912 2554 1033 2595; x_wconf 81' lang='lat' dir='ltr'><strong>pariter</strong></span> <span class='ocrx_word' id='word_1_281' title='bbox 1046 2553 1220 2594; x_wconf 82' lang='lat' dir='ltr'><strong>explanans</strong></span> <span class='ocrx_word' id='word_1_282' title='bbox 1235 2553 1315 2585; x_wconf 82' lang='lat' dir='ltr'><strong>haec</strong></span> <span class='ocrx_word' id='word_1_283' title='bbox 1323 2551 1468 2593; x_wconf 73' lang='lat' dir='ltr'><strong>Apostoli</strong></span> <span class='ocrx_word' id='word_1_284' title='bbox 1482 2550 1599 2590; x_wconf 81' lang='lat' dir='ltr'><strong>verba,</strong></span> <span class='ocrx_word' id='word_1_285' title='bbox 1619 2549 1751 2582; x_wconf 78' lang='lat' dir='ltr'><strong>scribit:</strong></span> 
     </span>
     <span class='ocr_line' id='line_1_34' title="bbox 285 2604 1751 2648; baseline -0.003 -9"><span class='ocrx_word' id='word_1_286' title='bbox 285 2605 490 2646; x_wconf 71' lang='lat' dir='ltr'><strong>«mysterium</strong></span> <span class='ocrx_word' id='word_1_287' title='bbox 501 2609 596 2640; x_wconf 83' lang='lat' dir='ltr'><strong>vocat</strong></span> <span class='ocrx_word' id='word_1_288' title='bbox 608 2608 727 2641; x_wconf 78' lang='lat' dir='ltr'><strong>Paulus</strong></span> <span class='ocrx_word' id='word_1_289' title='bbox 739 2616 810 2640; x_wconf 75' lang='lat' dir='ltr'><strong>eam</strong></span> <span class='ocrx_word' id='word_1_290' title='bbox 820 2615 888 2639; x_wconf 87' lang='lat' dir='ltr'><strong>rem</strong></span> <span class='ocrx_word' id='word_1_291' title='bbox 898 2606 939 2638; x_wconf 88' lang='lat' dir='ltr'><strong>de</strong></span> <span class='ocrx_word' id='word_1_292' title='bbox 952 2614 1017 2648; x_wconf 76' lang='lat' dir='ltr'><strong>qua</strong></span> <span class='ocrx_word' id='word_1_293' title='bbox 1032 2607 1126 2638; x_wconf 74' lang='lat' dir='ltr'><strong>antea</strong></span> <span class='ocrx_word' id='word_1_294' title='bbox 1137 2613 1243 2639; x_wconf 79' lang='lat' dir='ltr'><strong>sermo</strong></span> <span class='ocrx_word' id='word_1_295' title='bbox 1257 2604 1372 2644; x_wconf 77' lang='lat' dir='ltr'><strong>ruerat,</strong></span> <span class='ocrx_word' id='word_1_296' title='bbox 1382 2612 1498 2644; x_wconf 83' lang='lat' dir='ltr'><strong>nempe</strong></span> <span class='ocrx_word' id='word_1_297' title='bbox 1510 2604 1659 2636; x_wconf 85' lang='lat' dir='ltr'><strong>mutuum</strong></span> <span class='ocrx_word' id='word_1_298' title='bbox 1677 2610 1751 2634; x_wconf 86' lang='lat' dir='ltr'><strong>con-</strong></span> 
     </span>
     <span class='ocr_line' id='line_1_35' title="bbox 282 2652 1756 2700; baseline -0.003 -11"><span class='ocrx_word' id='word_1_299' title='bbox 282 2658 393 2698; x_wconf 87' lang='lat' dir='ltr'><strong>iugum</strong></span> <span class='ocrx_word' id='word_1_300' title='bbox 414 2667 571 2699; x_wconf 86' lang='lat' dir='ltr'><strong>amorem,</strong></span> <span class='ocrx_word' id='word_1_301' title='bbox 596 2660 629 2692; x_wconf 88' lang='lat' dir='ltr'><strong>et</strong></span> <span class='ocrx_word' id='word_1_302' title='bbox 649 2661 796 2694; x_wconf 80' lang='lat' dir='ltr'><strong>mutuam</strong></span> <span class='ocrx_word' id='word_1_303' title='bbox 812 2658 1082 2692; x_wconf 84' lang='lat' dir='ltr'><strong>benevolentiam:</strong></span> <span class='ocrx_word' id='word_1_304' title='bbox 1108 2652 1294 2700; x_wconf 74' lang='grc' dir='ltr'>μυστήριον</span> <span class='ocrx_word' id='word_1_305' title='bbox 1319 2658 1426 2690; x_wconf 75' lang='lat' dir='ltr'><strong>autem</strong></span> <span class='ocrx_word' id='word_1_306' title='bbox 1448 2656 1481 2688; x_wconf 87' lang='lat' dir='ltr'><strong>h.</strong></span> <span class='ocrx_word' id='word_1_307' title='bbox 1507 2655 1531 2687; x_wconf 85' lang='lat' dir='ltr'><strong>l.</strong></span> <span class='ocrx_word' id='word_1_308' title='bbox 1548 2655 1596 2687; x_wconf 84' lang='lat' dir='ltr'><strong>est</strong></span> <span class='ocrx_word' id='word_1_309' title='bbox 1616 2662 1671 2686; x_wconf 75' lang='lat' dir='ltr'><strong>res</strong></span> <span class='ocrx_word' id='word_1_310' title='bbox 1691 2653 1756 2685; x_wconf 83' lang='lat' dir='ltr'><strong>sul&gt;</strong></span> 
     </span>
     <span class='ocr_line' id='line_1_36' title="bbox 282 2706 1752 2754; baseline -0.003 -12"><span class='ocrx_word' id='word_1_311' title='bbox 282 2718 348 2750; x_wconf 87' lang='lat' dir='ltr'><strong>qua</strong></span> <span class='ocrx_word' id='word_1_312' title='bbox 375 2710 473 2742; x_wconf 87' lang='lat' dir='ltr'><strong>simul</strong></span> <span class='ocrx_word' id='word_1_313' title='bbox 499 2711 623 2751; x_wconf 84' lang='lat' dir='ltr'><strong>aliquid</strong></span> <span class='ocrx_word' id='word_1_314' title='bbox 648 2713 742 2753; x_wconf 86' lang='lat' dir='ltr'><strong>latet,</strong></span> <span class='ocrx_word' id='word_1_315' title='bbox 763 2720 846 2754; x_wconf 83' lang='lat' dir='ltr'><strong>quae</strong></span> <span class='ocrx_word' id='word_1_316' title='bbox 865 2712 1017 2745; x_wconf 81' lang='lat' dir='ltr'><strong>connotat</strong></span> <span class='ocrx_word' id='word_1_317' title='bbox 1040 2710 1129 2744; x_wconf 83' lang='lat' dir='ltr'><strong>aliud</strong></span> <span class='ocrx_word' id='word_1_318' title='bbox 1150 2709 1294 2752; x_wconf 83' lang='lat' dir='ltr'><strong>aliquid,</strong></span> <span class='ocrx_word' id='word_1_319' title='bbox 1318 2717 1432 2751; x_wconf 88' lang='lat' dir='ltr'><strong>nempe</strong></span> <span class='ocrx_word' id='word_1_320' title='bbox 1459 2715 1603 2740; x_wconf 86' lang='lat' dir='ltr'><strong>amorem</strong></span> <span class='ocrx_word' id='word_1_321' title='bbox 1629 2706 1752 2739; x_wconf 79' lang='lat' dir='ltr'><strong>Christi</strong></span> 
     </span>
     <span class='ocr_line' id='line_1_37' title="bbox 282 2764 661 2803; baseline -0.003 -7"><span class='ocrx_word' id='word_1_322' title='bbox 282 2771 358 2803; x_wconf 78' lang='lat' dir='ltr'><strong>erga</strong></span> <span class='ocrx_word' id='word_1_323' title='bbox 382 2764 509 2796; x_wconf 78' lang='lat' dir='ltr'><strong>caetum</strong></span> <span class='ocrx_word' id='word_1_324' title='bbox 533 2772 661 2796; x_wconf 85' lang='lat' dir='ltr'><strong>suum.»</strong></span> 
     </span>
    </p>
   </div>
  </div>
 </body>
</html>
