1912 3180
328 201 418 232 cir.
443 200 503 232 ιιι.
530 200 581 231 ni:
606 199 778 232 nunni.
804 200 952 232 civius
977 201 1096 234 Lean.
1122 202 1214 236 Aur.
1239 203 1295 235 iv.
1457 188 1546 232 323

67 278 301 334 homines,
340 282 518 328 nomine
554 291 682 328 tenus
719 280 977 337 christiani,
1016 299 1092 329 eas
1127 282 1239 329 inire
1274 299 1360 330 non
1396 299 1552 330 veren-

70 368 169 414 tur,
209 358 305 405 iure
340 358 507 422 optimo
531 357 587 404 ab
610 357 800 404 ecclesia
834 358 1149 422 reprobantur,
1182 377 1233 407 ac
1268 360 1444 407 statutis
1478 377 1552 407 ca—

71 434 246 482 nonicis
281 435 438 498 poenis
474 433 756 498 plectuntur,
796 432 952 480 saltem
990 436 1137 498 quoad
1174 446 1548 484 sacramentorum

69 527 225 565 usum,
262 527 290 557 a
323 509 488 574 quibus
523 520 744 557 arcentur.
788 509 967 556 Interim
1010 511 1157 558 civilis
1192 513 1432 560 auctoritas
1468 512 1552 560 hu—

70 586 264 635 iusmodi
306 586 592 642 hominihus,
630 586 709 651 qui
744 585 800 633 ad
836 585 945 649 legis
981 603 1181 634 normam
1219 590 1550 637 matrimonium

68 662 394 718 contraxerint,
434 662 759 726 patrocinatur,
786 679 954 728 eosque
979 679 1058 727 per
1081 663 1170 710 vim
1197 664 1397 713 defendit
1421 676 1552 730 atque

71 749 250 787 tutatur.
291 739 464 787 Exinde
498 740 731 787 conflictus
767 740 881 787 inter
914 739 1090 787 civilem
1125 750 1170 787 et
1202 741 1550 790 ecclesiasticam

52 818 345 881 potestatem.
387 817 613 865 Ecclesiae
647 818 869 874 ministri,
907 817 947 865 si
980 816 1121 865 nolint
1147 818 1204 864 ab
1235 819 1384 866 officio
1413 820 1554 867 desci-

68 910 216 950 scere,
246 905 450 941 tenentur
473 911 526 940 ex
551 911 754 950 munere,
784 893 902 959 quod
930 893 1042 958 ipsis
1067 893 1306 949 incumbit,
1338 895 1554 942 ecclesiae

72 970 246 1033 legibus
280 971 610 1035 obtemperare,
649 988 816 1036 easque
845 988 1027 1034 urgere;
1061 970 1166 1018 hinc
1196 988 1248 1018 ex
1281 981 1405 1036 parte
1438 972 1552 1036 poli—

69 1048 183 1094 ticae
206 1048 480 1095 auctoritatis
509 1049 766 1096 vexationes
796 1049 1058 1111 omnigenae
1093 1048 1335 1113 incipiunt,
1365 1048 1547 1096 multae.

68 1140 270 1171 carceres
288 1162 298 1179 ,
326 1123 459 1171 exilia
478 1162 489 1180 ,
521 1124 688 1188 quibus
718 1126 890 1172 saevire
917 1124 1030 1171 solet
1055 1124 1100 1170 iu
1125 1125 1316 1189 optimos
1347 1141 1551 1189 quosque

70 1211 271 1266 pastores
304 1219 356 1249 ac
393 1202 671 1258 sacerdotes,
701 1203 778 1267 qui
802 1203 894 1249 Deo
918 1202 1099 1249 obedire
1125 1200 1295 1248 malunt
1318 1219 1454 1266 quam
1478 1201 1555 1249 ho—

69 1278 284 1325 minibus.
321 1278 547 1325 Adnititur
571 1296 649 1343 per
674 1279 946 1326 materialem
971 1279 1060 1325 vim
1086 1296 1162 1326 eos
1188 1295 1360 1342 cogere,
1387 1290 1433 1325 ut
1456 1296 1557 1326 con-

70 1366 136 1402 tra
174 1356 401 1420 propriam
438 1356 756 1403 conscientiam
792 1367 948 1420 agant,
978 1373 1030 1403 ac
1053 1355 1289 1402 violatores
1326 1373 1553 1403 sacrorum

72 1449 292 1479 canonum
311 1449 360 1479 se
378 1432 677 1487 constituant,·
699 1450 789 1496 quo
805 1449 910 1479 vero
929 1433 1003 1479 isti
1025 1432 1225 1479 fortiores
1251 1432 1402 1479 animo
1421 1443 1546 1486 sunt,

68 1508 355 1573 validiusque
389 1525 470 1572 pro
505 1508 675 1555 iustitia
692 1507 926 1555 ⁴decertant
943 1545 953 1563 ,
981 1525 1034 1555 eo
1060 1508 1355 1572 pugnaciores
1381 1507 1548 1572 publici

70 1587 358 1649 magistratus
409 1586 553 1641 fiunt,
604 1584 806 1650 nullique
844 1584 1082 1633 violentiae
1128 1595 1347 1649 parcunt,
1392 1596 1442 1631 ut
1476 1602 1552 1632 eos

70 1663 278 1718 flectant,
318 1673 764 1726 transgressoresque
796 1661 998 1708 reddant.

166 1738 389 1786 Constans
424 1738 535 1786 haec
570 1748 637 1785 est
671 1738 831 1801 agendi
869 1739 981 1785 ratio
1023 1738 1546 1803 pseudo-politicorum.

72 1816 149 1879 qui
181 1815 403 1879 incipiunt
430 1814 618 1862 hostiles
654 1831 702 1862 se
738 1814 950 1878 praebere
985 1832 1089 1878 erga
1122 1815 1387 1862 catholicam
1419 1814 1553 1861 eccle-

73 1892 215 1947 siam,
262 1908 399 1956 seque
439 1891 720 1938 adversarios
754 1891 955 1938 eiusdem
990 1891 1297 1945 constitum-03
1338 1890 1550 1937 nimirum

75 1969 194 2031 leges
224 1968 349 2032 prius
386 1968 566 2033 iniquas
592 1985 644 2014 ac
668 1966 839 2014 iuribus
875 1967 1092 2014 ecclesiae
1125 1965 1414 2014 adversantes
1451 1984 1546 2030 pro—

73 2044 272 2108 mulgant
299 2083 309 2100 ,
358 2054 511 2110 postea
550 2061 654 2092 vero
704 2044 951 2091 executioni
1001 2043 1212 2090 mandare
1259 2043 1416 2090 maiori
1466 2061 1555 2107 qua

74 2131 262 2185 possunt
296 2121 561 2176 severitate,
605 2130 838 2183 satagunt:
885 2136 985 2167 cum
1021 2130 1196 2175 autem,
1249 2136 1329 2184 pro
1371 2136 1553 2166 munere

71 2197 364 2245 ecclesiastici
398 2197 483 2244 viri
521 2215 620 2246 sese
654 2196 745 2244 illis
780 2207 1006 2260 tamquam
1038 2212 1213 2243 murum
1258 2212 1443 2242 aeneum
1479 2213 1553 2260 op-

73 2284 267 2338 ponunt,
296 2284 402 2322 tunc
426 2275 694 2339 potentiores
727 2274 1013 2336 magistratus
1044 2272 1214 2320 nullum
1245 2272 1424 2319 modum
1461 2289 1553 2319 ser-

70 2362 205 2407 vant,
245 2352 428 2406 furunt,
467 2352 800 2414 insaniuntque.
843 2351 932 2397 Eos
968 2349 1261 2414 proscindunt
1294 2366 1381 2414 ope
1415 2349 1552 2414 ephe-

74 2429 291 2476 meridum
328 2428 469 2493 pretio
505 2427 857 2482 conductarum,
897 2425 1180 2481 maledictis,
1220 2426 1444 2482 dicteriis,
1485 2443 1552 2474 ca-

74 2504 285 2562 lumniis;
314 2522 391 2553 eos
415 2504 594 2570 populis
626 2505 795 2552 invisos
831 2503 1014 2551 reddere
1049 2503 1207 2568 quavis
1240 2503 1410 2550 ratione
1443 2519 1547 2550 con—

75 2582 297 2639 nituntur;
327 2583 542 2629 adversus
567 2580 894 2628 intolerantiam
913 2618 922 2635 ,
944 2596 1079 2644 quam
1097 2590 1257 2627 vocant
1273 2578 1545 2632 clericalem.v

75 2658 442 2715 obstinationem,
472 2658 766 2723 pervicaciam
796 2657 987 2705 clamant
1011 2675 1019 2702 :
1054 2656 1306 2704 sacerdotes
1331 2655 1426 2703 suis
1450 2673 1552 2719 pro—

75 2734 279 2782 ventibus
307 2735 531 2800 expoliant
554 2774 563 2790 ,
593 2736 636 2781 in
661 2751 860 2782 carceres
896 2732 1160 2788 detrudunt,
1196 2750 1248 2780 ac
1274 2732 1470 2797 denique
1503 2733 1548 2778 in

77 2809 255 2857 exilium
294 2810 477 2874 pellunt.
509 2811 573 2857 lta
601 2827 647 2857 sc
678 2819 835 2871 gerunt
862 2826 961 2855 cum
999 2807 1211 2855 ecclcsiae
1249 2808 1545 2872 praesulibus.

1468 2886 1477 2902 ι
