<?xml version="1.0" encoding="UTF-8"?>
<!DOCTYPE html PUBLIC "-//W3C//DTD XHTML 1.0 Transitional//EN"
    "http://www.w3.org/TR/xhtml1/DTD/xhtml1-transitional.dtd">
<html xmlns="http://www.w3.org/1999/xhtml" xml:lang="en" lang="en">
 <head>
  <title>
</title>
<meta http-equiv="Content-Type" content="text/html;charset=utf-8" />
  <meta name='ocr-system' content='tesseract 3.04.00' />
  <meta name='ocr-capabilities' content='ocr_page ocr_carea ocr_par ocr_line ocrx_word'/>
</head>
<body>
  <div class='ocr_page' id='page_1' title='image "a603380701perruoft_0178.png"; bbox 0 0 1918 3186; ppageno 0'>
   <div class='ocr_carea' id='block_1_1' title="bbox 323 205 1503 252">
    <p class='ocr_par' dir='ltr' id='par_1_1' title="bbox 323 205 1503 252">
     <span class='ocr_line' id='line_1_1' title="bbox 323 205 1503 252; baseline 0.001 -4"><span class='ocrx_word' id='word_1_1' title='bbox 323 205 411 250; x_wconf 77' lang='lat'><strong>156</strong></span> <span class='ocrx_word' id='word_1_2' title='bbox 600 219 678 250; x_wconf 79' lang='lat' dir='ltr'><strong>un.</strong></span> <span class='ocrx_word' id='word_1_3' title='bbox 704 219 732 250; x_wconf 88' lang='lat'><strong>1.</strong></span> <span class='ocrx_word' id='word_1_4' title='bbox 756 216 870 249; x_wconf 75' lang='lat' dir='ltr'><strong>secr.</strong></span> <span class='ocrx_word' id='word_1_5' title='bbox 893 217 923 248; x_wconf 87' lang='lat'><strong>1.</strong></span> <span class='ocrx_word' id='word_1_6' title='bbox 948 218 1000 249; x_wconf 74' lang='lat' dir='ltr'><strong>on</strong></span> <span class='ocrx_word' id='word_1_7' title='bbox 1022 219 1196 251; x_wconf 74' lang='lat' dir='ltr'><strong>numu.</strong></span> <span class='ocrx_word' id='word_1_8' title='bbox 1218 218 1503 252; x_wconf 67' lang='lat' dir='ltr'><strong>sAannsN&#39;ro.</strong></span> 
     </span>
    </p>
   </div>
   <div class='ocr_carea' id='block_1_2' title="bbox 316 293 1794 2865">
    <p class='ocr_par' dir='ltr' id='par_1_2' title="bbox 316 293 1786 739">
     <span class='ocr_line' id='line_1_2' title="bbox 316 293 1779 360; baseline 0.002 -17"><span class='ocrx_word' id='word_1_9' title='bbox 316 296 624 344; x_wconf 87' lang='lat' dir='ltr'><strong>adnotavimus</strong></span> <span class='ocrx_word' id='word_1_10' title='bbox 639 332 649 351; x_wconf 87' lang='lat'><strong>,</strong></span> <span class='ocrx_word' id='word_1_11' title='bbox 689 294 874 341; x_wconf 86' lang='lat' dir='ltr'><strong>refertur</strong></span> <span class='ocrx_word' id='word_1_12' title='bbox 895 293 952 341; x_wconf 85' lang='lat' dir='ltr'><strong>ad</strong></span> <span class='ocrx_word' id='word_1_13' title='bbox 976 296 1188 343; x_wconf 85' lang='lat' dir='ltr'><strong>rationem</strong></span> <span class='ocrx_word' id='word_1_14' title='bbox 1215 296 1487 360; x_wconf 87' lang='lat' dir='ltr'><strong>exprimendi</strong></span> <span class='ocrx_word' id='word_1_15' title='bbox 1512 314 1779 346; x_wconf 89' lang='lat' dir='ltr'><strong>consensum</strong></span> 
     </span>
     <span class='ocr_line' id='line_1_3' title="bbox 323 369 1786 438; baseline 0.003 -20"><span class='ocrx_word' id='word_1_16' title='bbox 323 372 417 419; x_wconf 88' lang='lat' dir='ltr'><strong>sive</strong></span> <span class='ocrx_word' id='word_1_17' title='bbox 448 371 596 419; x_wconf 84' lang='lat' dir='ltr'><strong>verbis</strong></span> <span class='ocrx_word' id='word_1_18' title='bbox 615 408 625 427; x_wconf 93' lang='lat'><strong>,</strong></span> <span class='ocrx_word' id='word_1_19' title='bbox 653 371 749 418; x_wconf 87' lang='lat' dir='ltr'><strong>sive</strong></span> <span class='ocrx_word' id='word_1_20' title='bbox 771 369 976 428; x_wconf 85' lang='lat' dir='ltr'><strong>nutibus,</strong></span> <span class='ocrx_word' id='word_1_21' title='bbox 1005 372 1224 419; x_wconf 87' lang='lat' dir='ltr'><strong>interdum</strong></span> <span class='ocrx_word' id='word_1_22' title='bbox 1258 372 1389 419; x_wconf 90' lang='lat' dir='ltr'><strong>etiam</strong></span> <span class='ocrx_word' id='word_1_23' title='bbox 1423 390 1503 438; x_wconf 89' lang='lat' dir='ltr'><strong>per</strong></span> <span class='ocrx_word' id='word_1_24' title='bbox 1541 373 1709 422; x_wconf 82' lang='lat' dir='ltr'><strong>litteras</strong></span> <span class='ocrx_word' id='word_1_25' title='bbox 1741 385 1786 422; x_wconf 87' lang='lat' dir='ltr'><strong>et</strong></span> 
     </span>
     <span class='ocr_line' id='line_1_4' title="bbox 321 446 1785 512; baseline 0.002 -18"><span class='ocrx_word' id='word_1_26' title='bbox 321 465 400 512; x_wconf 91' lang='lat' dir='ltr'><strong>per</strong></span> <span class='ocrx_word' id='word_1_27' title='bbox 441 457 782 511; x_wconf 87' lang='lat' dir='ltr'><strong>procuratorem.</strong></span> <span class='ocrx_word' id='word_1_28' title='bbox 805 446 1015 504; x_wconf 86' lang='lat' dir='ltr'><strong>Demum,</strong></span> <span class='ocrx_word' id='word_1_29' title='bbox 1053 448 1173 512; x_wconf 87' lang='lat' dir='ltr'><strong>quod</strong></span> <span class='ocrx_word' id='word_1_30' title='bbox 1214 460 1385 496; x_wconf 86' lang='lat' dir='ltr'><strong>amovet</strong></span> <span class='ocrx_word' id='word_1_31' title='bbox 1425 466 1598 497; x_wconf 90' lang='lat' dir='ltr'><strong>omnem</strong></span> <span class='ocrx_word' id='word_1_32' title='bbox 1641 450 1785 497; x_wconf 89' lang='lat' dir='ltr'><strong>ambi·</strong></span> 
     </span>
     <span class='ocr_line' id='line_1_5' title="bbox 320 522 1786 589; baseline 0.001 -19"><span class='ocrx_word' id='word_1_33' title='bbox 320 522 530 585; x_wconf 81' lang='lat' dir='ltr'><strong>gnitatem</strong></span> <span class='ocrx_word' id='word_1_34' title='bbox 563 533 631 570; x_wconf 89' lang='lat' dir='ltr'><strong>est</strong></span> <span class='ocrx_word' id='word_1_35' title='bbox 664 533 806 570; x_wconf 86' lang='lat' dir='ltr'><strong>textus</strong></span> <span class='ocrx_word' id='word_1_36' title='bbox 841 523 938 587; x_wconf 89' lang='lat' dir='ltr'><strong>ipse</strong></span> <span class='ocrx_word' id='word_1_37' title='bbox 971 523 1171 579; x_wconf 88' lang='lat' dir='ltr'><strong>concilii,</strong></span> <span class='ocrx_word' id='word_1_38' title='bbox 1201 541 1278 570; x_wconf 87' lang='lat' dir='ltr'><strong>seu</strong></span> <span class='ocrx_word' id='word_1_39' title='bbox 1303 524 1487 586; x_wconf 81' lang='lat' dir='ltr'><strong>Eugenii</strong></span> <span class='ocrx_word' id='word_1_40' title='bbox 1513 525 1580 571; x_wconf 87' lang='lat' dir='ltr'><strong>lv.</strong></span> <span class='ocrx_word' id='word_1_41' title='bbox 1609 525 1686 589; x_wconf 91' lang='lat' dir='ltr'><strong>qui</strong></span> <span class='ocrx_word' id='word_1_42' title='bbox 1715 525 1786 571; x_wconf 88' lang='lat' dir='ltr'><strong>in-</strong></span> 
     </span>
     <span class='ocr_line' id='line_1_6' title="bbox 319 598 1782 664; baseline 0.003 -20"><span class='ocrx_word' id='word_1_43' title='bbox 319 598 450 663; x_wconf 84' lang='lat' dir='ltr'><strong>cipit:</strong></span> <span class='ocrx_word' id='word_1_44' title='bbox 467 600 702 663; x_wconf 79' lang='lat' dir='ltr'><strong><em>Septimum</em></strong></span> <span class='ocrx_word' id='word_1_45' title='bbox 720 610 782 646; x_wconf 81' lang='lat' dir='ltr'><strong>est</strong></span> <span class='ocrx_word' id='word_1_46' title='bbox 797 609 1109 647; x_wconf 79' lang='lat' dir='ltr'><strong>sacramentum</strong></span> <span class='ocrx_word' id='word_1_47' title='bbox 1124 601 1388 647; x_wconf 77' lang='lat' dir='ltr'><strong>matrimonii</strong></span> <span class='ocrx_word' id='word_1_48' title='bbox 1395 619 1410 656; x_wconf 88' lang='lat'><em>;</em></span> <span class='ocrx_word' id='word_1_49' title='bbox 1427 618 1530 664; x_wconf 78' lang='lat' dir='ltr'><strong>ergo</strong></span> <span class='ocrx_word' id='word_1_50' title='bbox 1548 601 1782 649; x_wconf 88' lang='lat' dir='ltr'><strong>concilium</strong></span> 
     </span>
     <span class='ocr_line' id='line_1_7' title="bbox 318 675 1424 739; baseline 0.003 -18"><span class='ocrx_word' id='word_1_51' title='bbox 318 684 435 722; x_wconf 88' lang='lat' dir='ltr'><strong>certe</strong></span> <span class='ocrx_word' id='word_1_52' title='bbox 467 677 730 722; x_wconf 75' lang='lat' dir='ltr'><strong><em>sacramenti</em></strong></span> <span class='ocrx_word' id='word_1_53' title='bbox 761 693 942 724; x_wconf 90' lang='lat' dir='ltr'><strong>causam</strong></span> <span class='ocrx_word' id='word_1_54' title='bbox 976 675 1197 739; x_wconf 88' lang='lat' dir='ltr'><strong>explicare</strong></span> <span class='ocrx_word' id='word_1_55' title='bbox 1220 676 1424 724; x_wconf 82' lang='lat' dir='ltr'><strong>intendit.</strong></span> 
     </span>
    </p>

    <p class='ocr_par' dir='ltr' id='par_1_3' title="bbox 321 750 1794 2182">
     <span class='ocr_line' id='line_1_8' title="bbox 417 750 1786 816; baseline 0.003 -19"><span class='ocrx_word' id='word_1_56' title='bbox 417 750 719 798; x_wconf 85' lang='lat' dir='ltr'><strong>Tridentinum</strong></span> <span class='ocrx_word' id='word_1_57' title='bbox 753 753 840 799; x_wconf 85' lang='lat' dir='ltr'><strong>non</strong></span> <span class='ocrx_word' id='word_1_58' title='bbox 875 752 1022 798; x_wconf 89' lang='lat' dir='ltr'><strong>minus</strong></span> <span class='ocrx_word' id='word_1_59' title='bbox 1058 752 1292 816; x_wconf 89' lang='lat' dir='ltr'><strong>perspicue</strong></span> <span class='ocrx_word' id='word_1_60' title='bbox 1314 752 1398 800; x_wconf 89' lang='lat' dir='ltr'><strong>hos</strong></span> <span class='ocrx_word' id='word_1_61' title='bbox 1422 754 1600 801; x_wconf 87' lang='lat' dir='ltr'><strong>eosdem</strong></span> <span class='ocrx_word' id='word_1_62' title='bbox 1625 771 1786 802; x_wconf 88' lang='lat' dir='ltr'><strong>sensus</strong></span> 
     </span>
     <span class='ocr_line' id='line_1_9' title="bbox 322 826 1787 889; baseline 0.003 -16"><span class='ocrx_word' id='word_1_63' title='bbox 322 826 547 889; x_wconf 82' lang='lat' dir='ltr'><strong>patefacit.</strong></span> <span class='ocrx_word' id='word_1_64' title='bbox 570 827 743 873; x_wconf 85' lang='lat' dir='ltr'><strong>Etenim</strong></span> <span class='ocrx_word' id='word_1_65' title='bbox 766 827 1003 875; x_wconf 90' lang='lat' dir='ltr'><strong>concilium</strong></span> <span class='ocrx_word' id='word_1_66' title='bbox 1028 827 1147 874; x_wconf 89' lang='lat' dir='ltr'><strong>istud</strong></span> <span class='ocrx_word' id='word_1_67' title='bbox 1171 829 1418 886; x_wconf 83' lang='lat' dir='ltr'><strong>constituit,</strong></span> <span class='ocrx_word' id='word_1_68' title='bbox 1447 829 1672 878; x_wconf 88' lang='lat' dir='ltr'><strong>Christum</strong></span> <span class='ocrx_word' id='word_1_69' title='bbox 1691 848 1787 878; x_wconf 84' lang='lat' dir='ltr'><strong>ma—</strong></span> 
     </span>
     <span class='ocr_line' id='line_1_10' title="bbox 322 901 1789 968; baseline 0.003 -21"><span class='ocrx_word' id='word_1_70' title='bbox 322 901 604 958; x_wconf 86' lang='lat' dir='ltr'><strong>trimonium,</strong></span> <span class='ocrx_word' id='word_1_71' title='bbox 643 903 761 966; x_wconf 91' lang='lat' dir='ltr'><strong>quod</strong></span> <span class='ocrx_word' id='word_1_72' title='bbox 797 903 853 950; x_wconf 90' lang='lat' dir='ltr'><strong>ab</strong></span> <span class='ocrx_word' id='word_1_73' title='bbox 886 903 1012 950; x_wconf 88' lang='lat' dir='ltr'><strong>initio</strong></span> <span class='ocrx_word' id='word_1_74' title='bbox 1045 903 1164 950; x_wconf 91' lang='lat' dir='ltr'><strong>Deus</strong></span> <span class='ocrx_word' id='word_1_75' title='bbox 1200 914 1301 950; x_wconf 89' lang='lat' dir='ltr'><strong>ante</strong></span> <span class='ocrx_word' id='word_1_76' title='bbox 1335 915 1564 968; x_wconf 85' lang='lat' dir='ltr'><strong>peccatum</strong></span> <span class='ocrx_word' id='word_1_77' title='bbox 1599 905 1789 952; x_wconf 86' lang='lat' dir='ltr'><strong>instituit</strong></span> 
     </span>
     <span class='ocr_line' id='line_1_11' title="bbox 321 977 1788 1045; baseline 0.004 -22"><span class='ocrx_word' id='word_1_78' title='bbox 321 977 434 1026; x_wconf 86' lang='lat' dir='ltr'><strong>inter</strong></span> <span class='ocrx_word' id='word_1_79' title='bbox 477 989 807 1044; x_wconf 82' lang='lat' dir='ltr'><strong>protoparentes</strong></span> <span class='ocrx_word' id='word_1_80' title='bbox 852 979 916 1026; x_wconf 91' lang='lat' dir='ltr'><strong>uti</strong></span> <span class='ocrx_word' id='word_1_81' title='bbox 969 980 1155 1043; x_wconf 83' lang='lat' dir='ltr'><strong>figuram</strong></span> <span class='ocrx_word' id='word_1_82' title='bbox 1201 979 1374 1026; x_wconf 83' lang='lat' dir='ltr'><strong>futurae</strong></span> <span class='ocrx_word' id='word_1_83' title='bbox 1426 980 1591 1028; x_wconf 85' lang='lat' dir='ltr'><strong>Christi</strong></span> <span class='ocrx_word' id='word_1_84' title='bbox 1644 980 1788 1045; x_wconf 89' lang='lat' dir='ltr'><strong>ipsius</strong></span> 
     </span>
     <span class='ocr_line' id='line_1_12' title="bbox 321 1054 1789 1120; baseline 0.003 -19"><span class='ocrx_word' id='word_1_85' title='bbox 321 1071 421 1101; x_wconf 90' lang='lat' dir='ltr'><strong>cum</strong></span> <span class='ocrx_word' id='word_1_86' title='bbox 455 1054 643 1102; x_wconf 88' lang='lat' dir='ltr'><strong>ecclesia</strong></span> <span class='ocrx_word' id='word_1_87' title='bbox 677 1055 1024 1112; x_wconf 88' lang='lat' dir='ltr'><strong>coniunctionis,</strong></span> <span class='ocrx_word' id='word_1_88' title='bbox 1062 1055 1271 1120; x_wconf 92' lang='lat' dir='ltr'><strong>quodque</strong></span> <span class='ocrx_word' id='word_1_89' title='bbox 1304 1056 1608 1104; x_wconf 89' lang='lat' dir='ltr'><strong>continuatum</strong></span> <span class='ocrx_word' id='word_1_90' title='bbox 1641 1067 1711 1105; x_wconf 92' lang='lat' dir='ltr'><strong>est</strong></span> <span class='ocrx_word' id='word_1_91' title='bbox 1742 1058 1789 1104; x_wconf 91' lang='lat' dir='ltr'><strong>in</strong></span> 
     </span>
     <span class='ocr_line' id='line_1_13' title="bbox 323 1129 1792 1196; baseline 0.002 -19"><span class='ocrx_word' id='word_1_92' title='bbox 323 1129 488 1194; x_wconf 90' lang='lat' dir='ltr'><strong>populo</strong></span> <span class='ocrx_word' id='word_1_93' title='bbox 520 1130 601 1177; x_wconf 90' lang='lat' dir='ltr'><strong>Dei</strong></span> <span class='ocrx_word' id='word_1_94' title='bbox 628 1140 860 1195; x_wconf 79' lang='lat' dir='ltr'><strong>tamquam</strong></span> <span class='ocrx_word' id='word_1_95' title='bbox 894 1148 1044 1178; x_wconf 90' lang='lat' dir='ltr'><strong>merus</strong></span> <span class='ocrx_word' id='word_1_96' title='bbox 1078 1131 1294 1178; x_wconf 87' lang='lat' dir='ltr'><strong>naturalis</strong></span> <span class='ocrx_word' id='word_1_97' title='bbox 1336 1141 1612 1188; x_wconf 88' lang='lat' dir='ltr'><strong>contractus,</strong></span> <span class='ocrx_word' id='word_1_98' title='bbox 1650 1132 1792 1196; x_wconf 84' lang='lat' dir='ltr'><strong>gratia</strong></span> 
     </span>
     <span class='ocr_line' id='line_1_14' title="bbox 323 1205 1792 1273; baseline 0.003 -21"><span class='ocrx_word' id='word_1_99' title='bbox 323 1222 405 1252; x_wconf 88' lang='lat' dir='ltr'><strong>sua</strong></span> <span class='ocrx_word' id='word_1_100' title='bbox 439 1205 704 1262; x_wconf 86' lang='lat' dir='ltr'><strong>adornasse,</strong></span> <span class='ocrx_word' id='word_1_101' title='bbox 743 1216 875 1271; x_wconf 86' lang='lat' dir='ltr'><strong>atque</strong></span> <span class='ocrx_word' id='word_1_102' title='bbox 909 1207 971 1254; x_wconf 89' lang='lat' dir='ltr'><strong>ita</strong></span> <span class='ocrx_word' id='word_1_103' title='bbox 1004 1217 1329 1254; x_wconf 87' lang='lat' dir='ltr'><strong>sacramentum</strong></span> <span class='ocrx_word' id='word_1_104' title='bbox 1354 1207 1532 1255; x_wconf 86' lang='lat' dir='ltr'><strong>fecisse.</strong></span> <span class='ocrx_word' id='word_1_105' title='bbox 1555 1207 1663 1256; x_wconf 91' lang='lat' dir='ltr'><strong>Cum</strong></span> <span class='ocrx_word' id='word_1_106' title='bbox 1689 1226 1792 1273; x_wconf 90' lang='lat' dir='ltr'><strong>pro-</strong></span> 
     </span>
     <span class='ocr_line' id='line_1_15' title="bbox 323 1280 1794 1345; baseline 0.003 -18"><span class='ocrx_word' id='word_1_107' title='bbox 323 1280 429 1328; x_wconf 90' lang='lat' dir='ltr'><strong>inde</strong></span> <span class='ocrx_word' id='word_1_108' title='bbox 447 1291 619 1345; x_wconf 87' lang='lat' dir='ltr'><strong>praeter</strong></span> <span class='ocrx_word' id='word_1_109' title='bbox 634 1282 801 1344; x_wconf 83' lang='lat' dir='ltr'><strong>gratiae</strong></span> <span class='ocrx_word' id='word_1_110' title='bbox 818 1283 1120 1330; x_wconf 85' lang='lat' dir='ltr'><strong>accessionem</strong></span> <span class='ocrx_word' id='word_1_111' title='bbox 1138 1282 1252 1329; x_wconf 91' lang='lat' dir='ltr'><strong>nihil</strong></span> <span class='ocrx_word' id='word_1_112' title='bbox 1271 1283 1474 1330; x_wconf 88' lang='lat' dir='ltr'><strong>Christus</strong></span> <span class='ocrx_word' id='word_1_113' title='bbox 1493 1284 1794 1333; x_wconf 83' lang='lat' dir='ltr'><strong>immutaverit</strong></span> 
     </span>
     <span class='ocr_line' id='line_1_16' title="bbox 326 1357 1790 1425; baseline 0.002 -22"><span class='ocrx_word' id='word_1_114' title='bbox 326 1357 370 1403; x_wconf 90' lang='lat' dir='ltr'><strong>in</strong></span> <span class='ocrx_word' id='word_1_115' title='bbox 406 1358 574 1422; x_wconf 90' lang='lat' dir='ltr'><strong>nuptiis</strong></span> <span class='ocrx_word' id='word_1_116' title='bbox 608 1357 887 1414; x_wconf 88' lang='lat' dir='ltr'><strong>christianis,</strong></span> <span class='ocrx_word' id='word_1_117' title='bbox 927 1376 1204 1424; x_wconf 85' lang='lat' dir='ltr'><strong>consequens</strong></span> <span class='ocrx_word' id='word_1_118' title='bbox 1237 1370 1305 1406; x_wconf 88' lang='lat' dir='ltr'><strong>est</strong></span> <span class='ocrx_word' id='word_1_119' title='bbox 1339 1359 1439 1407; x_wconf 91' lang='lat' dir='ltr'><strong>illos</strong></span> <span class='ocrx_word' id='word_1_120' title='bbox 1474 1361 1680 1417; x_wconf 90' lang='lat' dir='ltr'><strong>eosdem,</strong></span> <span class='ocrx_word' id='word_1_121' title='bbox 1713 1361 1790 1425; x_wconf 91' lang='lat' dir='ltr'><strong>qui</strong></span> 
     </span>
     <span class='ocr_line' id='line_1_17' title="bbox 323 1433 1789 1499; baseline 0.003 -20"><span class='ocrx_word' id='word_1_122' title='bbox 323 1433 449 1498; x_wconf 91' lang='lat' dir='ltr'><strong>prius</strong></span> <span class='ocrx_word' id='word_1_123' title='bbox 482 1434 660 1499; x_wconf 89' lang='lat' dir='ltr'><strong>nuptias</strong></span> <span class='ocrx_word' id='word_1_124' title='bbox 700 1434 1018 1482; x_wconf 87' lang='lat' dir='ltr'><strong>contrahebant</strong></span> <span class='ocrx_word' id='word_1_125' title='bbox 1056 1435 1154 1482; x_wconf 89' lang='lat' dir='ltr'><strong>sine</strong></span> <span class='ocrx_word' id='word_1_126' title='bbox 1191 1434 1469 1483; x_wconf 88' lang='lat' dir='ltr'><strong>sacerdotum</strong></span> <span class='ocrx_word' id='word_1_127' title='bbox 1514 1436 1789 1492; x_wconf 89' lang='lat' dir='ltr'><strong>ministerio,</strong></span> 
     </span>
     <span class='ocr_line' id='line_1_18' title="bbox 323 1509 1792 1576; baseline 0.002 -20"><span class='ocrx_word' id='word_1_128' title='bbox 323 1510 406 1557; x_wconf 92' lang='lat' dir='ltr'><strong>hos</strong></span> <span class='ocrx_word' id='word_1_129' title='bbox 441 1509 564 1574; x_wconf 91' lang='lat' dir='ltr'><strong>ipsos</strong></span> <span class='ocrx_word' id='word_1_130' title='bbox 599 1510 644 1556; x_wconf 92' lang='lat' dir='ltr'><strong>in</strong></span> <span class='ocrx_word' id='word_1_131' title='bbox 679 1528 793 1558; x_wconf 87' lang='lat' dir='ltr'><strong>nova</strong></span> <span class='ocrx_word' id='word_1_132' title='bbox 826 1510 923 1574; x_wconf 82' lang='lat' dir='ltr'><strong>lege</strong></span> <span class='ocrx_word' id='word_1_133' title='bbox 957 1511 1286 1558; x_wconf 85' lang='lat' dir='ltr'><strong>matrimonium</strong></span> <span class='ocrx_word' id='word_1_134' title='bbox 1312 1511 1423 1558; x_wconf 90' lang='lat' dir='ltr'><strong>illud</strong></span> <span class='ocrx_word' id='word_1_135' title='bbox 1447 1511 1644 1567; x_wconf 87' lang='lat' dir='ltr'><strong>efficere,</strong></span> <span class='ocrx_word' id='word_1_136' title='bbox 1672 1512 1792 1576; x_wconf 90' lang='lat' dir='ltr'><strong>quod</strong></span> 
     </span>
     <span class='ocr_line' id='line_1_19' title="bbox 323 1585 1787 1651; baseline 0.001 -18"><span class='ocrx_word' id='word_1_137' title='bbox 323 1585 539 1633; x_wconf 87' lang='lat' dir='ltr'><strong>adnexam</strong></span> <span class='ocrx_word' id='word_1_138' title='bbox 573 1603 627 1634; x_wconf 86' lang='lat' dir='ltr'><strong>ex</strong></span> <span class='ocrx_word' id='word_1_139' title='bbox 661 1604 710 1634; x_wconf 92' lang='lat' dir='ltr'><strong>se</strong></span> <span class='ocrx_word' id='word_1_140' title='bbox 743 1588 842 1651; x_wconf 89' lang='lat' dir='ltr'><strong>ipso</strong></span> <span class='ocrx_word' id='word_1_141' title='bbox 876 1587 1062 1650; x_wconf 81' lang='lat' dir='ltr'><strong>gratiam</strong></span> <span class='ocrx_word' id='word_1_142' title='bbox 1098 1587 1246 1634; x_wconf 89' lang='lat' dir='ltr'><strong>habet.</strong></span> <span class='ocrx_word' id='word_1_143' title='bbox 1276 1588 1362 1634; x_wconf 89' lang='lat' dir='ltr'><strong>Seu</strong></span> <span class='ocrx_word' id='word_1_144' title='bbox 1396 1588 1515 1651; x_wconf 91' lang='lat' dir='ltr'><strong>quod</strong></span> <span class='ocrx_word' id='word_1_145' title='bbox 1552 1588 1669 1634; x_wconf 90' lang='lat' dir='ltr'><strong>idem</strong></span> <span class='ocrx_word' id='word_1_146' title='bbox 1698 1599 1787 1644; x_wconf 85' lang='lat' dir='ltr'><strong>est,</strong></span> 
     </span>
     <span class='ocr_line' id='line_1_20' title="bbox 322 1662 1794 1726; baseline -0.001 -16"><span class='ocrx_word' id='word_1_147' title='bbox 322 1662 499 1710; x_wconf 88' lang='lat' dir='ltr'><strong>eosdem</strong></span> <span class='ocrx_word' id='word_1_148' title='bbox 535 1663 843 1710; x_wconf 87' lang='lat' dir='ltr'><strong>contrahentes</strong></span> <span class='ocrx_word' id='word_1_149' title='bbox 877 1679 977 1710; x_wconf 90' lang='lat' dir='ltr'><strong>esse</strong></span> <span class='ocrx_word' id='word_1_150' title='bbox 1011 1662 1240 1710; x_wconf 91' lang='lat' dir='ltr'><strong>ministros</strong></span> <span class='ocrx_word' id='word_1_151' title='bbox 1265 1663 1528 1710; x_wconf 86' lang='lat' dir='ltr'><strong>sacramenti</strong></span> <span class='ocrx_word' id='word_1_152' title='bbox 1554 1663 1661 1710; x_wconf 91' lang='lat' dir='ltr'><strong>dum</strong></span> <span class='ocrx_word' id='word_1_153' title='bbox 1690 1663 1794 1726; x_wconf 81' lang='lat' dir='ltr'><strong>legi-</strong></span> 
     </span>
     <span class='ocr_line' id='line_1_21' title="bbox 323 1738 1792 1804; baseline 0 -19"><span class='ocrx_word' id='word_1_154' title='bbox 323 1739 430 1785; x_wconf 89' lang='lat' dir='ltr'><strong>time</strong></span> <span class='ocrx_word' id='word_1_155' title='bbox 463 1738 550 1786; x_wconf 88' lang='lat' dir='ltr'><strong>sibi</strong></span> <span class='ocrx_word' id='word_1_156' title='bbox 596 1739 782 1786; x_wconf 86' lang='lat' dir='ltr'><strong>invicem</strong></span> <span class='ocrx_word' id='word_1_157' title='bbox 830 1739 1037 1804; x_wconf 88' lang='lat' dir='ltr'><strong>praebent</strong></span> <span class='ocrx_word' id='word_1_158' title='bbox 1080 1757 1345 1787; x_wconf 90' lang='lat' dir='ltr'><strong>consensum</strong></span> <span class='ocrx_word' id='word_1_159' title='bbox 1369 1777 1379 1795; x_wconf 94' lang='lat'><strong>,</strong></span> <span class='ocrx_word' id='word_1_160' title='bbox 1417 1739 1494 1803; x_wconf 94' lang='lat' dir='ltr'><strong>qui</strong></span> <span class='ocrx_word' id='word_1_161' title='bbox 1540 1750 1666 1786; x_wconf 91' lang='lat' dir='ltr'><strong>erant</strong></span> <span class='ocrx_word' id='word_1_162' title='bbox 1709 1740 1792 1785; x_wconf 90' lang='lat' dir='ltr'><strong>mi-</strong></span> 
     </span>
     <span class='ocr_line' id='line_1_22' title="bbox 323 1814 1793 1879; baseline 0.001 -18"><span class='ocrx_word' id='word_1_163' title='bbox 323 1815 452 1862; x_wconf 86' lang='lat' dir='ltr'><strong>nistri</strong></span> <span class='ocrx_word' id='word_1_164' title='bbox 488 1825 737 1862; x_wconf 87' lang='lat' dir='ltr'><strong>contractus</strong></span> <span class='ocrx_word' id='word_1_165' title='bbox 763 1814 1017 1879; x_wconf 75' lang='lat' dir='ltr'><strong>&#39;coniugalis</strong></span> <span class='ocrx_word' id='word_1_166' title='bbox 1054 1815 1152 1863; x_wconf 91' lang='lat' dir='ltr'><strong>sine</strong></span> <span class='ocrx_word' id='word_1_167' title='bbox 1186 1815 1433 1862; x_wconf 88' lang='lat' dir='ltr'><strong>sacerdotis</strong></span> <span class='ocrx_word' id='word_1_168' title='bbox 1469 1815 1717 1862; x_wconf 88' lang='lat' dir='ltr'><strong>interventu</strong></span> <span class='ocrx_word' id='word_1_169' title='bbox 1742 1832 1793 1862; x_wconf 86' lang='lat' dir='ltr'><strong>ac</strong></span> 
     </span>
     <span class='ocr_line' id='line_1_23' title="bbox 324 1890 1794 1955; baseline -0.001 -18"><span class='ocrx_word' id='word_1_170' title='bbox 324 1890 647 1938; x_wconf 89' lang='lat' dir='ltr'><strong>benedictionis</strong></span> <span class='ocrx_word' id='word_1_171' title='bbox 682 1891 945 1938; x_wconf 88' lang='lat' dir='ltr'><strong>necessitate</strong></span> <span class='ocrx_word' id='word_1_172' title='bbox 960 1928 970 1947; x_wconf 92' lang='lat'><strong>,</strong></span> <span class='ocrx_word' id='word_1_173' title='bbox 998 1908 1114 1955; x_wconf 89' lang='lat' dir='ltr'><strong>quae</strong></span> <span class='ocrx_word' id='word_1_174' title='bbox 1137 1908 1225 1938; x_wconf 92' lang='lat' dir='ltr'><strong>non</strong></span> <span class='ocrx_word' id='word_1_175' title='bbox 1250 1891 1457 1938; x_wconf 88' lang='lat' dir='ltr'><strong>adiicitur</strong></span> <span class='ocrx_word' id='word_1_176' title='bbox 1481 1890 1569 1937; x_wconf 91' lang='lat' dir='ltr'><strong>nisi</strong></span> <span class='ocrx_word' id='word_1_177' title='bbox 1593 1908 1647 1937; x_wconf 83' lang='lat' dir='ltr'><strong>ex</strong></span> <span class='ocrx_word' id='word_1_178' title='bbox 1672 1907 1794 1954; x_wconf 89' lang='lat' dir='ltr'><strong>prae-</strong></span> 
     </span>
     <span class='ocr_line' id='line_1_24' title="bbox 324 1965 1791 2031; baseline -0.001 -18"><span class='ocrx_word' id='word_1_179' title='bbox 324 1976 450 2031; x_wconf 86' lang='lat' dir='ltr'><strong>cepto</strong></span> <span class='ocrx_word' id='word_1_180' title='bbox 473 1965 688 2013; x_wconf 88' lang='lat' dir='ltr'><strong>ecclesiae</strong></span> <span class='ocrx_word' id='word_1_181' title='bbox 711 1965 769 2012; x_wconf 88' lang='lat' dir='ltr'><strong>ad</strong></span> <span class='ocrx_word' id='word_1_182' title='bbox 793 1965 1002 2013; x_wconf 91' lang='lat' dir='ltr'><strong>maiorem</strong></span> <span class='ocrx_word' id='word_1_183' title='bbox 1027 1965 1370 2023; x_wconf 82' lang='lat' dir='ltr'><strong>solemnitatem,</strong></span> <span class='ocrx_word' id='word_1_184' title='bbox 1398 1977 1441 2013; x_wconf 92' lang='lat' dir='ltr'><strong>et</strong></span> <span class='ocrx_word' id='word_1_185' title='bbox 1465 1983 1520 2012; x_wconf 87' lang='lat' dir='ltr'><strong>ne</strong></span> <span class='ocrx_word' id='word_1_186' title='bbox 1543 1965 1791 2012; x_wconf 90' lang='lat' dir='ltr'><strong>clanculum</strong></span> 
     </span>
     <span class='ocr_line' id='line_1_25' title="bbox 324 2041 1790 2107; baseline -0.001 -19"><span class='ocrx_word' id='word_1_187' title='bbox 324 2041 583 2089; x_wconf 88' lang='lat' dir='ltr'><strong>celebretur.</strong></span> <span class='ocrx_word' id='word_1_188' title='bbox 605 2041 744 2089; x_wconf 90' lang='lat' dir='ltr'><strong>Verba</strong></span> <span class='ocrx_word' id='word_1_189' title='bbox 778 2041 953 2089; x_wconf 89' lang='lat' dir='ltr'><strong>concilii</strong></span> <span class='ocrx_word' id='word_1_190' title='bbox 987 2042 1078 2089; x_wconf 90' lang='lat' dir='ltr'><strong>iam</strong></span> <span class='ocrx_word' id='word_1_191' title='bbox 1097 2042 1304 2107; x_wconf 88' lang='lat' dir='ltr'><strong>superius</strong></span> <span class='ocrx_word' id='word_1_192' title='bbox 1339 2042 1567 2098; x_wconf 86' lang='lat' dir='ltr'><strong>dedimus,</strong></span> <span class='ocrx_word' id='word_1_193' title='bbox 1595 2058 1646 2089; x_wconf 89' lang='lat' dir='ltr'><strong>ac</strong></span> <span class='ocrx_word' id='word_1_194' title='bbox 1675 2041 1790 2088; x_wconf 89' lang='lat' dir='ltr'><strong>idem</strong></span> 
     </span>
     <span class='ocr_line' id='line_1_26' title="bbox 324 2118 1062 2182; baseline 0.001 -19"><span class='ocrx_word' id='word_1_195' title='bbox 324 2128 632 2181; x_wconf 82' lang='lat' dir='ltr'><strong>argumentum</strong></span> <span class='ocrx_word' id='word_1_196' title='bbox 667 2118 1062 2182; x_wconf 88' lang='lat' dir='ltr'><strong>superstruximus.</strong></span> 
     </span>
    </p>

    <p class='ocr_par' dir='ltr' id='par_1_4' title="bbox 325 2193 1794 2865">
     <span class='ocr_line' id='line_1_27' title="bbox 421 2193 1791 2257; baseline -0.001 -17"><span class='ocrx_word' id='word_1_197' title='bbox 421 2193 634 2250; x_wconf 82' lang='lat' dir='ltr'><strong>Rursum,</strong></span> <span class='ocrx_word' id='word_1_198' title='bbox 672 2193 788 2241; x_wconf 90' lang='lat' dir='ltr'><strong>idem</strong></span> <span class='ocrx_word' id='word_1_199' title='bbox 824 2194 1059 2242; x_wconf 90' lang='lat' dir='ltr'><strong>concilium</strong></span> <span class='ocrx_word' id='word_1_200' title='bbox 1095 2193 1331 2241; x_wconf 89' lang='lat' dir='ltr'><strong>anathema</strong></span> <span class='ocrx_word' id='word_1_201' title='bbox 1363 2194 1474 2241; x_wconf 90' lang='lat' dir='ltr'><strong>dicit</strong></span> <span class='ocrx_word' id='word_1_202' title='bbox 1497 2194 1578 2249; x_wconf 94' lang='lat' dir='ltr'><strong>iis,</strong></span> <span class='ocrx_word' id='word_1_203' title='bbox 1606 2193 1684 2257; x_wconf 88' lang='lat' dir='ltr'><strong>qui</strong></span> <span class='ocrx_word' id='word_1_204' title='bbox 1714 2210 1791 2239; x_wconf 87' lang='lat' dir='ltr'><strong>ne-</strong></span> 
     </span>
     <span class='ocr_line' id='line_1_28' title="bbox 325 2268 1793 2334; baseline -0.001 -17"><span class='ocrx_word' id='word_1_205' title='bbox 325 2269 526 2332; x_wconf 76' lang='lat' dir='ltr'><strong>gaverint</strong></span> <span class='ocrx_word' id='word_1_206' title='bbox 563 2269 843 2317; x_wconf 90' lang='lat' dir='ltr'><strong>matrimonia</strong></span> <span class='ocrx_word' id='word_1_207' title='bbox 883 2269 1182 2324; x_wconf 89' lang='lat' dir='ltr'><strong>clandestina,</strong></span> <span class='ocrx_word' id='word_1_208' title='bbox 1226 2281 1462 2334; x_wconf 89' lang='lat' dir='ltr'><strong>antequam</strong></span> <span class='ocrx_word' id='word_1_209' title='bbox 1505 2268 1562 2316; x_wconf 86' lang='lat' dir='ltr'><strong>ab</strong></span> <span class='ocrx_word' id='word_1_210' title='bbox 1603 2268 1793 2315; x_wconf 88' lang='lat' dir='ltr'><strong>ecclesia</strong></span> 
     </span>
     <span class='ocr_line' id='line_1_29' title="bbox 325 2345 1792 2402; baseline 0 -11"><span class='ocrx_word' id='word_1_211' title='bbox 325 2345 630 2402; x_wconf 88' lang='lat' dir='ltr'><strong>irritarentur,</strong></span> <span class='ocrx_word' id='word_1_212' title='bbox 669 2345 810 2393; x_wconf 87' lang='lat' dir='ltr'><strong>fuisse</strong></span> <span class='ocrx_word' id='word_1_213' title='bbox 842 2363 944 2393; x_wconf 86' lang='lat' dir='ltr'><strong>vera</strong></span> <span class='ocrx_word' id='word_1_214' title='bbox 977 2357 1021 2394; x_wconf 92' lang='lat' dir='ltr'><strong>et</strong></span> <span class='ocrx_word' id='word_1_215' title='bbox 1058 2356 1157 2393; x_wconf 83' lang='lat' dir='ltr'><strong>rata</strong></span> <span class='ocrx_word' id='word_1_216' title='bbox 1196 2346 1491 2393; x_wconf 90' lang='lat' dir='ltr'><strong>matrimonia.</strong></span> <span class='ocrx_word' id='word_1_217' title='bbox 1518 2345 1650 2391; x_wconf 92' lang='lat' dir='ltr'><strong>Porro</strong></span> <span class='ocrx_word' id='word_1_218' title='bbox 1682 2361 1792 2391; x_wconf 91' lang='lat' dir='ltr'><strong>usus</strong></span> 
     </span>
     <span class='ocr_line' id='line_1_30' title="bbox 325 2420 1793 2488; baseline -0.001 -20"><span class='ocrx_word' id='word_1_219' title='bbox 325 2421 536 2486; x_wconf 89' lang='lat' dir='ltr'><strong>loquendi</strong></span> <span class='ocrx_word' id='word_1_220' title='bbox 570 2422 615 2469; x_wconf 91' lang='lat' dir='ltr'><strong>in</strong></span> <span class='ocrx_word' id='word_1_221' title='bbox 649 2422 838 2470; x_wconf 90' lang='lat' dir='ltr'><strong>ecclesia</strong></span> <span class='ocrx_word' id='word_1_222' title='bbox 872 2433 1013 2470; x_wconf 89' lang='lat' dir='ltr'><strong>aetate</strong></span> <span class='ocrx_word' id='word_1_223' title='bbox 1038 2422 1263 2469; x_wconf 89' lang='lat' dir='ltr'><strong>tridentini</strong></span> <span class='ocrx_word' id='word_1_224' title='bbox 1287 2421 1499 2488; x_wconf 88' lang='lat' dir='ltr'><strong>postulat,</strong></span> <span class='ocrx_word' id='word_1_225' title='bbox 1527 2431 1575 2468; x_wconf 91' lang='lat' dir='ltr'><strong>ut</strong></span> <span class='ocrx_word' id='word_1_226' title='bbox 1598 2420 1682 2467; x_wconf 92' lang='lat' dir='ltr'><strong>hac</strong></span> <span class='ocrx_word' id='word_1_227' title='bbox 1706 2420 1793 2467; x_wconf 83' lang='lat' dir='ltr'><strong>sor-</strong></span> 
     </span>
     <span class='ocr_line' id='line_1_31' title="bbox 326 2497 1787 2562; baseline -0.002 -18"><span class='ocrx_word' id='word_1_228' title='bbox 326 2497 448 2544; x_wconf 89' lang='lat' dir='ltr'><strong>mula</strong></span> <span class='ocrx_word' id='word_1_229' title='bbox 491 2497 823 2561; x_wconf 76' lang='lat' dir='ltr'><strong>disignarentur</strong></span> <span class='ocrx_word' id='word_1_230' title='bbox 861 2497 1142 2544; x_wconf 88' lang='lat' dir='ltr'><strong>matrimonia</strong></span> <span class='ocrx_word' id='word_1_231' title='bbox 1186 2507 1316 2562; x_wconf 91' lang='lat' dir='ltr'><strong>prout</strong></span> <span class='ocrx_word' id='word_1_232' title='bbox 1357 2507 1460 2544; x_wconf 89' lang='lat' dir='ltr'><strong>sunt</strong></span> <span class='ocrx_word' id='word_1_233' title='bbox 1501 2507 1787 2543; x_wconf 84' lang='lat' dir='ltr'><strong>sacramenta.</strong></span> 
     </span>
     <span class='ocr_line' id='line_1_32' title="bbox 327 2572 1788 2638; baseline -0.001 -20"><span class='ocrx_word' id='word_1_234' title='bbox 327 2573 437 2619; x_wconf 92' lang='lat' dir='ltr'><strong>Nam</strong></span> <span class='ocrx_word' id='word_1_235' title='bbox 472 2574 649 2638; x_wconf 83' lang='lat' dir='ltr'><strong>insigne</strong></span> <span class='ocrx_word' id='word_1_236' title='bbox 682 2584 751 2621; x_wconf 88' lang='lat' dir='ltr'><strong>est</strong></span> <span class='ocrx_word' id='word_1_237' title='bbox 783 2573 869 2620; x_wconf 88' lang='lat' dir='ltr'><strong>hac</strong></span> <span class='ocrx_word' id='word_1_238' title='bbox 899 2572 956 2620; x_wconf 90' lang='lat' dir='ltr'><strong>de</strong></span> <span class='ocrx_word' id='word_1_239' title='bbox 988 2590 1035 2620; x_wconf 89' lang='lat' dir='ltr'><strong>re</strong></span> <span class='ocrx_word' id='word_1_240' title='bbox 1058 2572 1302 2620; x_wconf 91' lang='lat' dir='ltr'><strong>Innocentii</strong></span> <span class='ocrx_word' id='word_1_241' title='bbox 1329 2573 1406 2618; x_wconf 91' lang='lat'><em>111.</em></span> <span class='ocrx_word' id='word_1_242' title='bbox 1434 2572 1667 2619; x_wconf 89' lang='lat' dir='ltr'><strong>Decretum</strong></span> <span class='ocrx_word' id='word_1_243' title='bbox 1691 2588 1788 2636; x_wconf 88' lang='lat' dir='ltr'><strong>cap.</strong></span> 
     </span>
     <span class='ocr_line' id='line_1_33' title="bbox 329 2647 1794 2714; baseline -0.001 -19"><span class='ocrx_word' id='word_1_244' title='bbox 329 2647 519 2704; x_wconf 80' lang='lat' dir='ltr'><strong>Quanto,</strong></span> <span class='ocrx_word' id='word_1_245' title='bbox 560 2650 605 2696; x_wconf 93' lang='lat' dir='ltr'><strong>in</strong></span> <span class='ocrx_word' id='word_1_246' title='bbox 640 2667 730 2714; x_wconf 92' lang='lat' dir='ltr'><strong>quo</strong></span> <span class='ocrx_word' id='word_1_247' title='bbox 752 2649 1019 2706; x_wconf 87' lang='lat' dir='ltr'><strong>discrimen,</strong></span> <span class='ocrx_word' id='word_1_248' title='bbox 1047 2647 1168 2714; x_wconf 89' lang='lat' dir='ltr'><strong>quod</strong></span> <span class='ocrx_word' id='word_1_249' title='bbox 1198 2647 1428 2695; x_wconf 90' lang='lat' dir='ltr'><strong>intercedit</strong></span> <span class='ocrx_word' id='word_1_250' title='bbox 1449 2647 1563 2695; x_wconf 88' lang='lat' dir='ltr'><strong>inter</strong></span> <span class='ocrx_word' id='word_1_251' title='bbox 1591 2647 1794 2710; x_wconf 84' lang='lat' dir='ltr'><strong>coniugia</strong></span> 
     </span>
     <span class='ocr_line' id='line_1_34' title="bbox 328 2723 1794 2792; baseline 0 -23"><span class='ocrx_word' id='word_1_252' title='bbox 328 2724 373 2769; x_wconf 90' lang='lat' dir='ltr'><strong>in</strong></span> <span class='ocrx_word' id='word_1_253' title='bbox 407 2724 669 2773; x_wconf 87' lang='lat' dir='ltr'><strong>infidelitate</strong></span> <span class='ocrx_word' id='word_1_254' title='bbox 701 2735 941 2782; x_wconf 90' lang='lat' dir='ltr'><strong>contracta,</strong></span> <span class='ocrx_word' id='word_1_255' title='bbox 981 2741 1187 2792; x_wconf 88' lang='lat' dir='ltr'><strong>quaeque</strong></span> <span class='ocrx_word' id='word_1_256' title='bbox 1219 2741 1298 2789; x_wconf 92' lang='lat' dir='ltr'><strong>per</strong></span> <span class='ocrx_word' id='word_1_257' title='bbox 1334 2723 1665 2772; x_wconf 90' lang='lat' dir='ltr'><strong>conversionem</strong></span> <span class='ocrx_word' id='word_1_258' title='bbox 1690 2723 1794 2770; x_wconf 90' lang='lat' dir='ltr'><strong>alte-</strong></span> 
     </span>
     <span class='ocr_line' id='line_1_35' title="bbox 328 2798 1792 2865; baseline -0.001 -21"><span class='ocrx_word' id='word_1_259' title='bbox 328 2799 491 2846; x_wconf 86' lang='lat' dir='ltr'><strong>rutrius</strong></span> <span class='ocrx_word' id='word_1_260' title='bbox 526 2801 727 2863; x_wconf 80' lang='lat' dir='ltr'><strong>coniugis</strong></span> <span class='ocrx_word' id='word_1_261' title='bbox 762 2801 870 2849; x_wconf 91' lang='lat' dir='ltr'><strong>solvi</strong></span> <span class='ocrx_word' id='word_1_262' title='bbox 898 2801 1118 2849; x_wconf 89' lang='lat' dir='ltr'><strong>interdum</strong></span> <span class='ocrx_word' id='word_1_263' title='bbox 1143 2810 1355 2865; x_wconf 88' lang='lat' dir='ltr'><strong>possunt,</strong></span> <span class='ocrx_word' id='word_1_264' title='bbox 1383 2811 1426 2847; x_wconf 88' lang='lat' dir='ltr'><strong>et</strong></span> <span class='ocrx_word' id='word_1_265' title='bbox 1445 2799 1650 2862; x_wconf 85' lang='lat' dir='ltr'><strong>coniugia</strong></span> <span class='ocrx_word' id='word_1_266' title='bbox 1673 2798 1792 2845; x_wconf 85' lang='lat' dir='ltr'><strong>chri-</strong></span> 
     </span>
    </p>
   </div>
  </div>
 </body>
</html>
