1918 3186
267 222 357 254 CAP.
379 224 419 253 V.
444 224 495 255 DE
519 223 675 256 Mller.
701 224 907 256 CONTRAH.
933 225 1025 257 Aur.
1050 224 1112 258 111.
1135 223 1292 257 Ancum.
1314 223 1464 256 Tuam..
1541 208 1633 255 163

153 300 236 348 hoc
277 301 533 365 coniugium
572 312 768 350 vestrum
809 313 1033 367 tamquam
1068 302 1283 351 ecclesiae
1316 302 1544 359 minister,
1583 319 1635 350 ac

152 394 232 440 pro
265 394 368 425 vero
398 377 541 426 habeo
569 381 709 443 'atque
740 378 952 441 legitimo.

248 454 474 510 Ceterum,
513 454 576 501 uti
612 464 817 502 accurate
851 454 1164 503 animadvertit
1186 454 1351 503 Bened.
1372 454 1481 502 xlv.
1509 455 1627 517 (49).

155 529 407 586 «Quamvis
439 530 555 577 hanc
582 530 816 578 formulam
841 531 1103 579 indicaverit
1131 531 1458 594 (concilium),
1480 548 1635 596 quam-

152 623 343 671 cumque
368 618 515 653 tamen
539 606 701 665 aliam,
733 608 855 655 iuxta
884 607 1122 655 cuiuslibet
1157 608 1353 671 regionis
1386 624 1518 655 usum
1554 607 1635 655 ad-

151 682 306 729 hibere
340 682 581 747 permisit:¹
621 684 690 730 vel
732 684 836 731 aliis
876 694 1026 732 utatur
1065 684 1208 732 verbis
1251 687 1380 732 iuxta
1421 694 1656 749 receptumae

150 759 485 822 uniuscuiusque
514 761 768 823 provinciae
801 761 950 807 ritum.
991 761 1175 807 Tantam
1210 777 1342 824 porro
1375 760 1634 808 varietatem

150 833 343 882 ecclesia
377 852 465 882 non
502 834 778 892 tollerasset,
816 835 1047 901 multoque
1081 833 1230 883 minus
1264 834 1502 883 cuiuslibet
1536 853 1634 900 pro-

149 910 321 958 vinciae
355 910 539 959 arbitrio
574 912 878 977 permisisset,
913 912 952 959 si
988 911 1315 968 existimasset,
1343 928 1424 976 per
1444 912 1583 959 verba
1605 929 1632 959 a

149 987 378 1035 sacerdote
403 987 576 1052 prolata
610 989 768 1036 confici
805 998 1132 1036 sacramentum
1162 986 1495 1035 matrimonii.»
1517 988 1635 1035 Inter

146 1063 294 1110 varias
330 1074 478 1111 autem
525 1063 739 1112 formulas
774 1082 801 1111 a
834 1063 1064 1112 sacerdote
1099 1064 1145 1110 in
1180 1062 1419 1127 iungendis
1460 1064 1632 1128 nuptiis

147 1150 409 1205 usurpatas,
437 1150 480 1187 et
503 1137 625 1187 illam
651 1150 989 1197 commemorat,
1017 1157 1133 1204 quae
1166 1139 1331 1187 alicubi
1365 1138 1535 1188 obtinet
1558 1139 1630 1186 his

148 1226 319 1263 tantum
353 1215 501 1263 verbis
528 1233 809 1281 expressam:
840 1216 964 1272 Quod
985 1216 1102 1262 Deus
1128 1217 1374 1270 coniunxit,
1405 1216 1523 1262 homo
1546 1234 1631 1262 non

145 1301 314 1356 separet
325 1310 340 1348 ,·
373 1309 489 1357 quae
523 1302 639 1339 certe
673 1292 787 1338 nihil
821 1309 1054 1340 commune
1077 1290 1245 1338 habent
1268 1308 1369 1338 cum
1393 1290 1507 1338 illis:
1534 1291 1630 1356 qu

145 1386 220 1416 vos
258 1369 484 1432 coniunqo.
510 1368 590 1415 Cui
615 1368 795 1433 quidem
830 1367 1043 1416 formulae
1078 1366 1191 1414 alias
1225 1366 1324 1414 heic
1360 1366 1595 1415 subiiciam
1614 1406 1624 1424 ,

146 1461 264 1509 quae
297 1444 546 1491 etiamnum
578 1444 727 1507 vigent
757 1444 802 1489 in
836 1443 1062 1491 nonnullis
1097 1442 1318 1490 ecclesiis.
1348 1443 1399 1489 In
1433 1443 1628 1491 dioecesi

145 1520 553 1585 Wuergeburgensi
567 1518 690 1569 ‘haec
712 1520 951 1569 adhibetur
969 1540 977 1568 ε
999 1521 1100 1568 Ideo
1118 1521 1442 1568 matrimonium
1461 1538 1543 1585 per
1558 1539 1632 1569 vos

146 1606 411 1644 contractum
449 1597 647 1662 confirmo
667 1633 678 1651 ,
726 1597 892 1662 ratifico
927 1606 967 1643 et
1003 1596 1222 1651 benedico,
1262 1597 1309 1642 in
1342 1597 1510 1643 nomine
1544 1597 1630 1644 Pa-

148 1674 226 1720 tris
248 1683 327 1720 etc.
357 1674 408 1720 In
436 1673 631 1722 dioecesi
650 1673 968 1722 Eichstattensi
1000 1673 1209 1721 sacerdos
1233 1672 1344 1721 haec
1367 1673 1633 1738 pronunciat

149 1750 310 1798 verba:
349 1750 678 1798 Matrimonium
701 1752 815 1797 inter
835 1767 910 1798 vos
934 1760 1199 1797 contractum
1231 1750 1348 1796 Deus
1364 1774 1367 1777 >
1382 1751 1625 1815 confirmet,

147 1837 187 1872 et
219 1843 293 1890 eqo
327 1829 375 1874 in
407 1828 521 1892 facie
555 1827 756 1874 ecclesiae
790 1826 904 1874 illud
927 1827 1173 1874 solemnizo.
1201 1826 1257 1872 In
1279 1827 1447 1872 nomine
1471 1835 1549 1873 etc.
1582 1826 1631 1872 In

147 1902 341 1950 dioecesi
365 1902 896 1965 Monacho-srinsingensi
920 1903 1032 1950 hacc
1050 1900 1244 1949 ‘formula
1267 1901 1503 1965 reperitur:
1531 1900 1631 1948 Ma-

150 1980 397 2026 trimonium
419 1981 465 2026 in
488 1980 600 2044 facie
633 1979 833 2026 ecclesiae
867 1980 978 2026 inter
1007 1996 1081 2026 vos
1105 1987 1371 2025 contractum
1392 1977 1509 2023 Deus
1531 1994 1632 2024 con-

146 2055 305 2118 firmet,
334 2064 373 2100 et
396 2056 648 2101 auctoritate
683 2055 883 2101 ecclesiae
909 2055 1014 2110 Dei,
1045 2071 1119 2118 eqo
1153 2052 1267 2099 illud
1299 2053 1505 2116 approbo,
1531 2069 1632 2116 per-

146 2130 242 2193 ficio
269 2139 396 2193 atque
422 2129 668 2176 solemnizo.
692 2130 747 2176 In
780 2131 948 2177 nomine
982 2140 1060 2177 etc.
1092 2139 1141 2176 ut
1169 2127 1322 2176 videre
1355 2139 1423 2176 est
1456 2128 1503 2175 in
1537 2128 1631 2175 sin-

146 2205 264 2269 gulis
298 2206 457 2253 harum
498 2205 790 2253 ecclesiarum
836 2206 1089 2253 ritualibus.
1130 2205 1239 2252 Cum
1272 2222 1376 2253 vero
1411 2204 1630 2253 eiusmodi

148 2281 363 2330 formulae
397 2281 739 2346 antiquissimae
769 2281 860 2328 sint
888 2292 1022 2346 atque
1044 2280 1102 2328 ab
1125 2279 1467 2328 immemorabili
1501 2297 1632 2327 usur-

140 2368 337 2422 pentur,
376 2376 537 2406 novum
572 2357 782 2406 exhibent
814 2366 1121 2420 argumentum
1156 2374 1237 2421 pro
1259 2357 1398 2405 veteri
1432 2356 1631 2404 doctrina

143 2434 603 2483 de'contrahentibus
642 2434 909 2482 sacramenti
947 2433 1218 2481 matrimonii
1252 2432 1486 2480 ministris.

156 2525 183 2531 ’·
212 2508 215 2510 ’
247 2512 428 2559 Interim
469 2522 561 2559 tum
596 2529 649 2558 ex
682 2511 794 2558 actis
838 2509 1045 2567 concilii,
1091 2520 1184 2557 tum
1219 2526 1272 2556 ex
1305 2508 1631 2556 obiectionibus

135 2587 277 2634 -Pauli
319 2588 465 2653 Sarpii
505 2587 653 2653 palam
689 2587 771 2644 fit,
811 2586 983 2634 nullum
1017 2585 1203 2633 dubium
1239 2602 1475 2651 superesse
1514 2586 1632 2633 circa

151 2680 406 2726 germanam
441 2665 619 2713 concilii
655 2665 883 2712 tridentini
918 2663 1184 2711 sententiam
1210 2674 1343 2728 atque
1365 2662 1625 2711 doctrinam.

152 2739 520 2788 Exindei'sactum
558 2753 626 2789 est
653 2752 702 2789 ut
731 2741 816 2787 hac
844 2740 901 2787 de
926 2757 1062 2788 causa
1089 2739 1290 2806 plerique
1318 2739 1510 2804 theologi
1534 2740 1631 2788 ani-

249 2828 314 2869 (49)
336 2830 386 2862 De
407 2829 541 2870 synodo
559 2829 616 2861 lib.
630 2829 720 2861 vul.
733 2838 762 2860 c.
778 2830 867 2861 xlll.
885 2837 917 2860 n.
935 2834 964 2860 6.

1440 2882 1469 2910 ³*-
