1918 3186
336 197 427 242 114
610 210 690 241 mn.
717 210 746 241 1.
777 208 889 239 sacr.
925 207 956 238 1.
975 208 1026 239 nn
1050 208 1219 241 imum.
1238 209 1518 243 sxanuEN'ro.

337 286 422 332 ritu
456 301 614 347 nempe
648 301 773 331 sacro
797 301 846 330 ac
871 284 1065 348 legitima
1090 286 1270 332 ratione.
1300 285 1388 332 Nec
1411 285 1472 332 ibi
1495 286 1627 333 etiam
1651 304 1794 337 sermo

334 372 401 408 cst
445 360 500 407 de
543 359 847 407 benedictione
892 361 1144 408 necessaria
1182 360 1238 406 ad
1284 360 1601 407 conficiendum
1647 379 1796 411 sacra—

334 445 545 482 mentum.
773 435 776 437 ’
1775 425 1780 428 ’

430 509 546 564 Quid
591 509 724 571 igitur
757 509 843 557 sibi
875 510 1027 557 volunt
1065 510 1280 557 eiusmodi
1328 522 1500 575 patrum
1544 512 1796 560 testimonia

276 631 278 633 ,
334 586 543 647 eoeeqetice
567 602 593 630 a
617 584 794 631 doctore
817 585 926 647 Berg
949 584 1175 648 expensa?
1199 585 1317 631 Nihil
1341 586 1461 632 aliud
1481 625 1490 642 ,
1518 604 1651 651 quam
1675 587 1794 651 quod

333 660 524 707 diximus
543 698 553 716 ,
585 660 837 723 coniugium
872 660 1039 707 scilicet
1062 660 1258 707 fidelium
1282 662 1523 710 sacerdotis
1546 663 1796 726 praesentia

332 745 375 781 et
406 734 711 783 benedictione
743 734 1031 782 ’cohonestari
1075 734 1309 793 debuisse,
1347 755 1402 784 ne
1434 736 1603 784 occulte
1636 737 1790 793 fieret;

333 827 419 857 non
453 821 596 857 autem
630 810 749 874 quod
784 810 869 858 sibi
905 810 1194 857 evincendum
1234 812 1464 875 proposuit
1495 813 1569 860 hic
1606 812 1757 860 doc-tor
1780 850 1789 868 ,

332 885 600 932 sacerdotem
633 902 734 932 esse
767 885 1030 932 sacramenti
1069 884 1204 932 huius
1240 886 1508 933 ministrum.

271 1027 274 1030 ι
424 961 546 1007 Idem
581 961 807 1007 ferendum
837 960 1051 1007 iudicium
1075 960 1130 1007 de
1159 960 1359 1008 formulis
1395 962 1635 1010 identidem
1671 980 1697 1010 a
1724 981 1800 1029 pa·

331 1037 471 1083 tribus
495 1037 743 1100 usurpatis:
767 1035 1062 1082 Benedictione
1085 1037 1233 1100 iuqum
1250 1038 1430 1100 imponi,
1454 1038 1705 1101 coniugium
1723 1039 1801 1086 ob-.

330 1113 522 1175 siqnari,
550 1111 816 1174 sanctificari
837 1119 1056 1174 oportere,
1085 1109 1274 1175 aliisque
1297 1111 1537 1169 eiusmodi,
1567 1113 1606 1160 si
1630 1114 1725 1161 suis
1749 1114 1795 1160 in

333 1186 607 1234 contextibus
626 1186 944 1250 expendantur.
961 1185 1071 1232 Cum
1090 1202 1193 1234 vero
1212 1186 1488 1244 Tertulliani,
1510 1188 1676 1244 Siricii,
1699 1189 1798 1235 Am-

333 1261 492 1318 brosii,
514 1271 557 1308 et
573 1260 745 1309 concilii
761 1260 1131 1324 'carthaginiensis
1150 1261 1219 1307 lV.
1234 1261 1485 1310 testimonia
1507 1263 1696 1310 examini
1715 1264 1799 1311 ori-

330 1339 415 1386 tico
427 1348 470 1385 et
481 1338 700 1400 exegetico
718 1337 804 1383 iam
819 1336 1154 1394 subiecerimus,
1170 1347 1307 1385 restat
1317 1349 1367 1385 ut
1384 1356 1422 1386 s.
1434 1339 1602 1395 Basilii,
1614 1349 1657 1386 et
1669 1339 1796 1404 aey-

328 1413 412 1460 rilli
448 1412 721 1460 alexandrini
749 1422 939 1459 mentem
973 1412 1018 1458 in
1052 1411 1234 1460 obiectis
1270 1413 1460 1460 textibus
1494 1412 1808 1478 exploremus*

424 1490 516 1536 lam
551 1506 654 1536 vero
697 1506 735 1536 s.
755 1488 958 1536 ‘Basilius
991 1487 1074 1535 loc.
1111 1489 1184 1534 cit.
1224 1506 1312 1535 non
1346 1489 1541 1554 loquitur
1573 1490 1628 1537 de
1660 1490 1794 1537 bene-

327 1566 520 1613 dictione
544 1565 829 1621 sacerdotali,
858 1565 914 1611 de
936 1581 1024 1628 qua
1047 1581 1102 1610 ne
1120 1563 1302 1611 verbum
1325 1566 1504 1629 quidem
1529 1565 1661 1613 habet
1675 1604 1685 1622 ,
1714 1566 1792 1614 sed

327 1640 484 1688 alludit
501 1641 557 1688 ad
574 1640 924 1688 benedictionem
943 1657 969 1687 a
985 1641 1077 1688 Deo
1097 1640 1478 1705 protoparentibus
1496 1641 1645 1687 datam
1658 1678 1669 1696 ,
1692 1658 1791 1687 cum

329 1717 518 1780 primum
535 1714 782 1763 institutum
801 1715 857 1763 ab
875 1733 926 1763 eo
941 1715 1022 1763 fuit
1038 1733 1089 1763 ac
1107 1715 1383 1763 benedictum
1401 1715 1653 1778 coniugium
1671 1716 1766 1778 (21)
1779 1753 1788 1761 .

422 1792 466 1837 S.
506 1791 697 1855 Cyrillus
732 1791 844 1839 alex.
884 1808 939 1838 ne
970 1791 1153 1838 verbum
1187 1791 1349 1856 pariter
1391 1790 1543 1848 habet,
1583 1791 1701 1855 quod
1735 1791 1790 1838 ad

328 1867 639 1915 sacerdotalem
673 1867 1018 1915 benedictionem
1054 1867 1287 1923 reseratur,
1317 1867 1394 1914 sed
1418 1867 1508 1930 agit
1531 1867 1587 1914 de
1609 1867 1685 1914 illa
1715 1866 1794 1914 be-

327 1940 590 1999 nedictione,
609 1960 698 2007 qua
721 1943 908 2007 ipsemet
930 1942 1132 1990 Christus
1156 1942 1351 2007 nuptias,
1380 1943 1543 2007 quibus
1567 1942 1786 1999 interfuit,

327 2019 640 2075 sanctificavit,
662 2029 704 2066 et
722 2019 767 2064 in
786 2018 875 2065 illis
892 2019 1070 2083 nuptias
1088 2036 1240 2066 omnes
1258 2019 1428 2065 futuras
1447 2019 1559 2065 inter
1577 2018 1790 2066 Christia-

327 2111 407 2141 nos
422 2132 432 2151 ,
459 2093 577 2159 quod
603 2110 730 2141 nemo
753 2111 963 2158 umquam
986 2094 1209 2141 inficiatus
1233 2104 1300 2141 est
1322 2094 1368 2140 in
1392 2097 1671 2158 quacumque
1695 2110 1789 2140 sen-

327 2172 474 2218 tentia.
1057 2172 1059 2174 ’
1548 2173 1550 2175 ’

422 2246 545 2301 Quae
575 2247 817 2295 afferuntur
840 2265 892 2294 ex
915 2247 1143 2295 Theodoro
1167 2247 1332 2294 studita
1354 2246 1616 2294 contrarium
1640 2245 1787 2308 potius

326 2319 535 2370 evincunt⁴
563 2323 620 2369 ab
652 2339 703 2369 eo
736 2324 853 2387 quod
888 2323 1022 2371 huius
1057 2324 1297 2371 sententiae
1319 2323 1490 2387 patroni
1516 2320 1601 2368 sihi
1626 2322 1786 2384 propo-

421 2487 486 2527 (21)
510 2487 645 2520 Disserit
659 2495 684 2519 s.
697 2487 816 2519 Doctor
831 2486 864 2518 in
879 2487 938 2518 hac
953 2487 1086 2518 homilia
1103 2486 1143 2518 de
1158 2487 1324 2527 reptilibus
1336 2509 1345 2525 ,
1360 2494 1497 2526 quorum
1521 2483 1679 2516 diversam
1696 2483 1784 2515 indo·

313 2539 388 2571 iem
401 2564 409 2579 ,
422 2540 611 2581 instinctus,
622 2547 727 2572 mores
740 2539 882 2579 enarrat,
897 2547 935 2570 ac
945 2538 1061 2570 deinde
1073 2539 1106 2569 in
1121 2546 1214 2570 sensu
1228 2538 1386 2570 moraiiea
1398 2537 1467 2578 ipsa
1476 2536 1517 2568 ad
1528 2537 1673 2568 homines
1684 2537 1786 2567 trans-

325 2591 401 2630 fert,
419 2591 515 2631 atque
527 2591 670 2624 indidem
685 2593 780 2623 nacta
792 2590 975 2630 occasione,
991 2598 1046 2622 eos
1062 2590 1208 2621 hortatur
1221 2589 1261 2621 ad
1275 2588 1456 2620 animorum
1467 2588 1618 2620 unionem
1628 2588 1663 2619 in
1675 2587 1785 2619 coniu-

325 2643 377 2684 gio
401 2644 589 2676 servandam
599 2668 608 2684 ‚
629 2652 668 2676 eo
685 2643 774 2685 quod
788 2643 973 2684 coniugium
991 2643 1035 2674 sit
1051 2643 1186 2674 naturae
1202 2641 1388 2682 vinculum,
1402 2642 1435 2673 et
1442 2649 1509 2682 per
1522 2639 1786 2673 benedictionem

326 2697 387 2727 Dei
403 2695 510 2735 iugum
525 2696 602 2737 ipsis
615 2697 812 2738 impositum.
821 2698 867 2728 En
880 2695 950 2727 eius
958 2695 1055 2727 verba
1066 2708 1074 2726 ε
1087 2695 1264 2731 «Quamvis
1277 2693 1398 2726 externi
1411 2693 1494 2726 inter
1503 2702 1561 2725 vos
1575 2692 1663 2732 sitis,
1678 2694 1786 2724 tamon

326 2747 359 2779 in
379 2748 520 2788 coniugii
543 2750 727 2782 societatem
749 2749 960 2781 convenistis:
988 2748 1050 2780 hoc
1071 2749 1204 2779 naturae
1226 2746 1408 2786 vinculum,
1424 2746 1484 2779 hoc
1498 2747 1607 2787 iugum
1622 2754 1678 2785 per
1691 2745 1784 2777 bene·

326 2800 498 2833 dictionem
524 2801 724 2841 impositum,
743 2802 932 2834 distantium
946 2801 987 2833 sit
1003 2800 1218 2833 coniunctim»
1622 2815 1623 2818 ¹
