1912 3180
315 184 403 228 276
585 194 663 226 mn.
692 192 723 223 1.
752 190 863 223 sacr.
893 190 1062 222 ALTERA.
1084 191 1135 222 nn
1158 189 1331 223 mrum.
1355 190 1493 223 civim.

312 275 367 320 de
400 270 639 318 individuis
675 268 931 332 singillatim
963 267 1149 333 sumptis
1183 267 1365 314 minime
1398 267 1638 325 disserere,
1665 287 1763 318 cum

313 348 530 394 neminem
565 344 739 391 laedere
767 343 978 399 velimus;
1018 342 1237 408 siquidem
1278 342 1334 388 de
1375 360 1421 390 re
1459 343 1588 390 nobis
1623 361 1765 392 sermo

310 432 396 478 est,
426 437 511 467 non
535 420 590 467 de
613 421 831 484 personis.
866 420 958 466 Imo
987 419 1118 466 etiam
1150 418 1264 465 ultro
1294 418 1480 465 fatemur
1503 436 1588 466 non
1613 436 1766 466 omnes

309 497 498 543 fautores
531 495 747 543 eiusmodi
773 496 1022 560 nuptiarum
1048 512 1185 558 pravo
1209 494 1414 551 consilio,
1443 505 1518 541 aut
1540 495 1766 559 proposita

309 571 476 618 malitia
502 570 783 635 conspirasse
805 571 861 618 ad
897 589 972 618 eas
1006 570 1341 635 promovendas.
1375 571 1483 617 Nam
1513 589 1599 618 non
1630 571 1765 619 semel

309 645 542 708 contingit,
564 656 613 692 ut
628 663 743 692 unus
763 655 837 692 aut
854 646 981 700 alter,
1007 661 1058 691 ac
1079 645 1118 692 si
1138 644 1278 701 lubet,
1301 662 1388 692 non
1407 646 1534 710 pauci
1555 647 1687 693 etiam
1704 647 1766 694 ita

311 740 359 770 se
376 732 529 785 gerant
544 739 597 769 ex
612 722 747 769 animi
767 721 960 776 levitate,
983 730 1115 784 atque
1132 737 1185 766 ex
1203 721 1514 784 apparentibus
1534 722 1768 785 praetexti-

309 798 413 854 bus,
436 797 513 862 qui
530 798 678 845 favere
693 797 898 844 videntur
915 812 1098 851 causae,
1120 812 1209 859 qua
1231 795 1286 842 de
1308 796 1467 858 agitur,
1484 796 1592 861 quin
1615 796 1768 844 intime

310 873 587 938 perpendant
615 889 705 919 rem
743 872 790 917 in
826 870 975 934 seipsa
1009 870 1092 917 sub
1127 870 1246 917 omni
1274 881 1499 935 respectu,
1534 871 1770 936 praecipue

308 966 411 996 vero
443 949 578 996 relate
606 949 663 995 ad
693 947 947 1009 religionem
981 946 1243 994 catholicam
1259 985 1269 1003 ,
1299 958 1374 994 aut
1396 947 1552 995 saltem
1577 948 1633 995 ad
1657 948 1767 995 haec

308 1043 394 1073 non
433 1025 674 1072 advertant.
720 1023 871 1070 Plures
906 1023 1071 1087 pariter
1104 1040 1130 1070 a
1165 1023 1444 1071 multitudine
1484 1041 1532 1071 se
1566 1025 1681 1072 trahi
1715 1042 1766 1072 ac

307 1100 450 1164 abripi
483 1100 706 1164 patiuntur
726 1136 736 1154 ‚
776 1115 855 1145 nec
889 1098 1075 1162 proinde
1099 1097 1155 1145 de
1178 1098 1249 1146 his
1274 1116 1520 1146 sermonem
1544 1099 1617 1147 hic
1640 1100 1767 1147 insti-

306 1176 488 1223 tuimus.
1588 1219 1590 1222 ,

402 1252 602 1299 Ceterum
626 1252 709 1299 hac
733 1252 1115 1299 animadversione
1133 1253 1401 1316 praemissa,
1422 1251 1648 1298 fatendum
1671 1263 1762 1307 est,

308 1328 463 1374 harum
496 1328 748 1393 nuptiarum
783 1327 973 1375 fautores
998 1346 1049 1375 ac
1072 1339 1342 1393 promotores
1367 1328 1422 1374 ad
1445 1328 1638 1375 virorum
1671 1328 1765 1375 illo-

308 1419 404 1449 rum
437 1403 626 1450 classem
661 1413 880 1468 spectare,
921 1403 998 1467 qui
1034 1404 1078 1449 in
1112 1404 1288 1466 negotio
1322 1403 1549 1466 religionis
1583 1402 1765 1468 indiffe-

307 1478 556 1524 rentismum
595 1478 888 1543 profitentur,
938 1479 1103 1543 quique
1137 1478 1266 1526 unice
1299 1479 1568 1526 mundanam
1611 1496 1763 1543 prose-

307 1562 501 1616 quuntur
547 1553 769 1618 politicam
799 1591 808 1609 ,
857 1554 934 1618 qui
980 1553 1171 1618 denique
1217 1553 1480 1601 atheismum
1524 1555 1764 1618 practicum

307 1638 541 1675 sectantur.
571 1629 626 1675 Hi
656 1639 759 1676 sunt
789 1629 864 1693 qui
895 1629 1043 1676 animo
1077 1646 1241 1693 pronos
1275 1646 1323 1676 se
1356 1629 1565 1676 exhibent
1591 1630 1637 1675 in
1663 1647 1764 1694 pro-

306 1703 650 1761 testantismum,
681 1721 813 1769 quem
837 1704 893 1752 ob
917 1705 1180 1769 sapientiam
1214 1705 1582 1770 prudentiamque
1615 1723 1764 1753 carna-

306 1777 389 1824 lem
416 1779 594 1826 maximi
629 1780 819 1837 faciunt,
858 1781 947 1828 imo
981 1791 1023 1827 et
1057 1781 1305 1845 suspiciunt
1337 1781 1555 1845 quidquid
1586 1781 1763 1845 abipso

306 1854 464 1918 prodit.
499 1854 608 1901 Cum
637 1872 740 1903 vero
774 1857 895 1903 iuxta
921 1856 1044 1920 ipsos
1069 1856 1182 1904 inter
1208 1856 1559 1904 catholicismum
1587 1874 1638 1904 ac
1665 1875 1765 1922 pro-

304 1930 627 1977 testantismum
661 1949 749 1980 non
783 1932 1025 1980 intercedat
1051 1932 1137 1980 nisi
1166 1935 1411 1997 opinionum
1439 1933 1758 1998 discrepantia,

305 2016 347 2052 et
378 2006 688 2071 unusquisque
722 2018 813 2056 tuto
847 2009 990 2073 possit
1023 2026 1151 2055 suam
1185 2011 1488 2056 convictionem
1515 2009 1601 2056 sibi
1635 2009 1764 2056 effor—

304 2099 446 2138 mare,
474 2082 582 2146 quid
607 2084 792 2140 mirum,
818 2084 857 2131 si
876 2084 937 2132 ita
959 2084 1015 2132 de
1037 2085 1307 2147 negotiorum
1332 2085 1527 2132 omnium
1551 2085 1758 2141 maximo,

301 2157 549 2205 cuiusmodi
583 2169 650 2206 est
681 2176 785 2206 vera
819 2159 973 2224 religio
996 2198 1006 2216 ,
1046 2160 1285 2207 sentientes
1309 2197 1318 2215 ,
1357 2161 1763 2224 protestantismum

302 2232 610 2298 aequiparent,
649 2245 724 2280 aut
757 2235 888 2282 etiam
924 2235 1173 2299 praeferant
1205 2234 1448 2282 catholicae
1481 2235 1731 2283 ecclesiae?

399 2308 464 2354 Ad
500 2308 609 2355 haec
643 2309 840 2366 accedit,
870 2310 987 2374 quod
1012 2310 1102 2367 isti,
1131 2327 1242 2375 quos
1275 2327 1377 2358 vere
1408 2310 1659 2356 statolatras
1686 2328 1763 2358 vo—

301 2383 496 2439 caveris,
528 2384 605 2448 qui
635 2401 780 2431 coram
815 2385 899 2432 hoc
933 2396 1073 2433 status
1107 2385 1226 2433 idolo
1250 2404 1298 2433 se
1321 2385 1450 2432 unice
1482 2395 1761 2449 prosternunt

302 2469 433 2523 atque
474 2459 795 2526 procumbunt,
835 2461 1013 2508 hostilia
1051 2472 1201 2509 contra
1235 2461 1465 2509 ecclesiam
1499 2460 1760 2508 catholicam

302 2552 433 2581 sensa
451 2535 659 2582 nutriant.
674 2536 904 2584 Eiusmodi
922 2536 1142 2594 homines,
1157 2554 1270 2602 quos
1290 2535 1759 2602 pseudo-politicorum

304 2609 478 2656 nomine
516 2620 767 2658 constanter
798 2612 844 2657 in
879 2612 1013 2659 huius
1059 2611 1379 2659 lucubrationis
1412 2611 1602 2658 decursu
1641 2611 1759 2660 desi-

301 2684 430 2745 gnavi
453 2722 462 2739 ,
502 2686 925 2751 emancipationem,
953 2697 1002 2734 ut
1022 2697 1202 2744 vocant,
1231 2698 1370 2735 status
1395 2686 1450 2734 ab
1471 2687 1661 2735 ecclesia
1682 2689 1760 2735 de-

302 2757 537 2815 mirantur,
576 2778 627 2808 ac
661 2762 773 2809 nihil
809 2763 1067 2811 intentatum
1099 2763 1377 2827 relinquunt,
1407 2773 1455 2810 ut
1478 2780 1575 2810 eam
1599 2775 1642 2811 et
1663 2764 1758 2828 qui-
