1918 3186
342 206 432 238 cAr.
456 206 498 237 v.
521 206 614 238 Aur.
638 206 696 238 iv.
719 206 874 239 Ancum.
900 207 1129 246 urmusous
1154 207 1272 240 anr.
1298 207 1430 240 nmen.
1537 195 1623 244 171

153 284 261 331 dum
279 283 617 332 dissolutionem
644 283 801 330 horum
827 285 1134 348 coniugiorum
1158 286 1491 349 permisissent,
1513 286 1632 351 quod

156 371 303 408 tamen
337 378 579 425 numquam
619 360 778 408 factum
812 371 903 416 est,
944 371 992 408 ut
1026 362 1071 407 in
1107 362 1328 425 coniugiis
1363 361 1627 410 infidelium.

157 438 201 483 2.
231 437 622 485 Patefecerunt-ex
655 436 947 500 denegatione
980 437 1306 487 benedictionis
1339 438 1553 504 nuptialis
1588 439 1633 486 in

153 523 343 577 utraque
374 512 565 560 ecclesia
598 513 809 561 secundis
825 551 835 570 ,
873 513 1102 578 multoque
1125 533 1228 563 vero
1252 515 1396 579 magis
1418 515 1559 563 tertiis
1583 533 1634 564 ac

154 587 440 636 ulterioribus
475 588 666 653 nuptiis,
692 599 741 636 ut
765 606 819 636 ex
840 588 988 636 allatis
1007 589 1285 638 documentis
1309 591 1476 655 pariter
1491 602 1636 639 osten·—

153 664 302 711 dimus
333 667 451 727 (56).
481 664 580 721 Quo
601 665 722 712 enim
750 665 894 729 magis
924 676 1073 731 patres
1106 666 1273 730 primas
1305 668 1485 732 nuptias
1513 684 1633 715 com-

153 740 454 797 mendabant,
500 758 552 789 eo
591 740 799 789 deteriori
840 741 886 787 in
926 758 1063 789 censu
1103 741 1325 789 secundas
1358 742 1538 807 nuptias
1582 760 1635 791 ac

152 816 303 864 tertias
338 815 577 864 habebant.
618 816 839 864 Carebant
872 816 1096 881 siquidem
1137 817 1359 866 secundae
1392 836 1445 866 ac
1478 819 1633 867 tertiae

153 892 336 957 nuptiae
352 893 561 941 omnibus
577 931 587 950 ,
612 893 776 958 quibus
802 893 972 958 primae
989 893 1273 941 condecorari
1289 906 1630 952 consueverunt,

151 968 446 1024 ornamentis,
473 969 693 1016 velamine
718 986 940 1034 purpureo
964 970 1149 1034 pudoris
1174 969 1378 1035 symbolo
1402 987 1539 1036 supra
1560 988 1636 1019 ca-

153 1055 233 1109 put
271 1062 468 1109 expanso
491 1083 501 1101 ,
550 1045 887 1109 porrigebantur
922 1055 1070 1093 autem
1103 1062 1264 1093 manus
1297 1045 1515 1094 velamine
1555 1046 1634 1094 ob—

151 1120 330 1177 ductae,
371 1139 424 1169 ac
456 1121 810 1169 destituebantur
846 1122 1024 1170 coronis
1063 1124 1186 1184 (57),
1224 1141 1338 1187 quas
1371 1140 1531 1171 aureas
1564 1123 1633 1172 vel

151 1197 335 1261 myrtis,
388 1197 548 1262 appio,
586 1198 810 1261 granatis,
850 1198 1004 1254 olivis,
1042 1198 1200 1246 aliisve
1242 1216 1376 1247 suave
1409 1198 1632 1247 olentibus

151 1272 306 1321 herbis
350 1272 628 1338 floribusque
662 1274 815 1338 plexas
850 1274 996 1322 fausta
1028 1291 1233 1340 quaeque
1274 1292 1462 1340 precans
1505 1274 1633 1323 novis

149 1349 330 1414 sponsis
354 1349 610 1414 imponebat
634 1350 843 1397 sacerdos
861 1351 978 1412 (58).
1003 1350 1223 1399 Carebant
1241 1368 1420 1416 quoque
1442 1351 1632 1399 solemni

150 1426 459 1473 benedictione
492 1426 709 1474 ecclesiae
741 1428 858 1488 (59),
882 1444 963 1474 nec
991 1444 1093 1474 cum
1128 1428 1241 1493 ipsis
1275 1428 1499 1476 convivari
1533 1427 1633 1475 lice-

148 1503 226 1551 bat
247 1503 465 1551 sacerdoti
489 1506 608 1566 (60);
640 1504 729 1550 imo
754 1513 798 1550 et
821 1503 960 1552 variis
996 1505 1154 1568 poenis
1189 1505 1489 1552 multabantur
1509 1507 1626 1568 (61).

149 1581 286 1627 Nemo
320 1590 468 1627 tamen
502 1579 730 1643 negaverit
764 1580 986 1627 secundas
1011 1581 1093 1629 has
1119 1582 1300 1646 nuptias
1324 1582 1388 1629 uti
1412 1582 1560 1630 licitas
1583 1599 1635 1631 ac

152 1655 325 1704 validas
342 1694 353 1712 ‚
381 1666 424 1703 et
445 1673 551 1704 vera
575 1667 758 1721 rataque
792 1658 1076 1705 matrimonia
1100 1659 1145 1705 in
1177 1659 1290 1706 facie
1323 1658 1538 1708 ecclesiae
1560 1676 1634 1708 ce-

245 1826 311 1866 (56)
332 1827 384 1860 Cf.
391 1827 491 1860 etiam
501 1827 659 1868 Bingbam
671 1828 827 1868 oriqines
837 1836 898 1861 seu
908 1830 1139 1870 antiquitates
1154 1828 1417 1862 ecclesiastieae.
1432 1829 1531 1862 Halae
1540 1832 1628 1863 1729.

151 1880 215 1911 vol.
234 1880 287 1911 lx.
305 1879 362 1912 lib.
378 1882 479 1912 xxli.
495 1880 524 1921 §.
538 1881 580 1911 Il.
596 1879 727 1917 Quibus
744 1882 779 1912 in
792 1881 930 1914 casibus
941 1882 1047 1914 aliter
1061 1882 1179 1922 (quam
1190 1890 1247 1923 per
1259 1881 1514 1914 benedictionem
1527 1882 1539 1923 )
1547 1881 1633 1923 fieri

145 1932 300 1973 potuerit
326 1932 532 1973 coniugium,
555 1933 653 1973 atque
675 1933 758 1964 inter
777 1934 900 1967 ceteros
919 1943 1012 1967 casus
1029 1935 1171 1966 recenset
1186 1934 1377 1975 bigamiam,
1394 1943 1432 1966 ac
1445 1934 1629 1976 trigamiam

148 1984 384 2024 successivam,
399 1993 484 2026 quae
498 1985 559 2018 etsi
571 1993 647 2017 vera
663 1993 701 2017 ac
716 1986 786 2017 rata
799 1987 1007 2020 matrimonia
1026 1987 1237 2027 haberentur,
1259 1987 1366 2020 minus
1383 1988 1492 2019 tamen
1512 1987 1628 2028 proba·

149 2038 285 2078 bantur;
301 2037 500 2078 adducitque
514 2046 586 2070 can.
603 2039 675 2070 Vll.
692 2047 784 2072 conc.
801 2040 1082 2073 neocaesariensis.
1609 2075 1611 2078 ,

246 2090 311 2131 (57)
330 2089 381 2122 cf.
394 2090 495 2121 conc.
511 2090 637 2122 nicaen.
649 2091 897 2133 Actionevlll„
909 2094 1066 2134 Ephraem
1082 2102 1174 2134 syrus
1189 2093 1222 2124 in
1236 2092 1364 2125 Abrah.
1379 2094 1413 2126 ec
1424 2095 1555 2133 Isaac.,·
1564 2093 1632 2126 Pal-

150 2143 256 2175 ladius
281 2144 369 2175 Hist.
392 2143 564 2175 Lausiaca
574 2153 588 2182 ,·
610 2144 766 2184 Evagrius
779 2147 871 2177 Hisc.
888 2145 946 2178 lib.
959 2148 1016 2178 Vl.
1034 2146 1209 2186 Gregorius
1223 2145 1347 2178 Turon‘.
1362 2146 1421 2178 lib.
1437 2148 1464 2178 1.
1477 2154 1548 2188 cap.
1564 2148 1631 2188 ⁴2,

147 2196 338 2229 Theodorus
354 2195 447 2228 stud.
468 2195 523 2227 lib.
540 2197 566 2227 1.
580 2196 675 2237 epist.
689 2199 791 2230 XXII.
803 2199 842 2230 In
858 2198 936 2230 vitis
948 2201 1112 2240 praeterea
1125 2201 1313 2232 sanctorum
1328 2200 1469 2241 plurima
1485 2200 1551 2233 buc
1564 2209 1633 2242 per·

149 2250 284 2282 tinentia
302 2250 531 2281 coronatorum
546 2249 695 2290 exempla
710 2250 880 2283 habentur.
898 2252 1072 2292 Gregorius
1086 2254 1245 2293 Nyssenus
1255 2252 1499 2286 Eoehorcamd
1508 2254 1630 2291 matr„

153 2303 186 2335 et
208 2303 369 2344 Ephraem
396 2305 445 2335 De
475 2303 566 2334 orat.
595 2304 773 2335 orationem
803 2303 994 2335 nubentium
1021 2313 1185 2337 coronam
1211 2307 1328 2338 vocant
1343 2317 1353 2346 ;
1385 2306 1474 2347 ipsae
1501 2306 1631 2347 nuptiae

149 2355 341 2388 dicebantur
354 2360 533 2391 coronatio
559 2351 790 2399 στεφάνωσις,
813 2358 871 2389 aut
896 2352 1121 2399 στεφάνωμα,
1145 2358 1304 2398 nuptique
1327 2359 1485 2390 coronati
1503 2363 1631 2400 στεφα-

148 2403 250 2439 vivan.
273 2409 351 2441 Vid.
377 2411 536 2444 Coustant
560 2412 758 2453 Porphyrog.
780 2413 830 2443 De
850 2418 1042 2443 caeremon.
1058 2412 1132 2443 ant.
1150 2411 1285 2452 byzant.
1301 2410 1358 2443 lib.
1375 2412 1400 2443 1.
1420 2415 1513 2444 c.39.
1530 2411 1629 2445 Goar.

150 2461 297 2494 Euchol.
312 2471 344 2504 p.
361 2467 431 2496 385.
448 2465 499 2495 Du
514 2465 621 2505 cange
636 2473 707 2496 voc.
724 2466 861 2496 Corona
876 2465 910 2496 et
925 2458 1149 2505 στεφάνωσις-

246 2514 314 2555 (58)
335 2515 386 2547 Cf.
401 2516 566 2549 Theodor.
580 2516 699 2548 studit.
716 2516 773 2548 lib.
789 2517 816 2548 1.
827 2525 879 2557 ep.
892 2519 924 2548 4.

244 2567 311 2607 (59)
332 2569 433 2601 conc.
449 2578 631 2602 neocaesar.
644 2578 717 2602 ean.
728 2571 890 2601 v11.cum
903 2569 1006 2601 schol.
1020 2569 1224 2601 Balzamonis
1239 2569 1271 2601 et
1286 2570 1444 2601 zonarae.

244 2619 310 2660 (60)
331 2622 433 2654 conc.
445 2622 563 2654 laodic.
576 2631 648 2655 can.
658 2624 684 2655 1.
695 2622 806 2655 Basilii
818 2630 889 2654 can.
900 2623 986 2654 XIV.
996 2631 1072 2654 cum
1081 2621 1183 2654 schol.
1192 2620 1475 2661 Balsam.,Tbe0d.
1484 2623 1628 2655 cantuar.

147 2679 178 2701 c.
193 2672 307 2704 XXVI.
322 2674 386 2705 etc.
400 2674 451 2706 Gt'.
463 2675 543 2707 Klee
556 2677 607 2707 De
621 2674 783 2707 secundis
802 2675 949 2715 nuptiis.
960 2675 1093 2706 Bonnae
1107 2678 1196 2707 1830.
1209 2682 1282 2715 pag.
1301 2678 1348 2707 19.
1365 2678 1416 2707 20.

246 2724 312 2764 (61)
334 2725 385 2757 Ct'.
403 2727 481 2760 Klee
498 2736 552 2768 op.
568 2728 623 2759 cit.
639 2729 705 2760 Nec
720 2735 784 2759 non
797 2728 953 2759 Martene.
971 2728 1020 2759 De
1035 2728 1147 2768 antiq.
1163 2726 1280 2759 eccles.
1298 2726 1395 2759 ritib.

245 2777 430 2810 Notandum
445 2788 541 2820 porro
557 2781 606 2812 est
619 2780 790 2820 plerosque
800 2779 882 2811 ritus
894 2779 928 2810 in
939 2780 1077 2820 utraque
1086 2779 1222 2812 ecclesia
1234 2779 1382 2812 orientali
1395 2780 1428 2814 et
1439 2780 1633 2814 occidentali

150 2828 292 2862 adscitos
301 2829 335 2862 in
349 2831 536 2871 nuptiarum
545 2832 759 2865 celebratione
771 2832 804 2864 iu
819 2841 878 2865 usu
894 2832 959 2865 iam
972 2832 1071 2865 fuisse
1083 2832 1169 2874 apud
1180 2833 1348 2875 hebraeos,
1361 2834 1459 2876 atque
1470 2843 1629 2877 paganos;
