1918 3186
222 221 312 252 cu.
341 221 384 250 v.
414 220 466 251 nn
490 218 645 252 mmsr.
669 217 876 250 commu.
902 220 995 251 Aur.
1019 220 1066 251 ιι.
1090 217 1184 251 Anu.
1204 216 1440 250 mmmm.
1516 202 1604 248 145

124 310 278 364 aperte
304 299 562 364 profitetur,
602 295 885 344 matrimonia
920 298 1201 345 clandestina
1236 296 1406 345 tamdiu
1428 313 1532 344 vera
1557 313 1608 343 ac

125 387 220 423 rata
253 374 460 422 habenda
493 391 595 421 esse
628 373 910 419 matrimonia
942 411 950 428 ,
1000 373 1216 438 quamdiu
1255 373 1380 420 irrita
1419 371 1608 419 eeclesia

125 468 178 498 ea
212 468 302 498 non
337 450 511 506 fecerit,
543 459 674 513 prout
702 447 844 512 primo
878 447 1040 494 factum
1075 449 1224 513 reipsa
1252 458 1323 495 est
1347 465 1427 513 per
1459 447 1608 512 ipsum

123 526 389 582 concilium,
423 525 550 573 cuius
587 524 698 571 haec
725 534 828 571 sunt
851 523 1011 571 verba:
1046 525 1278 571 «Tametsi
1312 523 1607 571 dubitandum

128 620 219 650 non
257 614 353 659 est,
398 601 675 649 clandestina
715 600 998 647 matrimonia
1020 638 1030 656 ,
1076 599 1217 647 libero
1255 600 1610 648 contrahentium

128 695 354 726 consensu
388 678 528 733 facta,
567 687 667 723 rata
702 686 742 722 et
775 694 877 723 vera
916 693 1017 723 esse
1050 676 1357 733 matrimonia,
1397 677 1614 741 quamdiu

128 754 320 803 ecclesia
357 772 410 801 ea
439 754 565 800 irrita
598 771 685 800 non
715 753 840 809 secit;
865 763 907 799 et
925 752 1111 816 proinde
1135 751 1231 798 iure
1254 752 1499 799 damnandi
1524 753 1615 801 sint

131 830 218 888 illi,
252 841 301 878 ut
334 848 410 878 eos
447 848 486 877 s.
519 829 720 894 synodus
754 828 1037 875 anathemate
1072 827 1276 884 damnat,
1311 829 1389 892 qui
1425 846 1477 875 ea
1510 846 1614 877 vera

131 924 184 957 ac
217 917 314 954 rata
346 923 447 954 esse
482 916 661 968 negant.
690 943 698 950 .
728 943 736 950 .
765 942 774 950 .
802 903 1102 951 Nihilominus
1130 913 1283 950 sancta
1314 904 1395 950 Dei
1425 904 1614 952 ecclesia

130 1002 183 1030 ex
210 982 472 1031 iustissimis
502 982 652 1029 causis
680 981 758 1028 illa
785 998 960 1045 semper
986 980 1202 1028 detestata
1230 990 1320 1036 est,
1349 991 1484 1045 atque
1513 998 1615 1045 pro-

132 1059 294 1107 hibuit.
320 1079 343 1104 »

225 1135 291 1181 Ex
314 1134 479 1199 quibus
505 1134 708 1182 novimus
735 1143 826 1180 tum
851 1133 1130 1181 clandestina
1153 1133 1361 1197 coniugia
1384 1144 1614 1199 tamquam

130 1229 235 1259 vera
256 1228 312 1260 ac
339 1222 435 1258 rata
458 1211 743 1258 matrimonia
767 1210 1003 1258 ecclesiam
1028 1221 1278 1275 spectasse;
1307 1221 1400 1257 tum
1424 1210 1489 1257 uti
1515 1227 1617 1274 gra-

129 1288 417 1350 vissimorum
451 1287 666 1335 malorum
698 1287 914 1351 originem
950 1305 1125 1351 semper
1157 1304 1210 1334 ea
1245 1286 1532 1351 prohibuisse
1562 1303 1615 1334 ae

131 1364 288 1412 illicita
310 1364 587 1421 declarasse,
618 1365 707 1411 imo
731 1374 774 1411 et
797 1364 1060 1411 detestatam
1084 1381 1200 1411 esse.
1232 1363 1465 1429 Adeoque,
1495 1364 1616 1428 quod

129 1441 326 1504 legitime
360 1441 583 1506 sequitur,
619 1457 764 1505 usque
793 1440 850 1487 ad
875 1440 920 1486 id
945 1441 1180 1505 temporis,
1221 1458 1311 1505 quo
1344 1441 1477 1487 irrita
1502 1440 1618 1488 facta

133 1534 222 1564 non
240 1527 361 1572 sunt,
377 1516 529 1564 valida
546 1516 726 1563 omnino
744 1515 901 1572 fuisse,
925 1533 1012 1563 non
1032 1516 1163 1563 modo
1179 1516 1350 1563 ratione
1365 1525 1617 1563 contractus

131 1592 226 1640 sive
262 1592 408 1640 civilis
449 1593 544 1640 sive
582 1592 824 1649 naturalis,
858 1592 937 1639 sed
967 1593 1098 1639 etiam
1127 1593 1297 1640 ratione
1331 1593 1613 1640 sacramenti.

134 1668 184 1717 ld
208 1668 328 1716 enim
358 1669 606 1717 luculenter
639 1679 813 1716 constat
833 1671 929 1717 'non
960 1670 1102 1717 solum
1131 1688 1183 1717 ex
1214 1670 1368 1734 phrasi
1387 1688 1413 1717 a
1432 1669 1621 1718 concilio

134 1744 376 1793 tridentino
415 1756 658 1810 usurpata,
695 1746 801 1793 dum
841 1746 1062 1795 eiusmodi
1095 1747 1303 1810 coniugia
1326 1764 1428 1794 vera
1452 1756 1491 1793 et
1519 1756 1618 1794 rata

137 1822 417 1870 matrimonia
453 1840 554 1870 esse
594 1823 817 1880 decrevit,
855 1824 919 1871 uti
957 1842 1057 1871 mox
1097 1823 1426 1888 expendemus3
1464 1841 1618 1869 verum

133 1897 267 1946 etiam
298 1914 353 1945 ex
387 1899 684 1963 apertissimis
720 1900 921 1963 Hugonis
956 1900 1188 1955 victorini,
1233 1918 1271 1947 s.
1306 1899 1524 1955 Thomae,
1565 1917 1618 1946 ac

134 1973 330 2021 Thomae
357 1974 600 2022 waldensis
628 1975 916 2034 testimoniis,
945 1977 991 2023 in
1020 1976 1184 2041 quibus
1215 1976 1496 2023 clandestina
1530 1993 1619 2022 ma—

137 2050 344 2099 trimonia
381 2052 610 2115 conceptis
650 2051 797 2100 verbis
838 2065 1051 2101 vocantur
1090 2063 1405 2100 sacramentum
1438 2052 1509 2099 vel
1547 2069 1619 2099 sa-

135 2135 368 2174 eramenta.

233 2202 372 2266 Igitur
404 2221 458 2250 ex
492 2204 637 2268 primo
670 2222 841 2253 canone
877 2223 903 2252 a
937 2206 1065 2254 nobis
1099 2207 1337 2253 constituto
1372 2205 1460 2253 iam
1498 2214 1619 2270 patet

138 2290 288 2344 patres
311 2290 356 2326 et
378 2280 587 2337 concilia,
616 2299 696 2328 nec
723 2299 811 2329 non
839 2282 1053 2330 ecclesiae
1078 2282 1281 2331 doctores
1306 2300 1358 2330 ac
1387 2281 1618 2344 theologos

137 2356 491 2404 benedictionem
522 2358 840 2406 sacerdotalem
869 2364 1106 2424 spectasse
1124 2359 1428 2408 tantummodo
1458 2359 1523 2405 uti
1549 2375 1622 2405 ce-

140 2432 424 2480 remonialem
450 2434 732 2482 accedentem
751 2436 808 2482 ad
827 2436 1105 2500 coniugium,
1140 2455 1219 2484 seu
1244 2436 1300 2483 ad
1320 2435 1516 2501 coniugii
1549 2452 1621 2482 sa-

139 2519 412 2557 cramentum
446 2510 533 2557 iam
570 2512 813 2575 perfectum
848 2513 942 2560 solo
978 2513 1333 2561 contrahentium
1370 2528 1616 2566 consensu,

141 2586 402 2650 requisitam
437 2587 640 2652 quidem,
672 2599 721 2635 ut
753 2588 902 2636 debita
932 2606 1031 2636 cum
1063 2589 1341 2636 solemnitate
1375 2605 1426 2636 ac
1456 2587 1622 2636 sancti—

142 2672 228 2708 tate
261 2662 578 2721 celebraretur,
615 2683 702 2712 non
742 2677 887 2713 autem
921 2666 1056 2713 veluti
1090 2665 1374 2713 essentialem
1409 2667 1527 2727 (12).

235 2785 300 2826 (12)
321 2787 475 2828 Apposite
489 2788 701 2820 Bened.XIV.
716 2791 765 2821 De
782 2789 911 2831 synodo
927 2789 1080 2821 imvm.
1096 2798 1168 2831 cap.
1182 2791 1302 2822 x11.n.
1314 2794 1344 2823 3.
1360 2803 1375 2818 n
1386 2789 1618 2828 Quamobrem,

140 2838 264 2879 inquit,
276 2847 342 2879 quo
357 2839 537 2881 religiosius
547 2839 659 2873 fideles
671 2842 914 2875 matrimonium
930 2841 1147 2883 celebrarent,
1160 2843 1248 2884 quod
1262 2851 1430 2885 moqmaem-
1441 2844 1493 2876 εει
1506 2851 1621 2874 sacra-

1475 2902 1513 2933 10
