1918 3186
276 186 363 216 CAP.
384 186 412 216 1.
431 186 522 216 Aur.
541 185 602 216 111.
621 184 672 215 ΒΕ
692 184 827 215 VERIT.
848 185 960 215 SACR.
984 186 1106 216 MATR.
1127 185 1179 216 Ex
1198 185 1370 216 'mxv-s.
1390 185 1523 215 PAULI.
1604 170 1659 215 37

192 263 302 308 Nam
320 258 524 327 quamvis
544 261 653 308 haec
669 260 802 308 verba
826 279 904 325 per
928 279 976 307 se
1001 264 1110 309 satis
1134 280 1221 310 non
1240 262 1447 310 evincant
1460 263 1666 309 christia-

195 355 348 386 norum
371 331 627 400 ceniugium
650 354 752 384 vere
774 347 817 383 et
841 330 1017 401 proprie
1041 356 1141 385 esse
1165 349 1504 394 sacramentum,
1527 356 1663 403 quum

193 414 248 460 ad
272 414 546 478 primitivum
570 423 929 477 protoparentum
954 415 1304 469 matrimonium,
1333 426 1464 479 atque
1488 415 1544 462 ad
1570 433 1667 461 suc—

190 490 362 537 cessiva
394 489 528 536 etiam
552 489 834 536 matrimonia
856 500 957 536 ante
981 489 1206 537 Christum
1231 491 1488 547 referantur,
1520 502 1664 537 tamen

192 567 231 613 si
252 565 579 613 ecclesiasticae
613 566 987 630 intrepretationis
1014 566 1124 613 ratio
1148 567 1388 622 habeatur,
1419 567 1522 613 inde
1550 567 1663 613 effici

191 650 336 705 potest
368 640 625 688 huiusmodi
667 641 801 688 verba
835 641 1015 705 proprio
1044 641 1237 705 quodam
1268 659 1403 688 sensu
1432 642 1488 689 ad
1517 659 1666 689 sacra-

197 728 389 765 mentum
410 718 689 772 ,matrimonii
715 718 947 765 christiani
971 718 1159 764 maxime
1193 718 1433 782 pertinere3
1466 718 1667 783 adeoque

193 793 311 857 quod
334 811 414 858 per
437 810 486 840 se
510 794 619 840 satis
655 793 845 840 innuunt
878 811 929 840 ac
963 793 1218 848 insinuant,
1248 793 1481 839 accedente
1515 794 1666 840 catho-

192 869 278 917 lica
301 869 660 934 interpretatione
683 871 815 917 etiam
842 880 959 917 certo
984 870 1300 917 demonstrant.
1324 869 1523 916 Vidimus
1549 870 1665 916 enim

194 956 284 992 tum
321 942 366 992 in
401 946 635 994 ritualibus
671 958 762 993 tum
796 947 841 992 in
877 946 1181 1010 euchologiis,
1209 956 1301 992 tum
1335 945 1467 992 etiam
1492 964 1518 992 a
1552 963 1659 993 rom.

201 1022 508 1087 pontificibus,
537 1033 669 1087 atque
703 1040 729 1069 a
763 1022 965 1086 patribus
1001 1039 1053 1069 ea
1085 1021 1218 1069 verba
1250 1022 1462 1085 proferri,
1501 1033 1576 1068 aut
1609 1023 1662 1068 ad

193 1116 246 1145 ea
279 1092 446 1155 alludi,
487 1092 551 1146 ita¹
579 1109 627 1145 ut
660 1116 712 1145 ex
747 1117 883 1146 sensu
927 1099 1059 1146 totius
1102 1098 1377 1162 antiquitatis
1412 1109 1581 1146 constet
1614 1116 1666 1145 ea

191 1174 246 1222 de
277 1192 380 1222 vero
415 1186 691 1223 sacramento
735 1175 922 1238 gratiam
965 1175 1213 1223 conserente
1247 1175 1291 1220 in
1327 1175 1668 1222 christianorum

188 1251 408 1315 coniugiis
443 1269 542 1299 esse
576 1252 879 1315 intelligenda.

283 1321 579 1384 Quamobrem
604 1346 692 1376 non
718 1328 933 1376 immerito
952 1329 1243 1376 Bellarminus
1261 1330 1314 1376 ex
1326 1329 1493 1393 Ephes.
1511 1329 1559 1374 V.
1582 1330 1655 1374 32.

190 1414 363 1467 patrum
397 1404 625 1450 traditioni
651 1404 828 1450 innixus
854 1404 1030 1451 conficit
1052 1404 1379 1451 matrimonium
1405 1404 1665 1451 christiano-

190 1496 286 1525 rum
329 1496 430 1526 vere
463 1489 506 1526 et
540 1479 716 1543 proprie
759 1497 897 1526 novae
941 1479 1052 1542 legis
1097 1496 1196 1526 esse
1240 1489 1578 1526 sacramentum.
1619 1479 1663 1524 Si

189 1554 329 1610 enirn,
352 1564 401 1600 ut
426 1554 523 1618 ipse
547 1554 855 1610 ratiocinatur,
878 1555 934 1601 ad
959 1555 1316 1602 constituendum
1340 1565 1664 1602 sacramentum

192 1630 275 1676 tria
307 1629 584 1677 ostendenda
627 1640 757 1686 sunt,
798 1630 1014 1678 institutio
1059 1630 1226 1678 scilicet
1267 1630 1445 1687 divina,
1486 1631 1663 1694 signum

191 1722 270 1752 seu
311 1705 561 1770 symbolum
596 1706 658 1752 rei
699 1723 880 1762 sacrae,
920 1717 963 1752 et
996 1706 1162 1769 gratiae
1205 1706 1523 1753 sanctificantis
1564 1724 1665 1771 pro-

191 1781 368 1837 missio,
399 1798 499 1828 cum
533 1782 616 1828 tria
650 1782 761 1828 haec
791 1794 1052 1829 concurrant
1076 1783 1120 1828 in
1144 1782 1487 1829 christianorum
1512 1783 1664 1829 coniu-

193 1856 337 1917 gium,
362 1858 559 1921 profecto
593 1857 704 1904 nihil
738 1868 806 1905 est
839 1859 958 1923 quod
993 1859 1235 1906 desiderari
1271 1859 1412 1923 possit
1435 1858 1491 1904 ad
1528 1858 1662 1904 huius

195 1933 457 1979 sacramenti
490 1933 710 1980 virtutem.
750 1935 881 1981 Porro
915 1934 970 1981 de
1003 1932 1153 1981 divina
1186 1933 1453 1980 matrimonii
1488 1934 1663 1980 institu-

195 2004 314 2052 tione
337 2006 458 2053 nulla
480 2020 548 2055 est
570 2010 794 2072 quaestio,
823 2027 923 2056 cum
960 2020 1253 2074 protestantes
1278 2009 1322 2054 id
1345 2008 1460 2055 ultro
1494 2009 1663 2056 fatean-

192 2091 277 2136 tur,
307 2081 395 2128 imo
418 2084 706 2140 contendant;
735 2096 777 2132 et
800 2096 1026 2149 praeterea
1060 2085 1283 2132 evidenter
1309 2094 1476 2132 constet
1504 2102 1557 2132 ex
1581 2085 1663 2132 Ge-

191 2173 285 2203 nes.
311 2157 365 2202 ll.
391 2159 467 2203 18.
492 2158 626 2204 Math.
646 2159 759 2205 XIX.
786 2163 829 2205 6.
853 2162 887 2205 l.
911 2161 1009 2207 Cor.
1031 2162 1123 2206 vll.
1149 2162 1223 2206 38.
1249 2161 1283 2206 1.
1307 2160 1494 2208 Timoth.
1519 2161 1586 2207 lv.
1613 2162 1654 2207 3.

191 2242 235 2278 et
256 2232 303 2277 V.
334 2234 410 2278 14.
440 2233 574 2279 Hebr.
603 2235 720 2280 Xlll.
754 2236 794 2280 4.

286 2309 378 2355 Iam
412 2325 515 2355 vero
559 2310 678 2374 quod
722 2310 1062 2361 christianorum
1106 2313 1358 2376 coniugium
1402 2314 1578 2375 signum
1620 2324 1662 2359 et

191 2383 441 2448 symbolum
467 2385 526 2431 sit
549 2385 610 2431 rei
636 2403 788 2433 sacrae
811 2387 970 2434 evincit
992 2405 1044 2434 cx
1068 2388 1152 2435 hoc
1175 2398 1293 2434 textu
1316 2387 1482 2451 Ephes.
1504 2388 1553 2432 V.
1580 2389 1655 2434 32.

195 2459 267 2505 ubi
301 2459 538 2523 Apostolus
582 2462 908 2508 matrimonium
943 2481 1029 2510 non
1066 2463 1208 2511 solum
1241 2473 1554 2510 sacramentum
1587 2481 1662 2510 ex-

196 2552 346 2599 presse
386 2547 537 2594 vocat,
578 2537 657 2584 sed
701 2538 824 2585 addit
864 2557 1067 2603 maqmcm
1111 2557 1210 2587 esse
1253 2541 1298 2584 in
1340 2539 1508 2585 Christo
1542 2548 1582 2585 et
1615 2541 1660 2584 in

194 2611 389 2667 ecclesia;
414 2623 726 2659 sacramentum
760 2624 904 2661 autem
941 2614 1025 2662 hoc
1058 2615 1153 2662 loco
1186 2631 1272 2660 non
1307 2614 1658 2661 coniunctionem

193 2683 355 2733 Christi
378 2703 478 2734 cum
501 2687 713 2745 ecclesia,
742 2700 871 2753 prout
905 2690 1145 2745 Lutherus,
1175 2689 1411 2746 Calvinus,
1445 2689 1658 2736 Erasmus

194 2759 358 2824 aliique
389 2764 681 2821 contendunt,
713 2765 789 2811 sed
814 2766 961 2828 ipsum
994 2766 1075 2813 viri
1101 2783 1151 2812 ac
1175 2765 1370 2812 mulieris
1405 2766 1657 2828 coniugium
