1918 3186
355 196 445 240 108
630 211 709 241 un.
739 210 768 240 ι.
798 207 911 239 sacr.
941 207 971 238 1.
990 207 1043 238 nn
1059 207 1530 240 mrumsAannnnro.

448 287 652 335 Decimus
686 296 754 333 est
785 284 962 333 concilii
997 285 1343 333 constantiensis
1379 285 1463 333 sub
1492 286 1676 334 Martino
1697 286 1746 333 V.
1776 287 1822 333 in

355 365 441 412 fine
474 362 663 411 concilii.
689 363 781 408 Iam
803 379 906 409 vero
930 362 1165 410 concilium
1189 362 1520 410 constantiense
1554 362 1667 409 nihil
1701 362 1822 410 aliud

352 440 561 493 continet,
590 438 710 503 quod
733 438 789 485 ad
815 455 906 485 rem
941 449 1134 486 nostram
1170 439 1397 495 reseratur,
1437 450 1610 503 praeter
1642 438 1826 486 interro-

352 515 592 579 gationem,
622 530 738 578 quae
760 513 856 560 fieri
881 513 1069 561 debebat
1086 514 1142 561 de
1159 513 1334 562 haeresi
1359 514 1606 578 suspectis:
1634 533 1656 559 α
1671 514 1824 561 Utrum

353 591 527 646 credat,
557 590 675 655 quod
699 590 970 637 christianus
1005 600 1287 637 contemnens
1322 590 1647 655 susceptionem
1682 607 1826 644 sacra-

354 676 599 714 mentorum
634 665 1003 721 confirmationis,
1042 665 1111 712 vel
1145 676 1364 714 extremae
1386 666 1634 723 unctionis,
1664 676 1741 713 aut
1762 683 1826 713 so-

356 742 669 789 lemnizationis
685 743 950 789 matrimonii
966 751 1117 805 peccet
1133 742 1373 790 mortaliter
1387 745 1427 805 (1
1438 744 1480 805 2)
1494 780 1502 788 .
1514 763 1536 788 »
1549 743 1592 789 Si
1608 743 1716 808 quid
1729 759 1827 807 pro·

354 818 431 866 bat
465 818 684 866 eiusmodi
718 818 977 873 auctoritas,
1016 816 1174 881 probat
1206 834 1294 865 non
1327 835 1428 866 esse
1459 819 1826 866 contemnendam

352 895 742 942 solemnizationem
760 893 1024 941 sacramenti
1045 893 1335 949 matrimonii,
1357 893 1561 958 nihilque
1578 904 1820 958 praeterea.

358 970 574 1026 Quocirca
605 980 648 1018 et
681 970 755 1017 hic
788 968 931 1017 textus
966 980 1034 1016 est
1068 969 1368 1033 seponendus.

453 1047 720 1095 Undecimus
755 1056 822 1093 est
855 1045 1091 1093 Clementis
1125 1046 1188 1092 De
1215 1046 1463 1109 privileqiis
1505 1046 1700 1109 reliqiosi
1717 1082 1729 1101 ,
1776 1063 1829 1093 ac

357 1124 572 1188 reperitur
604 1123 718 1170 inter
750 1122 1047 1169 Clementinas
1081 1121 1160 1169 lib.
1188 1122 1236 1168 V.
1276 1122 1344 1169 tit.
1372 1122 1464 1168 VII.
1494 1123 1559 1170 De
1583 1122 1828 1187 privilegiis

356 1216 457 1263 cap.
497 1200 532 1244 1.
570 1198 780 1262 Religiosi
810 1197 882 1244 his
915 1196 1087 1245 verbis:
1120 1197 1396 1261 «Religiosi,
1424 1198 1502 1262 qui
1526 1198 1723 1255 clericis,
1752 1208 1830 1246 aut

355 1274 483 1323 laicis
526 1285 849 1322 sacramentum
891 1273 1109 1321 unctionis
1149 1284 1390 1331 extremae,
1428 1274 1499 1322 vel
1532 1274 1830 1322 eucharistiae

357 1351 632 1407 ministrare,
655 1352 980 1398 matrimoniave
1001 1350 1302 1405 solemnizare,
1326 1368 1415 1398 non
1431 1350 1584 1398 habita
1602 1369 1739 1415 supra
1757 1351 1830 1398 his

359 1427 619 1492 paroecialis
655 1426 900 1491 presbyteri
933 1425 1114 1472 licentia
1151 1425 1334 1490 speciali
1370 1426 1826 1490 praesumpserint...

358 1502 820 1552 excommunicationis
845 1502 1069 1550 incurrant
1092 1501 1353 1549 sententiam
1373 1502 1473 1566 ipso
1490 1502 1717 1550 facto.»ln
1733 1501 1834 1567 qui-

360 1580 446 1627 bus
470 1579 616 1627 verbis
636 1579 675 1626 si
694 1578 796 1643 quis
819 1577 925 1626 velit
947 1577 1179 1642 quidpiam
1204 1577 1557 1641 deprehendere,
1580 1578 1700 1642 quod
1720 1577 1829 1626 Cani

359 1655 604 1704 sententiae
621 1655 767 1702 favere
784 1655 1000 1711 videatur,
1023 1671 1109 1702 non
1131 1653 1254 1701 aliud
1268 1654 1308 1701 ei
1327 1654 1545 1701 succurrit
1565 1671 1701 1718 quam
1720 1653 1831 1701 illud

358 1732 682 1780 matrimoniave
703 1732 982 1778 solemnizare
990 1749 1003 1786 ,·
1020 1740 1066 1777 at
1086 1747 1190 1779 vero
1214 1730 1325 1777 haec
1348 1730 1560 1795 loquendi
1588 1730 1703 1777 ratio
1728 1746 1832 1777 con-

358 1808 540 1854 trarium
564 1807 710 1872 potius
733 1807 932 1854 evincere
958 1806 1156 1863 videtur,
1186 1806 1224 1853 si
1250 1816 1532 1870 comparetur
1559 1822 1659 1853 cum
1683 1805 1831 1852 verbis

359 1884 745 1949 praecedentibus,
766 1883 930 1949 quibus
955 1882 1202 1948 presbyteri
1226 1900 1328 1931 vere
1350 1882 1561 1930 dicuntur
1583 1882 1829 1928 ministrare

360 1971 635 2010 sacramenta
658 1971 877 2008 extremae
898 1960 1119 2008 unctionis
1144 1970 1187 2007 et
1208 1959 1528 2015 eucharistiae,
1554 1968 1706 2006 contra
1729 1975 1833 2005 vero

359 2055 459 2085 cum
495 2055 641 2086 sermo
674 2048 742 2086 est
773 2038 829 2085 de
861 2037 1167 2093 matrimonio,
1205 2054 1258 2084 eo
1291 2036 1390 2101 ipso
1425 2035 1544 2100 quod
1581 2034 1831 2082 sacerdotes

360 2113 455 2160 eius
489 2113 681 2169 ministri
715 2131 803 2161 non
836 2113 950 2169 sint,
989 2113 1197 2161 dicuntur
1222 2111 1332 2159 illud
1355 2112 1657 2164 solemnizare,
1688 2127 1768 2156 seu
1791 2109 1831 2156 ei

360 2190 589 2247 assistere,
618 2200 666 2237 ut
689 2189 915 2254 publicum
949 2206 1029 2253 per
1062 2205 1214 2236 eorum
1249 2187 1546 2252 praesentiam
1569 2196 1611 2233 et
1635 2184 1832 2232 solemne

360 2265 517 2313 evadat
538 2284 591 2313 ex
614 2277 758 2313 mente
792 2265 1020 2314 ecclesiae.
1045 2266 1160 2329 Ergo
1184 2275 1227 2312 et
1249 2265 1323 2313 hic
1346 2274 1488 2312 textus
1513 2281 1540 2310 a
1562 2279 1698 2310 causa
1722 2261 1829 2309 Cani

364 2341 649 2405 seponendus
683 2352 767 2389 est.

360 2464 431 2496 sive
442 2464 485 2496 sit
500 2464 714 2496 iuramentum
723 2488 732 2504 ,
749 2464 818 2496 sive
830 2473 895 2496 non
904 2488 913 2504 ,
928 2463 1082 2496 nonlicet
1095 2464 1220 2496 mulieri
1234 2465 1288 2496 alii
1304 2464 1442 2503 nubere,
1457 2462 1527 2495 etsi
1542 2462 1700 2503 nupserit,
1716 2462 1748 2493 et
1762 2461 1827 2493 sne-

363 2518 405 2550 rit
419 2518 557 2551 carnalis
572 2518 689 2559 copula
701 2517 937 2558 subsecuta‚ab
950 2526 988 2549 eo
1002 2517 1141 2557 separari
1154 2516 1265 2557 debet,
1281 2518 1314 2549 et
1327 2519 1365 2548 ut
1381 2516 1421 2548 ad
1436 2515 1576 2556 primum
1591 2514 1718 2555 redeat,
1735 2514 1834 2546 eccle-

362 2570 491 2602 siastica
511 2570 713 2603 districtione
731 2570 915 2611 compelli.»
922 2569 955 2601 Si
965 2569 1064 2610 igitur
1079 2569 1188 2610 perfici
1208 2570 1334 2609 poterat
1353 2567 1595 2600 matrimonium
1610 2566 1706 2599 etiam
1721 2575 1831 2599 coram

359 2623 434 2655 solo
447 2625 585 2656 notario
595 2626 630 2656 et
643 2623 775 2657 idoneis
789 2623 932 2656 cestibus
947 2622 1016 2655 siue
1031 2621 1213 2663 praesentia
1226 2620 1401 2654 sacerdotis
1410 2645 1418 2660 ,
1435 2621 1524 2661 patet
1538 2628 1577 2652 ex
1590 2621 1696 2652 mente
1710 2620 1836 2660 pontifi·

362 2676 409 2708 cis
429 2676 684 2709 benedictionem
702 2676 934 2709 sacerdotalem
949 2675 1082 2707 minime
1097 2675 1243 2716 spectare
1258 2673 1507 2705 tid-sacramenti
1520 2672 1716 2705 matrimonii
1730 2681 1833 2705 essen-

362 2727 459 2768 tiam,
469 2736 529 2759 nec
540 2729 675 2768 proinde
689 2729 888 2761 sacerdotem
902 2736 972 2761 esse
986 2727 1082 2759 huius
1097 2726 1289 2759 sacramenti
1305 2726 1501 2758 ministrum.
1514 2725 1565 2758 Cf.
1582 2725 1666 2766 apud
1678 2724 1837 2757 Harduin.

363 2780 450 2812 Acta
462 2780 585 2812 concil.
599 2781 680 2813 tomi
689 2783 745 2814 vl.
762 2790 831 2822 par.
846 2782 888 2813 11.
901 2780 964 2812 col.
980 2783 1069 2812 1732.

458 2832 524 2874 (12)
545 2833 636 2874 Apud
653 2834 815 2867 Labbeum
829 2835 908 2866 tom.
924 2832 1152 2865 X11.col.269.
