1912 3180
322 184 410 230 372
572 196 651 228 un.
680 195 710 226 1.
739 193 851 225 secr.
880 191 1051 224 Amani.
1083 192 1133 223 nn
1158 191 1332 224 aarum.
1362 192 1504 225 civim.

318 274 711 338 emancipationem
730 272 776 317 in
795 288 930 318 sensu
961 269 1205 318 adversarii
1239 287 1481 334 numquam
1507 269 1669 334 adepta
1692 283 1781 328 est⁷

320 368 397 398 nec
419 366 515 396 eam
541 364 754 411 umquam
784 346 1074 410 adipiscetur.

413 423 735 470 Matrimonium
758 432 887 486 prout
915 432 984 468 est
1009 421 1205 468 officium
1231 431 1411 468 naturae
1435 432 1551 469 certe
1574 431 1643 469 est
1664 422 1787 486 prin-

317 502 481 565 cipium
517 516 569 546 ac
603 498 788 545 materia
823 498 999 562 prima,
1038 508 1086 545 ut
1119 497 1313 562 loquitur
1347 507 1524 555 orator,
1556 498 1673 545 vitae
1705 515 1786 544 na-

319 577 496 630 turalia,
528 593 615 623 non
652 586 798 622 autem
832 575 992 629 civilis,
1021 591 1137 638 quae
1171 584 1354 621 naturae
1383 574 1604 622 adiicitur.
1625 575 1784 622 Verum

253 709 256 710 ⁷
316 663 551 717 antequam
586 652 699 707 inser
733 651 1000 699 christianos
1033 668 1086 698 ex
1121 650 1269 698 officio
1308 660 1492 698 naturae
1526 651 1602 698 fiat
1634 651 1787 698 matri·-

316 729 511 777 monium
532 767 542 784 ‚
590 728 677 776 iam
720 728 776 774 ad
815 727 1049 774 ecclesiam
1087 726 1277 790 pertinet
1308 737 1559 774 contractus
1608 737 1788 774 natura—

316 806 396 861 lis,
447 823 500 852 ex
546 821 634 869 quo
679 813 1002 851 sacramentum
1050 802 1225 866 exurgit
1252 841 1261 858 ‚
1301 814 1344 850 et
1388 804 1484 850 sine
1528 820 1618 867 quo
1664 802 1786 850 nullo

317 881 449 929 modo
483 881 687 928 consistit
721 881 804 927 iste
836 889 1105 926 contractus.
1147 878 1426 943 Quapropter
1459 880 1671 945 princeps
1705 895 1788 926 nec

319 958 388 1004 ius
436 974 580 1022 neque
625 973 786 1003 munus
818 954 952 1002 habet
985 964 1258 1002 contractum
1294 955 1389 1002 suis
1423 954 1597 1018 legibus
1632 955 1785 1003 mode-

317 1034 462 1081 randi.

412 1110 569 1156 Nescio
599 1124 727 1173 porro
763 1108 869 1173 quid
904 1108 1126 1171 significet
1149 1107 1224 1154 illa
1246 1118 1432 1172 potestas
1459 1110 1623 1163 amica‚·
1657 1125 1786 1154 num-

318 1187 429 1252 quid
465 1185 654 1232 ecclesia
688 1185 744 1231 ad
779 1185 920 1231 instar
944 1196 1012 1232 est
1039 1184 1269 1247 regiminis
1303 1185 1472 1240 civilis,
1513 1185 1574 1232 ita
1607 1194 1655 1230 ut
1694 1184 1783 1231 dici

318 1262 459 1326 possit
501 1271 701 1325 potestas
745 1263 885 1307 amica
905 1261 928 1306 P
971 1260 1114 1316 Quam
1159 1261 1328 1308 absona
1374 1272 1418 1308 et
1458 1260 1630 1308 abiecta
1675 1260 1786 1307 haec

317 1349 421 1386 sunt
447 1339 491 1384 in
522 1354 599 1384 ore
631 1337 781 1400 gravis
815 1336 1055 1385 senatoris!
1091 1336 1292 1383 Ecclesia
1322 1354 1495 1402 semper
1528 1336 1612 1383 fuit
1644 1346 1687 1383 et
1718 1345 1787 1383 est

294 1413 522 1470 vomnibus
557 1412 815 1459 hominibus
856 1413 1021 1466 amica,
1061 1422 1130 1458 est
1162 1412 1236 1476 pia
1270 1423 1409 1459 mater
1442 1422 1486 1458 et
1518 1410 1786 1459 benevolen-

317 1489 491 1536 tissima
530 1488 692 1535 nutrix.
731 1487 936 1535 Ceterum
970 1504 1099 1534 nemo
1134 1497 1280 1550 potest
1317 1504 1368 1533 ex
1403 1504 1453 1535 se
1487 1487 1630 1535 facere
1664 1486 1783 1552 quod

317 1581 403 1612 non
437 1575 505 1611 est
537 1563 581 1609 in
623 1581 703 1610 sua
738 1573 967 1628 potestate.
1007 1564 1108 1609 Iura
1142 1562 1364 1627 denique,
1404 1580 1521 1627 quae
1563 1580 1785 1628 nusquam

315 1641 538 1695 existunt,
578 1656 656 1686 nec
684 1638 1054 1702 praescriptibilia
1078 1638 1164 1685 dici
1191 1648 1401 1702 possunt,
1429 1656 1573 1704 neque
1596 1639 1783 1702 imprae—

315 1714 593 1778 scriptibilia.
1729 1718 1731 1721 ’

413 1790 539 1846 Quod
570 1807 672 1837 vero
700 1790 856 1837 attinet
879 1790 934 1837 ad
958 1808 1032 1847 ea,
1061 1809 1176 1856 quae
1200 1802 1421 1839 oratorum
1446 1791 1555 1839 alter
1578 1791 1780 1854 urgebat,

316 1868 456 1930 legem
490 1867 607 1914 hanc
641 1867 719 1913 niti
754 1867 927 1914 duobus
961 1868 1220 1932 principiis,
1249 1885 1365 1933 quae
1398 1867 1698 1915 humanitaria
1723 1867 1784 1914 si-

317 1942 408 1990 mul
438 1941 542 1990 sunt
563 1954 606 1990 et
628 1943 882 2006 evangelica
900 1981 909 2000 ‚
939 1943 1132 1991 sufficiat
1156 1944 1446 2009 respondere,
1470 1962 1522 1991 ea
1540 1961 1641 1991 esse
1663 1944 1785 2009 prin-

315 2020 433 2084 cipia
460 2020 718 2085 aptissima,
747 2030 876 2084 prout
898 2020 954 2067 ab
978 2031 1150 2068 oratore
1183 2020 1516 2084 intelliguntur,
1545 2020 1601 2068 ad
1632 2021 1785 2068 huma-

317 2096 497 2143 nitatem
522 2095 677 2151 simul‚
704 2112 944 2160 veramque
967 2094 1265 2159 evangelicam
1291 2096 1550 2159 religionem
1575 2096 1786 2143 abiicien-

317 2171 436 2218 dam.
470 2171 525 2218 Et
559 2171 769 2236 quoniam
803 2171 1014 2236 profanus
1048 2181 1195 2218 orator
1217 2171 1274 2218 ad
1297 2172 1526 2234 evangelia
1557 2182 1778 2235 provocat,

318 2248 637 2314 respondemus
659 2286 668 2303 ‚
717 2266 817 2295 eum
861 2249 1013 2313 utique
1046 2248 1123 2313 qui
1158 2247 1387 2311 evangelia
1420 2248 1591 2312 aperiat
1624 2247 1784 2311 spiritu

318 2323 630 2388 protestantico
664 2324 926 2371 informatus
961 2334 1094 2388 atque
1127 2334 1497 2388 praeoccupatus,
1526 2321 1586 2369 ibi
1614 2321 1783 2387 procla-

318 2410 478 2447 matam
513 2400 706 2464 reperire
739 2399 1064 2465 separationem
1099 2410 1242 2448 status
1276 2399 1333 2447 ab
1366 2399 1577 2454 ecclesia,
1615 2397 1786 2445 scilicet

319 2492 344 2520 a
362 2476 477 2531 Deo;
505 2487 550 2523 at
573 2494 673 2524 eum
698 2477 775 2541 qui
801 2487 946 2524 mente
968 2476 1187 2524 catholica
1210 2493 1262 2523 ea
1285 2476 1481 2541 aperiat,
1504 2473 1626 2521 nullo
1650 2474 1782 2521 modo

318 2552 647 2612 separationem,
671 2551 750 2598 sed
775 2551 1090 2598 distinctionem
1114 2551 1254 2599 solam
1279 2549 1601 2616 praesidiorum
1620 2561 1663 2597 et
1680 2550 1783 2596 finis

322 2642 400 2688 pro
434 2636 549 2674 statu
585 2638 717 2692 atque
751 2626 939 2675 ecclesia
969 2627 1188 2683 invenire;
1217 2638 1348 2692 atque
1371 2627 1605 2691 utriusque
1639 2626 1781 2674 amico

320 2700 494 2747 foedere
517 2703 797 2750 concordiam
816 2723 824 2751 :
848 2721 982 2769 quam
1006 2703 1186 2768 quidem
1210 2703 1452 2751 doctrinam
1478 2713 1625 2766 patres
1648 2719 1782 2768 expo-

321 2786 455 2831 nunt;
488 2786 653 2824 tantum
683 2778 829 2837 abest,
856 2790 925 2836 ut,
955 2779 1325 2845 quemadmodum
1363 2788 1510 2826 orator
1543 2789 1692 2826 noster
1716 2778 1781 2826 af-
