1918 3186
261 143 319 188 40
406 180 408 182 ·
532 158 611 189 LlB.
640 157 669 188 1.
700 156 810 188 SECT.
841 155 869 184 1.
894 154 945 184 ΒΕ
969 153 1141 186 nmium.
1165 153 1449 186 SAGRAMENTO..

257 235 302 280 in
336 233 448 280 libro
481 234 543 279 De
581 234 683 279 bono
718 231 956 293 coniuqali,
991 231 1316 278 matrimonium
1341 247 1427 277 non
1452 245 1550 276 esse
1574 246 1722 277 sacra-⁴

256 319 449 356 mentum
485 308 570 354 nisi
605 308 649 352 in
684 306 859 352 Christo
892 317 935 352 et
966 307 1012 352 in
1044 306 1231 354 ecclesia
1258 307 1405 368 (101).

350 384 414 429 Ex
448 400 536 447 qua
575 384 795 445 pOstrema
838 380 1218 429 animadversione
1259 381 1389 427 etiam
1432 379 1725 442 intelligimus

257 478 293 505 s.
334 458 626 521 Augustinum
660 458 918 503 sacramenti
947 474 1099 504 vocem
1115 495 1126 512 ,
1164 474 1264 503 cum
1304 456 1394 519 agit
1426 455 1481 502 de
1514 454 1723 517 coniugio

255 535 619 590 christianorum,
648 551 735 581 non
759 533 902 580 latiori
927 533 1245 596 significatione
1261 571 1270 588 ‚
1298 543 1347 579 ut
1368 531 1592 579 contendit
1612 531 1719 578 Vas-

253 611 436 674 quezius
473 611 600 671 (102.)
618 647 631 665 ,
665 609 742 656 sed
767 626 924 673 presse
942 625 1186 672 usurpasse
1214 608 1271 655 ad
1297 625 1448 655 verum
1471 608 1721 672 proprium-

255 702 341 749 que
375 688 695 732 sacramentum
729 684 1078 748 exprimendum.
1108 683 1280 730 Etenim
1304 693 1484 747 praeter
1506 682 1719 730 inelucta-

255 759 342 807 bile
387 770 690 823 argumentum
733 760 788 806 de
830 759 1048 807 locutione
1092 768 1265 822 patrum
1310 759 1429 805 iuxta
1473 758 1718 822 analogiam

255 836 356 882 fidei
383 836 429 882 in
453 835 641 883 ecclesia
673 836 882 898 vigentis,
911 835 957 881 id
980 834 1248 899 patefaciunt
1269 835 1402 882 verba
1433 835 1533 898 ipsa
1568 852 1606 882 s.
1633 835 1727 880 Do-

254 913 388 959 ctoris
412 911 575 976 quibus
604 911 986 974 contradistinguit
1019 911 1345 958 matrimonium
1381 911 1723 958 christianorum

255 998 297 1034 ct
330 987 536 1050 coniugia
569 986 843 1034 ethnicorum
867 986 1043 1034 dicens:
1076 1007 1098 1031 «
1115 988 1164 1032 In
1188 987 1365 1033 civitate
1387 986 1469 1032 Dei
1492 986 1648 1041 nostri,
1675 984 1725 1030 in

256 1074 402 1111 monte
436 1074 588 1111 sancto
621 1064 742 1120 eius,
782 1063 864 1110 hoc
898 1074 990 1119 est,
1030 1064 1075 1109 in
1109 1063 1319 1119 ecclesia,
1353 1062 1429 1109 ubi
1469 1061 1720 1126 nuptiarum

255 1157 340 1187 non
377 1139 519 1186 solum
552 1139 799 1195 vinculum,
827 1157 978 1187 verum
1011 1140 1143 1186 etiam
1178 1142 1489 1185 sacramentum
1517 1138 1579 1184 ita
1607 1154 1724 1185 com-

256 1215 484 1262 mendatur
521 1216 668 1278 (103).
696 1236 717 1260 »
759 1215 884 1271 Quod
925 1215 1104 1280 quidem
1146 1214 1370 1266 vinculum
1413 1213 1724 1261 indissolubile

255 1291 359 1337 alibi
382 1292 508 1338 vccat
529 1308 618 1351 rem
640 1294 897 1338 sacramenti
923 1293 1049 1353 (104)
1068 1330 1077 1348 ,
1106 1309 1185 1338 seu
1207 1291 1410 1338 effectum
1434 1293 1718 1345 sacramenti,

353 1427 439 1468 (101)
461 1427 540 1459 Eius
560 1427 745 1459 testimonia
764 1426 861 1468 paulo
881 1427 955 1468 post
975 1427 1159 1459 referemus.

353 1479 442 1519 (102)
464 1481 502 1511 ln
517 1481 624 1512 Tract.
642 1481 692 1511 De
705 1488 854 1511 sacram.
869 1481 1022 1512 matrim.
1036 1479 1119 1520 disp.
1133 1484 1162 1511 2.
1174 1488 1245 1520 cap.
1261 1485 1290 1511 5.
1305 1480 1334 1520 §.
1352 1485 1402 1513 32.
1420 1480 1522 1512 Cuius
1535 1478 1635 1511 verba
1649 1479 1728 1511 haec

259 1533 355 1564 sunt:
380 1533 588 1573 «Postquam
612 1532 737 1573 singula
766 1533 838 1564 loca
864 1532 1033 1572 Augustini
1062 1533 1179 1574 perlegi
1194 1557 1204 1572 ,
1227 1534 1260 1564 et
1280 1534 1400 1565 attente
1419 1532 1621 1565 consideravi
1643 1541 1732 1564 anno

258 1584 388 1616 Domini
417 1589 506 1617 1588.
525 1584 693 1617 manifeste
715 1585 910 1626 deprehendi
932 1585 1038 1626 ipsum
1060 1585 1236 1626 nonjoqui
1257 1585 1297 1617 de
1318 1587 1517 1618 sacramento
1539 1585 1679 1626 proprie.
1694 1609 1702 1617 .
1717 1610 1724 1617 .

258 1636 314 1669 sed
334 1636 375 1669 de
395 1639 594 1670 sacramento
622 1637 728 1670 latiori
751 1637 1000 1678 significatione,
1023 1639 1120 1678 prout
1140 1639 1190 1670 est
1209 1637 1336 1678 signum
1357 1637 1487 1670 unionis
1507 1638 1628 1670 Christi
1649 1646 1722 1669 cum

256 1690 423 1722 ecclesiam
435 1692 518 1731 Ergo
544 1691 636 1722 iuxta
666 1691 771 1731 ipsum
801 1700 827 1723 s.
851 1691 1048 1732 Augustinus
1078 1699 1255 1732 numquam
1285 1691 1413 1723 locutus
1440 1692 1524 1723 esset
1549 1690 1590 1722 de
1616 1691 1727 1722 matri·

258 1743 369 1775 monio
394 1743 427 1774 in
452 1751 544 1775 sensu
571 1743 744 1784 ecclesiae,
766 1744 857 1775 iuxta
882 1744 1061 1785 analogiam
1083 1744 1178 1784 fidei,
1205 1745 1295 1776 iuxta
1320 1743 1445 1785 praxim
1468 1745 1501 1775 et
1527 1752 1623 1776 usum
1646 1751 1725 1784 quo-

256 1794 438 1835 tidianum,
460 1796 551 1827 iuxta
571 1797 710 1828 mentem
731 1797 908 1828 ceterorum
930 1797 1071 1837 patrum.
1091 1796 1185 1834 Quod
1206 1805 1303 1837 quam
1326 1797 1482 1829 absonum
1503 1797 1563 1836 sit,
1585 1796 1727 1837 quisque

253 1856 292 1878 ex
314 1855 348 1878 se
368 1846 529 1887 intelligit.
544 1849 664 1879 Verum
680 1855 786 1888 neque
805 1856 913 1879 secum
935 1849 1004 1888 ipse
1025 1848 1075 1879 vir
1097 1848 1212 1880 doctus
1232 1849 1392 1881 cohaeret.
1408 1850 1490 1881 Nam
1506 1848 1598 1880 iuxta
1616 1848 1726 1888 ipsum

255 1899 286 1929 in
313 1899 377 1931 vet.
392 1899 461 1939 lege
482 1899 722 1931 matrimonium
738 1900 845 1931 latiori
860 1900 1108 1941 significatione,
1132 1901 1198 1934 imo
1219 1901 1316 1933 etiam
1338 1901 1425 1942 apud
1445 1900 1590 1932 infideles
1609 1899 1722 1932 fuisset

252 1953 502 1992 sacramentum,
519 1952 658 1984 attamen
672 1961 698 1984 s.
710 1953 908 1992 Augustinus
926 1954 1070 1994 agnoscit
1087 1955 1233 1994 apertum
1254 1954 1426 1986 discrimen
1442 1954 1524 1985 inter
1537 1953 1721 1993 coniugium

255 2005 415 2043 veterum,
428 2005 461 2036 et
474 2004 658 2044 coniugium
676 2004 923 2037 christianorum
943 2006 1068 2038 ratione
1086 2007 1308 2045 sacramenti,
1328 2014 1425 2046 quam
1448 2005 1480 2036 in
1500 2005 1570 2037 sola
1586 2004 1722 2037 ecclesia

260 2058 403 2097 agnovit.
1715 2054 1719 2058 ’

353 2109 438 2150 (103)
459 2110 530 2143 Lib.
548 2112 598 2142 De
617 2110 684 2148 fide
699 2113 734 2143 et
748 2112 907 2152 operibus
922 2121 992 2153 cap.
1010 2113 1082 2144 Vll.
1095 2120 1127 2143 n.
1147 2116 1194 2144 10.

352 2163 437 2202 (104)
459 2164 508 2194 De
523 2165 622 2203 nupt.
641 2165 675 2195 et
694 2172 838 2205 concup.
858 2164 915 2196 lib.
934 2166 976 2196 11.
989 2173 1060 2205 cap.
1081 2167 1121 2196 X.
1142 2165 1185 2195 Ut
1205 2164 1291 2196 enim
1312 2163 1541 2195 animadvertit
1557 2162 1717 2203 praeclare

257 2213 492 2254 salmeronius‚
503 2214 559 2254 qui
573 2215 694 2254 egregie
707 2217 812 2247 totum
822 2216 884 2248 hoc
896 2217 1117 2257 argumentum
1129 2216 1303 2257 pertractat
1312 2218 1347 2248 et.
1355 2215 1477 2248 evolvit
1487 2215 1521 2247 in
1533 2215 1618 2246 Diss.
1629 2216 1705 2246 XIII
1710 2239 1717 2246 .

255 2266 288 2298 in
307 2267 391 2298 hunc
406 2266 550 2307 Apostoli
569 2267 630 2298 loc.
643 2268 756 2308 Ephes.
772 2270 812 2300 V.
829 2269 1086 2309 matrimonium,
1107 2271 1266 2309 quatenus
1280 2270 1328 2301 est
1342 2261 1526 2300 contractus
1540 2267 1715 2306 humanus,

254 2327 319 2350 non
344 2319 393 2350 est
411 2319 646 2349 sacramentum
668 2328 769 2351 unum
797 2328 835 2351 ex
865 2322 1008 2361 septcm;
1031 2329 1090 2352 nec
1112 2320 1209 2352 habet
1229 2320 1349 2360 gratiae
1368 2319 1612 2360 promissionem
1632 2318 1716 2350 sicut

254 2379 312 2403 nec
324 2370 380 2403 alii
393 2371 577 2403 contractus
590 2371 710 2403 civiles
728 2371 851 2403 Deinde
865 2374 1023 2412 quatenus
1038 2373 1205 2404 vinculum
1219 2372 1326 2404 adhuc
1340 2372 1467 2413 proprie
1480 2371 1716 2403 sacramentum

251 2432 315 2455 non
323 2425 389 2463 est;
404 2432 480 2455 nam
493 2422 651 2456 eiusmodi
662 2423 826 2455 vinculum
839 2423 922 2456 inter
931 2424 1076 2456 infideles
1089 2425 1262 2466 invenitur,
1273 2427 1310 2456 ut
1322 2425 1442 2457 Paulus
1453 2423 1548 2456 docet
1555 2424 1630 2456 Cor.
1639 2424 1714 2456 vu.

255 2475 296 2507 de
315 2475 471 2515 foemina,
485 2484 568 2516 quae
582 2475 742 2507 consentit
761 2475 905 2507 habitare
919 2484 994 2507 cum
1012 2476 1083 2507 viro
1098 2476 1231 2508 infideli.
1252 2475 1301 2508 Ad
1322 2477 1412 2516 haec,
1430 2475 1597 2507 vinculum
1607 2475 1657 2507 est
1670 2475 1714 2507 ef-

255 2527 358 2559 sectus
387 2527 488 2568 ipsius
515 2527 734 2560 caeremoniae
753 2528 786 2559 et
806 2529 1010 2567 contractus,
1031 2527 1109 2568 quia
1129 2529 1203 2569 post
1223 2528 1280 2559 illa
1302 2527 1465 2559 vinculum
1485 2527 1691 2567 subsequitur
1703 2551 1713 2567 ,

254 2579 328 2611 ideo
339 2581 387 2611 est
402 2579 534 2612 effectus
557 2580 766 2620 sacramenti,
787 2588 843 2612 seu
866 2589 916 2612 res
936 2581 1145 2621 sacramenti,
1168 2581 1253 2612 sicut
1266 2581 1299 2612 et
1315 2579 1433 2621 gratia;
1456 2588 1521 2611 non
1541 2580 1715 2612 autemsa-

256 2632 453 2662 cramentum
474 2632 591 2672 ipsum.
606 2632 714 2664 Tertio
733 2641 822 2672 vero,
838 2633 997 2673 quatenus
1016 2633 1065 2665 est
1084 2632 1284 2664 caeremonia
1295 2633 1329 2664 et
1342 2631 1468 2673 signum
1488 2631 1650 2672 sensibile,
1668 2641 1717 2664 sa-

259 2684 457 2715 cramentum
475 2685 524 2715 est
538 2692 641 2716 novae
656 2685 755 2725 legis,
774 2686 811 2725 *et
831 2693 906 2717 cum
926 2685 998 2717 aliis
1019 2693 1074 2717 sex
1090 2685 1355 2725 connumeratur,
1374 2685 1406 2716 et
1421 2684 1629 2725 gratiamDei
1643 2693 1719 2717 con·

256 2736 317 2768 fert
327 2735 598 2768 contrahentibus.
617 2738 778 2769 Hactenus
794 2737 865 2777 ille;
883 2738 1038 2770 tom.XV.
1051 2737 1101 2770 ed.
1115 2738 1228 2770 colon.
1240 2737 1370 2777 Agripp.
1387 2739 1513 2778 1604.p.
1526 2742 1596 2770 261.
1609 2739 1656 2769 Ex
1668 2737 1721 2769 his
