<?xml version="1.0" encoding="UTF-8"?>
<!DOCTYPE html PUBLIC "-//W3C//DTD XHTML 1.0 Transitional//EN"
    "http://www.w3.org/TR/xhtml1/DTD/xhtml1-transitional.dtd">
<html xmlns="http://www.w3.org/1999/xhtml" xml:lang="en" lang="en">
 <head>
  <title>
</title>
<meta http-equiv="Content-Type" content="text/html;charset=utf-8" />
  <meta name='ocr-system' content='tesseract 3.04.00' />
  <meta name='ocr-capabilities' content='ocr_page ocr_carea ocr_par ocr_line ocrx_word'/>
</head>
<body>
  <div class='ocr_page' id='page_1' title='image "a603380701perruoft_0218.png"; bbox 0 0 1918 3186; ppageno 0'>
   <div class='ocr_carea' id='block_1_1' title="bbox 235 192 1432 241">
    <p class='ocr_par' dir='ltr' id='par_1_1' title="bbox 235 192 1432 241">
     <span class='ocr_line' id='line_1_1' title="bbox 235 192 1432 241; baseline -0.003 -4"><span class='ocrx_word' id='word_1_1' title='bbox 235 192 324 237; x_wconf 77' lang='lat'><strong>196</strong></span> <span class='ocrx_word' id='word_1_2' title='bbox 498 207 578 238; x_wconf 76' lang='lat' dir='ltr'><strong>Lm.</strong></span> <span class='ocrx_word' id='word_1_3' title='bbox 607 207 638 237; x_wconf 87' lang='lat'><strong>1.</strong></span> <span class='ocrx_word' id='word_1_4' title='bbox 666 203 778 237; x_wconf 66' lang='lat' dir='ltr'><strong>sacr.</strong></span> <span class='ocrx_word' id='word_1_5' title='bbox 807 204 837 235; x_wconf 88' lang='lat'><strong>1.</strong></span> <span class='ocrx_word' id='word_1_6' title='bbox 867 204 919 236; x_wconf 70' lang='lat' dir='ltr'><strong>ns</strong></span> <span class='ocrx_word' id='word_1_7' title='bbox 943 204 1116 241; x_wconf 68' lang='lat' dir='ltr'><strong>numu.</strong></span> <span class='ocrx_word' id='word_1_8' title='bbox 1149 204 1432 237; x_wconf 59' lang='lat' dir='ltr'><strong>sicmuimro.</strong></span> 
     </span>
    </p>
   </div>
   <div class='ocr_carea' id='block_1_2' title="bbox 230 280 1725 2695">
    <p class='ocr_par' dir='ltr' id='par_1_2' title="bbox 230 280 1701 724">
     <span class='ocr_line' id='line_1_2' title="bbox 232 280 1696 348; baseline 0 -18"><span class='ocrx_word' id='word_1_9' title='bbox 232 285 330 348; x_wconf 89' lang='lat' dir='ltr'><strong>ipse</strong></span> <span class='ocrx_word' id='word_1_10' title='bbox 361 292 609 331; x_wconf 88' lang='lat' dir='ltr'><strong>contractus</strong></span> <span class='ocrx_word' id='word_1_11' title='bbox 642 280 889 344; x_wconf 84' lang='lat' dir='ltr'><strong>coniugalis</strong></span> <span class='ocrx_word' id='word_1_12' title='bbox 927 280 1056 346; x_wconf 86' lang='lat' dir='ltr'><strong>plene</strong></span> <span class='ocrx_word' id='word_1_13' title='bbox 1089 299 1141 328; x_wconf 89' lang='lat' dir='ltr'><strong>ac</strong></span> <span class='ocrx_word' id='word_1_14' title='bbox 1174 282 1365 346; x_wconf 81' lang='lat' dir='ltr'><strong>perfecte</strong></span> <span class='ocrx_word' id='word_1_15' title='bbox 1398 281 1444 328; x_wconf 92' lang='lat' dir='ltr'><strong>in</strong></span> <span class='ocrx_word' id='word_1_16' title='bbox 1479 298 1561 329; x_wconf 86' lang='lat' dir='ltr'><strong>suo</strong></span> <span class='ocrx_word' id='word_1_17' title='bbox 1594 298 1696 330; x_wconf 83' lang='lat' dir='ltr'><strong>esse</strong></span> 
     </span>
     <span class='ocr_line' id='line_1_3' title="bbox 230 356 1697 422; baseline 0 -17"><span class='ocrx_word' id='word_1_18' title='bbox 230 359 518 414; x_wconf 84' lang='lat' dir='ltr'><strong>constitutus,</strong></span> <span class='ocrx_word' id='word_1_19' title='bbox 545 356 617 404; x_wconf 91' lang='lat' dir='ltr'><strong>cui</strong></span> <span class='ocrx_word' id='word_1_20' title='bbox 640 356 804 404; x_wconf 88' lang='lat' dir='ltr'><strong>deinde</strong></span> <span class='ocrx_word' id='word_1_21' title='bbox 826 357 1052 405; x_wconf 83' lang='lat' dir='ltr'><strong>accederet</strong></span> <span class='ocrx_word' id='word_1_22' title='bbox 1082 357 1218 405; x_wconf 88' lang='lat' dir='ltr'><strong>veluti</strong></span> <span class='ocrx_word' id='word_1_23' title='bbox 1251 357 1443 422; x_wconf 85' lang='lat' dir='ltr'><strong>qualitas</strong></span> <span class='ocrx_word' id='word_1_24' title='bbox 1476 357 1697 422; x_wconf 82' lang='lat' dir='ltr'><strong>quaedam</strong></span> 
     </span>
     <span class='ocr_line' id='line_1_4' title="bbox 231 432 1697 482; baseline 0 -2"><span class='ocrx_word' id='word_1_25' title='bbox 231 432 478 480; x_wconf 83' lang='lat' dir='ltr'><strong>extrinseca</strong></span> <span class='ocrx_word' id='word_1_26' title='bbox 509 432 619 480; x_wconf 89' lang='lat' dir='ltr'><strong>ratio</strong></span> <span class='ocrx_word' id='word_1_27' title='bbox 653 432 948 481; x_wconf 76' lang='lat' dir='ltr'><strong>sacramenti?</strong></span> <span class='ocrx_word' id='word_1_28' title='bbox 987 433 1109 481; x_wconf 91' lang='lat' dir='ltr'><strong>Idem</strong></span> <span class='ocrx_word' id='word_1_29' title='bbox 1141 450 1245 481; x_wconf 89' lang='lat' dir='ltr'><strong>vero</strong></span> <span class='ocrx_word' id='word_1_30' title='bbox 1276 432 1512 480; x_wconf 91' lang='lat' dir='ltr'><strong>concilium</strong></span> <span class='ocrx_word' id='word_1_31' title='bbox 1545 435 1697 482; x_wconf 89' lang='lat' dir='ltr'><strong>matri-</strong></span> 
     </span>
     <span class='ocr_line' id='line_1_5' title="bbox 231 508 1698 573; baseline 0.001 -18"><span class='ocrx_word' id='word_1_32' title='bbox 231 508 426 556; x_wconf 90' lang='lat' dir='ltr'><strong>monium</strong></span> <span class='ocrx_word' id='word_1_33' title='bbox 453 508 602 572; x_wconf 91' lang='lat' dir='ltr'><strong>ipsum</strong></span> <span class='ocrx_word' id='word_1_34' title='bbox 622 509 795 557; x_wconf 85' lang='lat' dir='ltr'><strong>vocavit</strong></span> <span class='ocrx_word' id='word_1_35' title='bbox 818 518 1163 566; x_wconf 81' lang='lat' dir='ltr'><strong>sacramentum;</strong></span> <span class='ocrx_word' id='word_1_36' title='bbox 1186 526 1289 572; x_wconf 85' lang='lat' dir='ltr'><strong>ergo</strong></span> <span class='ocrx_word' id='word_1_37' title='bbox 1312 510 1546 561; x_wconf 90' lang='lat' dir='ltr'><strong>concilium</strong></span> <span class='ocrx_word' id='word_1_38' title='bbox 1571 510 1698 573; x_wconf 79' lang='lat' dir='ltr'><strong>igno-</strong></span> 
     </span>
     <span class='ocr_line' id='line_1_6' title="bbox 231 582 1701 648; baseline 0.001 -19"><span class='ocrx_word' id='word_1_39' title='bbox 231 582 344 631; x_wconf 88' lang='lat' dir='ltr'><strong>ravit</strong></span> <span class='ocrx_word' id='word_1_40' title='bbox 375 582 595 632; x_wconf 88' lang='lat' dir='ltr'><strong>eiusmodi</strong></span> <span class='ocrx_word' id='word_1_41' title='bbox 617 583 944 632; x_wconf 86' lang='lat' dir='ltr'><strong>distinctionem</strong></span> <span class='ocrx_word' id='word_1_42' title='bbox 961 622 972 641; x_wconf 85' lang='lat'>,</span> <span class='ocrx_word' id='word_1_43' title='bbox 1000 594 1045 631; x_wconf 91' lang='lat' dir='ltr'><strong>et</strong></span> <span class='ocrx_word' id='word_1_44' title='bbox 1066 584 1143 648; x_wconf 89' lang='lat' dir='ltr'><strong>qui</strong></span> <span class='ocrx_word' id='word_1_45' title='bbox 1167 601 1265 631; x_wconf 90' lang='lat' dir='ltr'><strong>eam</strong></span> <span class='ocrx_word' id='word_1_46' title='bbox 1287 585 1592 642; x_wconf 88' lang='lat' dir='ltr'><strong>introducunt,</strong></span> <span class='ocrx_word' id='word_1_47' title='bbox 1621 586 1701 633; x_wconf 66' lang='lat' dir='ltr'><strong>ad-</strong></span> 
     </span>
     <span class='ocr_line' id='line_1_7' title="bbox 230 659 1345 724; baseline 0.001 -17"><span class='ocrx_word' id='word_1_48' title='bbox 230 669 463 707; x_wconf 84' lang='lat' dir='ltr'><strong>versantur</strong></span> <span class='ocrx_word' id='word_1_49' title='bbox 495 659 628 724; x_wconf 88' lang='lat' dir='ltr'><strong>plane</strong></span> <span class='ocrx_word' id='word_1_50' title='bbox 658 659 884 708; x_wconf 89' lang='lat' dir='ltr'><strong>doctrinae</strong></span> <span class='ocrx_word' id='word_1_51' title='bbox 915 660 1117 707; x_wconf 89' lang='lat' dir='ltr'><strong>eiusdem</strong></span> <span class='ocrx_word' id='word_1_52' title='bbox 1150 661 1345 709; x_wconf 88' lang='lat' dir='ltr'><strong>concilii.</strong></span> 
     </span>
    </p>

    <p class='ocr_par' dir='ltr' id='par_1_3' title="bbox 231 735 1707 1474">
     <span class='ocr_line' id='line_1_8' title="bbox 316 735 1695 799; baseline 0.004 -16"><span class='ocrx_word' id='word_1_53' title='bbox 316 735 436 784; x_wconf 90' lang='lat' dir='ltr'><strong>Haec</strong></span> <span class='ocrx_word' id='word_1_54' title='bbox 452 746 598 783; x_wconf 91' lang='lat' dir='ltr'><strong>autem</strong></span> <span class='ocrx_word' id='word_1_55' title='bbox 614 736 788 784; x_wconf 89' lang='lat' dir='ltr'><strong>concilii</strong></span> <span class='ocrx_word' id='word_1_56' title='bbox 806 754 931 783; x_wconf 90' lang='lat' dir='ltr'><strong>mens</strong></span> <span class='ocrx_word' id='word_1_57' title='bbox 948 736 1111 784; x_wconf 88' lang='lat' dir='ltr'><strong>clarius</strong></span> <span class='ocrx_word' id='word_1_58' title='bbox 1129 736 1402 799; x_wconf 79' lang='lat' dir='ltr'><strong>dignoscitur</strong></span> <span class='ocrx_word' id='word_1_59' title='bbox 1412 755 1466 785; x_wconf 87' lang='lat' dir='ltr'><strong>ex</strong></span> <span class='ocrx_word' id='word_1_60' title='bbox 1478 738 1695 794; x_wconf 85' lang='lat' dir='ltr'><strong>doctrina,</strong></span> 
     </span>
     <span class='ocr_line' id='line_1_9' title="bbox 232 811 1701 876; baseline 0.002 -18"><span class='ocrx_word' id='word_1_61' title='bbox 232 829 366 876; x_wconf 92' lang='lat' dir='ltr'><strong>quam</strong></span> <span class='ocrx_word' id='word_1_62' title='bbox 399 811 645 860; x_wconf 87' lang='lat' dir='ltr'><strong>canonibus</strong></span> <span class='ocrx_word' id='word_1_63' title='bbox 680 812 775 860; x_wconf 91' lang='lat' dir='ltr'><strong>suis</strong></span> <span class='ocrx_word' id='word_1_64' title='bbox 816 811 1061 875; x_wconf 85' lang='lat' dir='ltr'><strong>praemisit.</strong></span> <span class='ocrx_word' id='word_1_65' title='bbox 1095 811 1270 859; x_wconf 88' lang='lat' dir='ltr'><strong>Etenim</strong></span> <span class='ocrx_word' id='word_1_66' title='bbox 1303 813 1537 862; x_wconf 89' lang='lat' dir='ltr'><strong>concilium</strong></span> <span class='ocrx_word' id='word_1_67' title='bbox 1571 814 1701 861; x_wconf 84' lang='lat' dir='ltr'><strong>docet</strong></span> 
     </span>
     <span class='ocr_line' id='line_1_10' title="bbox 232 886 1703 950; baseline 0 -16"><span class='ocrx_word' id='word_1_68' title='bbox 232 886 456 945; x_wconf 80' lang='lat' dir='ltr'><strong>Christum</strong></span> <span class='ocrx_word' id='word_1_69' title='bbox 479 887 784 943; x_wconf 86' lang='lat' dir='ltr'><strong>sanctificasse</strong></span> <span class='ocrx_word' id='word_1_70' title='bbox 807 886 949 950; x_wconf 82' lang='lat' dir='ltr'><strong>gratia</strong></span> <span class='ocrx_word' id='word_1_71' title='bbox 972 904 1056 934; x_wconf 88' lang='lat' dir='ltr'><strong>sua</strong></span> <span class='ocrx_word' id='word_1_72' title='bbox 1078 904 1272 935; x_wconf 90' lang='lat' dir='ltr'><strong>amorem</strong></span> <span class='ocrx_word' id='word_1_73' title='bbox 1290 888 1552 944; x_wconf 86' lang='lat' dir='ltr'><strong>naturalem,</strong></span> <span class='ocrx_word' id='word_1_74' title='bbox 1574 898 1619 936; x_wconf 91' lang='lat' dir='ltr'><strong>et</strong></span> <span class='ocrx_word' id='word_1_75' title='bbox 1634 889 1703 935; x_wconf 90' lang='lat' dir='ltr'><strong>in-</strong></span> 
     </span>
     <span class='ocr_line' id='line_1_11' title="bbox 232 962 1704 1029; baseline 0.001 -19"><span class='ocrx_word' id='word_1_76' title='bbox 232 963 541 1012; x_wconf 90' lang='lat' dir='ltr'><strong>dissolubilem</strong></span> <span class='ocrx_word' id='word_1_77' title='bbox 568 963 781 1010; x_wconf 85' lang='lat' dir='ltr'><strong>unitatem</strong></span> <span class='ocrx_word' id='word_1_78' title='bbox 805 962 1015 1010; x_wconf 88' lang='lat' dir='ltr'><strong>connubii</strong></span> <span class='ocrx_word' id='word_1_79' title='bbox 1039 964 1357 1020; x_wconf 81' lang='lat' dir='ltr'><strong>confirmasse3</strong></span> <span class='ocrx_word' id='word_1_80' title='bbox 1379 982 1432 1012; x_wconf 86' lang='lat' dir='ltr'><strong>ex</strong></span> <span class='ocrx_word' id='word_1_81' title='bbox 1448 982 1537 1029; x_wconf 87' lang='lat' dir='ltr'><strong>quo</strong></span> <span class='ocrx_word' id='word_1_82' title='bbox 1555 964 1704 1014; x_wconf 86' lang='lat' dir='ltr'><strong>intulit</strong></span> 
     </span>
     <span class='ocr_line' id='line_1_12' title="bbox 231 1037 1707 1104; baseline 0.002 -18"><span class='ocrx_word' id='word_1_83' title='bbox 231 1038 558 1087; x_wconf 86' lang='lat' dir='ltr'><strong>matrimonium</strong></span> <span class='ocrx_word' id='word_1_84' title='bbox 590 1038 636 1085; x_wconf 92' lang='lat' dir='ltr'><strong>in</strong></span> <span class='ocrx_word' id='word_1_85' title='bbox 669 1037 766 1101; x_wconf 80' lang='lat' dir='ltr'><strong>lege</strong></span> <span class='ocrx_word' id='word_1_86' title='bbox 798 1037 1053 1101; x_wconf 83' lang='lat' dir='ltr'><strong>evangelica</strong></span> <span class='ocrx_word' id='word_1_87' title='bbox 1084 1039 1307 1087; x_wconf 86' lang='lat' dir='ltr'><strong>veteribus</strong></span> <span class='ocrx_word' id='word_1_88' title='bbox 1350 1039 1583 1088; x_wconf 88' lang='lat' dir='ltr'><strong>connubiis</strong></span> <span class='ocrx_word' id='word_1_89' title='bbox 1622 1048 1707 1104; x_wconf 85' lang='lat' dir='ltr'><strong>per.</strong></span> 
     </span>
     <span class='ocr_line' id='line_1_13' title="bbox 232 1114 1703 1179; baseline 0.001 -17"><span class='ocrx_word' id='word_1_90' title='bbox 232 1114 458 1162; x_wconf 87' lang='lat' dir='ltr'><strong>Christum</strong></span> <span class='ocrx_word' id='word_1_91' title='bbox 502 1124 727 1178; x_wconf 85' lang='lat' dir='ltr'><strong>praestare</strong></span> <span class='ocrx_word' id='word_1_92' title='bbox 748 1152 758 1171; x_wconf 95' lang='lat'>,</span> <span class='ocrx_word' id='word_1_93' title='bbox 809 1124 943 1179; x_wconf 87' lang='lat' dir='ltr'><strong>atque</strong></span> <span class='ocrx_word' id='word_1_94' title='bbox 986 1114 1152 1162; x_wconf 89' lang='lat' dir='ltr'><strong>idcirco</strong></span> <span class='ocrx_word' id='word_1_95' title='bbox 1186 1115 1340 1163; x_wconf 91' lang='lat' dir='ltr'><strong>merito</strong></span> <span class='ocrx_word' id='word_1_96' title='bbox 1372 1115 1703 1164; x_wconf 88' lang='lat' dir='ltr'><strong>matrimonium</strong></span> 
     </span>
     <span class='ocr_line' id='line_1_14' title="bbox 232 1189 1704 1255; baseline 0.002 -19"><span class='ocrx_word' id='word_1_97' title='bbox 232 1189 346 1237; x_wconf 88' lang='lat' dir='ltr'><strong>inter</strong></span> <span class='ocrx_word' id='word_1_98' title='bbox 378 1206 519 1237; x_wconf 87' lang='lat' dir='ltr'><strong>novae</strong></span> <span class='ocrx_word' id='word_1_99' title='bbox 551 1189 663 1252; x_wconf 81' lang='lat' dir='ltr'><strong>legis</strong></span> <span class='ocrx_word' id='word_1_100' title='bbox 697 1199 975 1238; x_wconf 85' lang='lat' dir='ltr'><strong>sacramenta</strong></span> <span class='ocrx_word' id='word_1_101' title='bbox 1002 1190 1323 1237; x_wconf 89' lang='lat' dir='ltr'><strong>connumerari.</strong></span> <span class='ocrx_word' id='word_1_102' title='bbox 1354 1190 1482 1246; x_wconf 86' lang='lat' dir='ltr'><strong>Quod</strong></span> <span class='ocrx_word' id='word_1_103' title='bbox 1506 1190 1704 1255; x_wconf 82' lang='lat' dir='ltr'><strong>profecto</strong></span> 
     </span>
     <span class='ocr_line' id='line_1_15' title="bbox 232 1266 1704 1331; baseline 0.001 -17"><span class='ocrx_word' id='word_1_104' title='bbox 232 1283 509 1331; x_wconf 87' lang='lat' dir='ltr'><strong>consequens</strong></span> <span class='ocrx_word' id='word_1_105' title='bbox 533 1283 622 1315; x_wconf 89' lang='lat' dir='ltr'><strong>non</strong></span> <span class='ocrx_word' id='word_1_106' title='bbox 645 1277 790 1323; x_wconf 89' lang='lat' dir='ltr'><strong>esset,</strong></span> <span class='ocrx_word' id='word_1_107' title='bbox 818 1266 857 1313; x_wconf 90' lang='lat' dir='ltr'><strong>si</strong></span> <span class='ocrx_word' id='word_1_108' title='bbox 881 1278 1203 1323; x_wconf 88' lang='lat' dir='ltr'><strong>sacramentum</strong></span> <span class='ocrx_word' id='word_1_109' title='bbox 1237 1277 1356 1315; x_wconf 89' lang='lat' dir='ltr'><strong>esset</strong></span> <span class='ocrx_word' id='word_1_110' title='bbox 1388 1285 1460 1315; x_wconf 86' lang='lat' dir='ltr'><strong>res</strong></span> <span class='ocrx_word' id='word_1_111' title='bbox 1493 1267 1704 1316; x_wconf 86' lang='lat' dir='ltr'><strong>distincta</strong></span> 
     </span>
     <span class='ocr_line' id='line_1_16' title="bbox 234 1342 1706 1408; baseline 0.001 -18"><span class='ocrx_word' id='word_1_112' title='bbox 234 1343 291 1402; x_wconf 84' lang='lat' dir='ltr'><strong>ab</strong></span> <span class='ocrx_word' id='word_1_113' title='bbox 313 1343 414 1408; x_wconf 85' lang='lat' dir='ltr'><strong>ipso</strong></span> <span class='ocrx_word' id='word_1_114' title='bbox 437 1342 738 1399; x_wconf 89' lang='lat' dir='ltr'><strong>matrimonio,</strong></span> <span class='ocrx_word' id='word_1_115' title='bbox 766 1360 848 1393; x_wconf 87' lang='lat' dir='ltr'><strong>seu</strong></span> <span class='ocrx_word' id='word_1_116' title='bbox 871 1360 898 1392; x_wconf 83' lang='lat' dir='ltr'><strong>a</strong></span> <span class='ocrx_word' id='word_1_117' title='bbox 919 1353 1144 1393; x_wconf 88' lang='lat' dir='ltr'><strong>contractu</strong></span> <span class='ocrx_word' id='word_1_118' title='bbox 1173 1343 1393 1406; x_wconf 79' lang='lat' dir='ltr'><strong>coniugali</strong></span> <span class='ocrx_word' id='word_1_119' title='bbox 1418 1360 1497 1407; x_wconf 90' lang='lat' dir='ltr'><strong>per</strong></span> <span class='ocrx_word' id='word_1_120' title='bbox 1523 1360 1574 1391; x_wconf 88' lang='lat' dir='ltr'><strong>se</strong></span> <span class='ocrx_word' id='word_1_121' title='bbox 1595 1343 1706 1391; x_wconf 87' lang='lat' dir='ltr'><strong>sub-</strong></span> 
     </span>
     <span class='ocr_line' id='line_1_17' title="bbox 234 1419 1637 1474; baseline 0.002 -7"><span class='ocrx_word' id='word_1_122' title='bbox 234 1419 435 1467; x_wconf 88' lang='lat' dir='ltr'><strong>sistente.</strong></span> <span class='ocrx_word' id='word_1_123' title='bbox 765 1472 767 1474; x_wconf 43' lang='grc'>,</span> <span class='ocrx_word' id='word_1_124' title='bbox 1575 1464 1578 1469; x_wconf 21' lang='grc' dir='ltr'><strong>Α</strong></span> <span class='ocrx_word' id='word_1_125' title='bbox 1633 1467 1637 1469; x_wconf 90' lang='grc'>.</span> 
     </span>
    </p>

    <p class='ocr_par' dir='ltr' id='par_1_4' title="bbox 233 1495 1709 2243">
     <span class='ocr_line' id='line_1_18' title="bbox 299 1495 1703 1559; baseline -0.001 -16"><span class='ocrx_word' id='word_1_126' title='bbox 299 1512 303 1550; x_wconf 72' lang='lat' dir='ltr'><em>g</em></span> <span class='ocrx_word' id='word_1_127' title='bbox 333 1497 379 1543; x_wconf 73' lang='lat'><strong>2.</strong></span> <span class='ocrx_word' id='word_1_128' title='bbox 418 1495 635 1544; x_wconf 89' lang='lat' dir='ltr'><strong>Probatur</strong></span> <span class='ocrx_word' id='word_1_129' title='bbox 656 1511 710 1544; x_wconf 81' lang='lat' dir='ltr'><strong>ex</strong></span> <span class='ocrx_word' id='word_1_130' title='bbox 732 1495 987 1544; x_wconf 91' lang='lat' dir='ltr'><strong>eorumdem</strong></span> <span class='ocrx_word' id='word_1_131' title='bbox 1011 1506 1296 1559; x_wconf 89' lang='lat' dir='ltr'><strong>patronorum</strong></span> <span class='ocrx_word' id='word_1_132' title='bbox 1318 1495 1566 1544; x_wconf 89' lang='lat' dir='ltr'><strong>sententiae</strong></span> <span class='ocrx_word' id='word_1_133' title='bbox 1593 1495 1703 1542; x_wconf 88' lang='lat' dir='ltr'><strong>Cani</strong></span> 
     </span>
     <span class='ocr_line' id='line_1_19' title="bbox 233 1571 1707 1637; baseline -0.003 -16"><span class='ocrx_word' id='word_1_134' title='bbox 233 1582 386 1636; x_wconf 80' lang='lat' dir='ltr'><strong>aperta</strong></span> <span class='ocrx_word' id='word_1_135' title='bbox 404 1571 619 1620; x_wconf 89' lang='lat' dir='ltr'><strong>doctrina.</strong></span> <span class='ocrx_word' id='word_1_136' title='bbox 638 1573 730 1637; x_wconf 90' lang='lat' dir='ltr'><strong>Ipsi</strong></span> <span class='ocrx_word' id='word_1_137' title='bbox 749 1572 867 1626; x_wconf 88' lang='lat' dir='ltr'><strong>enim</strong></span> <span class='ocrx_word' id='word_1_138' title='bbox 891 1588 1101 1635; x_wconf 71' lang='lat' dir='ltr'><strong>expresse</strong></span> <span class='ocrx_word' id='word_1_139' title='bbox 1122 1571 1378 1619; x_wconf 87' lang='lat' dir='ltr'><strong>inficiantur</strong></span> <span class='ocrx_word' id='word_1_140' title='bbox 1399 1572 1506 1625; x_wconf 87' lang='lat' dir='ltr'><strong>oriri</strong></span> <span class='ocrx_word' id='word_1_141' title='bbox 1524 1589 1578 1623; x_wconf 71' lang='lat' dir='ltr'><strong>,ex</strong></span> <span class='ocrx_word' id='word_1_142' title='bbox 1594 1571 1707 1623; x_wconf 68' lang='lat' dir='ltr'><strong>Cani,</strong></span> 
     </span>
     <span class='ocr_line' id='line_1_20' title="bbox 233 1645 1705 1712; baseline -0.001 -16"><span class='ocrx_word' id='word_1_143' title='bbox 233 1645 444 1712; x_wconf 83' lang='lat' dir='ltr'><strong>opinione</strong></span> <span class='ocrx_word' id='word_1_144' title='bbox 461 1686 471 1705; x_wconf 87' lang='lat'><strong>‚</strong></span> <span class='ocrx_word' id='word_1_145' title='bbox 499 1658 576 1707; x_wconf 89' lang='lat' dir='ltr'><strong>aut</strong></span> <span class='ocrx_word' id='word_1_146' title='bbox 600 1648 845 1697; x_wconf 87' lang='lat' dir='ltr'><strong>subsistere</strong></span> <span class='ocrx_word' id='word_1_147' title='bbox 868 1648 1087 1696; x_wconf 90' lang='lat' dir='ltr'><strong>eiusmodi</strong></span> <span class='ocrx_word' id='word_1_148' title='bbox 1119 1648 1450 1696; x_wconf 85' lang='lat' dir='ltr'><strong>distinctionem</strong></span> <span class='ocrx_word' id='word_1_149' title='bbox 1474 1658 1577 1712; x_wconf 85' lang='lat' dir='ltr'><strong>post</strong></span> <span class='ocrx_word' id='word_1_150' title='bbox 1597 1665 1705 1698; x_wconf 83' lang='lat' dir='ltr'><strong>con-</strong></span> 
     </span>
     <span class='ocr_line' id='line_1_21' title="bbox 234 1723 1709 1788; baseline 0 -17"><span class='ocrx_word' id='word_1_151' title='bbox 234 1723 394 1783; x_wconf 85' lang='lat' dir='ltr'><strong>fectum</strong></span> <span class='ocrx_word' id='word_1_152' title='bbox 417 1742 497 1788; x_wconf 90' lang='lat' dir='ltr'><strong>per</strong></span> <span class='ocrx_word' id='word_1_153' title='bbox 518 1724 761 1772; x_wconf 90' lang='lat' dir='ltr'><strong>sacerdotis</strong></span> <span class='ocrx_word' id='word_1_154' title='bbox 784 1724 1136 1775; x_wconf 85' lang='lat' dir='ltr'><strong>benedictionem</strong></span> <span class='ocrx_word' id='word_1_155' title='bbox 1166 1736 1507 1778; x_wconf 88' lang='lat' dir='ltr'><strong>sacramentum.</strong></span> <span class='ocrx_word' id='word_1_156' title='bbox 1536 1725 1709 1776; x_wconf 90' lang='lat' dir='ltr'><strong>Docent</strong></span> 
     </span>
     <span class='ocr_line' id='line_1_22' title="bbox 234 1789 1706 1864; baseline 0 -17"><span class='ocrx_word' id='word_1_157' title='bbox 234 1800 427 1864; x_wconf 20' lang='lat' dir='ltr'><strong>proinde(</strong></span> <span class='ocrx_word' id='word_1_158' title='bbox 454 1800 652 1847; x_wconf 90' lang='lat' dir='ltr'><strong>unanimi</strong></span> <span class='ocrx_word' id='word_1_159' title='bbox 687 1817 909 1856; x_wconf 85' lang='lat' dir='ltr'><strong>consensu</strong></span> <span class='ocrx_word' id='word_1_160' title='bbox 942 1791 1266 1856; x_wconf 79' lang='lat' dir='ltr'><strong>sacramentum</strong></span> <span class='ocrx_word' id='word_1_161' title='bbox 1301 1800 1567 1848; x_wconf 90' lang='lat' dir='ltr'><strong>matrimonii</strong></span> <span class='ocrx_word' id='word_1_162' title='bbox 1602 1789 1706 1858; x_wconf 66' lang='lat' dir='ltr'><strong>cen-‘7</strong></span> 
     </span>
     <span class='ocr_line' id='line_1_23' title="bbox 236 1874 1709 1940; baseline 0.001 -18"><span class='ocrx_word' id='word_1_163' title='bbox 236 1875 392 1922; x_wconf 81' lang='lat' dir='ltr'><strong>sistere</strong></span> <span class='ocrx_word' id='word_1_164' title='bbox 409 1874 455 1921; x_wconf 90' lang='lat' dir='ltr'><strong>in</strong></span> <span class='ocrx_word' id='word_1_165' title='bbox 475 1874 574 1939; x_wconf 91' lang='lat' dir='ltr'><strong>ipso</strong></span> <span class='ocrx_word' id='word_1_166' title='bbox 591 1875 772 1933; x_wconf 84' lang='lat' dir='ltr'><strong>vinculo</strong></span> <span class='ocrx_word' id='word_1_167' title='bbox 789 1875 964 1925; x_wconf 86' lang='lat' dir='ltr'><strong>unionis</strong></span> <span class='ocrx_word' id='word_1_168' title='bbox 982 1875 1247 1939; x_wconf 80' lang='lat' dir='ltr'><strong>coniugalis,</strong></span> <span class='ocrx_word' id='word_1_169' title='bbox 1269 1887 1312 1923; x_wconf 90' lang='lat' dir='ltr'><strong>et</strong></span> <span class='ocrx_word' id='word_1_170' title='bbox 1328 1893 1408 1940; x_wconf 91' lang='lat' dir='ltr'><strong>per</strong></span> <span class='ocrx_word' id='word_1_171' title='bbox 1424 1892 1709 1939; x_wconf 78' lang='lat' dir='ltr'><strong>consequens</strong></span> 
     </span>
     <span class='ocr_line' id='line_1_24' title="bbox 234 1951 1709 2016; baseline 0.001 -18"><span class='ocrx_word' id='word_1_172' title='bbox 234 1951 393 1998; x_wconf 89' lang='lat' dir='ltr'><strong>docent</strong></span> <span class='ocrx_word' id='word_1_173' title='bbox 414 1951 740 2000; x_wconf 86' lang='lat' dir='ltr'><strong>matrimonium</strong></span> <span class='ocrx_word' id='word_1_174' title='bbox 766 1951 887 2000; x_wconf 88' lang='lat' dir='ltr'><strong>aliud</strong></span> <span class='ocrx_word' id='word_1_175' title='bbox 910 1969 999 2000; x_wconf 89' lang='lat' dir='ltr'><strong>non</strong></span> <span class='ocrx_word' id='word_1_176' title='bbox 1023 1969 1125 1999; x_wconf 89' lang='lat' dir='ltr'><strong>esse</strong></span> <span class='ocrx_word' id='word_1_177' title='bbox 1147 1952 1235 1999; x_wconf 90' lang='lat' dir='ltr'><strong>nisi</strong></span> <span class='ocrx_word' id='word_1_178' title='bbox 1259 1962 1531 1999; x_wconf 86' lang='lat' dir='ltr'><strong>contractum</strong></span> <span class='ocrx_word' id='word_1_179' title='bbox 1555 1952 1709 2016; x_wconf 74' lang='lat' dir='ltr'><strong>ipsum,</strong></span> 
     </span>
     <span class='ocr_line' id='line_1_25' title="bbox 235 2026 1707 2090; baseline 0.001 -15"><span class='ocrx_word' id='word_1_180' title='bbox 235 2027 291 2075; x_wconf 89' lang='lat' dir='ltr'><strong>ad</strong></span> <span class='ocrx_word' id='word_1_181' title='bbox 325 2026 587 2074; x_wconf 86' lang='lat' dir='ltr'><strong>sacramenti</strong></span> <span class='ocrx_word' id='word_1_182' title='bbox 622 2026 883 2090; x_wconf 81' lang='lat' dir='ltr'><strong>dignitatem</strong></span> <span class='ocrx_word' id='word_1_183' title='bbox 916 2039 1142 2084; x_wconf 86' lang='lat' dir='ltr'><strong>evectum,</strong></span> <span class='ocrx_word' id='word_1_184' title='bbox 1171 2028 1213 2075; x_wconf 87' lang='lat' dir='ltr'><strong>vi</strong></span> <span class='ocrx_word' id='word_1_185' title='bbox 1237 2028 1364 2075; x_wconf 89' lang='lat' dir='ltr'><strong>cuius</strong></span> <span class='ocrx_word' id='word_1_186' title='bbox 1390 2028 1439 2075; x_wconf 92' lang='lat' dir='ltr'><strong>fit</strong></span> <span class='ocrx_word' id='word_1_187' title='bbox 1462 2028 1573 2079; x_wconf 89' lang='lat' dir='ltr'><strong>haec</strong></span> <span class='ocrx_word' id='word_1_188' title='bbox 1600 2028 1707 2076; x_wconf 90' lang='lat' dir='ltr'><strong>unio</strong></span> 
     </span>
     <span class='ocr_line' id='line_1_26' title="bbox 236 2103 1706 2168; baseline 0.001 -18"><span class='ocrx_word' id='word_1_189' title='bbox 236 2103 413 2166; x_wconf 79' lang='lat' dir='ltr'><strong>signum</strong></span> <span class='ocrx_word' id='word_1_190' title='bbox 446 2103 685 2168; x_wconf 85' lang='lat' dir='ltr'><strong>mysticum</strong></span> <span class='ocrx_word' id='word_1_191' title='bbox 720 2103 1042 2152; x_wconf 89' lang='lat' dir='ltr'><strong>coniunctionis</strong></span> <span class='ocrx_word' id='word_1_192' title='bbox 1058 2103 1232 2158; x_wconf 77' lang='lat' dir='ltr'><strong>Christi</strong></span> <span class='ocrx_word' id='word_1_193' title='bbox 1256 2116 1356 2151; x_wconf 90' lang='lat' dir='ltr'><strong>cum</strong></span> <span class='ocrx_word' id='word_1_194' title='bbox 1389 2104 1706 2160; x_wconf 68' lang='lat' dir='ltr'><strong>ecclesia‚,cui</strong></span> 
     </span>
     <span class='ocr_line' id='line_1_27' title="bbox 236 2177 1698 2243; baseline 0.001 -19"><span class='ocrx_word' id='word_1_195' title='bbox 236 2177 362 2241; x_wconf 82' lang='lat' dir='ltr'><strong>signo</strong></span> <span class='ocrx_word' id='word_1_196' title='bbox 395 2196 422 2226; x_wconf 88' lang='lat' dir='ltr'><strong>a</strong></span> <span class='ocrx_word' id='word_1_197' title='bbox 445 2178 621 2225; x_wconf 86' lang='lat' dir='ltr'><strong>Christo</strong></span> <span class='ocrx_word' id='word_1_198' title='bbox 654 2178 827 2228; x_wconf 84' lang='lat' dir='ltr'><strong>adnexa</strong></span> <span class='ocrx_word' id='word_1_199' title='bbox 859 2189 926 2225; x_wconf 90' lang='lat' dir='ltr'><strong>est</strong></span> <span class='ocrx_word' id='word_1_200' title='bbox 959 2178 1158 2237; x_wconf 86' lang='lat' dir='ltr'><strong>efficacia</strong></span> <span class='ocrx_word' id='word_1_201' title='bbox 1191 2179 1462 2243; x_wconf 85' lang='lat' dir='ltr'><strong>producendi</strong></span> <span class='ocrx_word' id='word_1_202' title='bbox 1493 2179 1698 2242; x_wconf 76' lang='lat' dir='ltr'><strong>gratiam.</strong></span> 
     </span>
    </p>

    <p class='ocr_par' dir='ltr' id='par_1_5' title="bbox 235 2253 1725 2695">
     <span class='ocr_line' id='line_1_28' title="bbox 331 2253 1706 2318; baseline 0.001 -18"><span class='ocrx_word' id='word_1_203' title='bbox 331 2255 396 2301; x_wconf 89' lang='lat' dir='ltr'><strong>Ita</strong></span> <span class='ocrx_word' id='word_1_204' title='bbox 430 2254 605 2318; x_wconf 85' lang='lat' dir='ltr'><strong>Sylvius</strong></span> <span class='ocrx_word' id='word_1_205' title='bbox 621 2291 631 2310; x_wconf 82' lang='lat'><strong>‚</strong></span> <span class='ocrx_word' id='word_1_206' title='bbox 669 2254 747 2318; x_wconf 91' lang='lat' dir='ltr'><strong>qui</strong></span> <span class='ocrx_word' id='word_1_207' title='bbox 779 2253 960 2301; x_wconf 83' lang='lat' dir='ltr'><strong>scribit:</strong></span> <span class='ocrx_word' id='word_1_208' title='bbox 994 2274 1016 2298; x_wconf 88' lang='lat'>«</span> <span class='ocrx_word' id='word_1_209' title='bbox 1038 2255 1093 2303; x_wconf 91' lang='lat' dir='ltr'><strong>Ut</strong></span> <span class='ocrx_word' id='word_1_210' title='bbox 1115 2265 1263 2302; x_wconf 88' lang='lat' dir='ltr'><strong>autem</strong></span> <span class='ocrx_word' id='word_1_211' title='bbox 1285 2255 1614 2309; x_wconf 75' lang='lat' dir='ltr'><strong>matrimOnium</strong></span> <span class='ocrx_word' id='word_1_212' title='bbox 1637 2265 1706 2310; x_wconf 85' lang='lat' dir='ltr'><strong>est</strong></span> 
     </span>
     <span class='ocr_line' id='line_1_29' title="bbox 236 2329 1703 2394; baseline 0.001 -18"><span class='ocrx_word' id='word_1_213' title='bbox 236 2340 559 2378; x_wconf 85' lang='lat' dir='ltr'><strong>sacramentum</strong></span> <span class='ocrx_word' id='word_1_214' title='bbox 576 2347 721 2378; x_wconf 74' lang='lat' dir='ltr'><strong>‘novae</strong></span> <span class='ocrx_word' id='word_1_215' title='bbox 745 2329 856 2393; x_wconf 83' lang='lat' dir='ltr'><strong>legis</strong></span> <span class='ocrx_word' id='word_1_216' title='bbox 870 2368 880 2386; x_wconf 89' lang='lat'>‚</span> <span class='ocrx_word' id='word_1_217' title='bbox 904 2330 966 2377; x_wconf 88' lang='lat' dir='ltr'><strong>ita</strong></span> <span class='ocrx_word' id='word_1_218' title='bbox 991 2341 1135 2394; x_wconf 89' lang='lat' dir='ltr'><strong>potest</strong></span> <span class='ocrx_word' id='word_1_219' title='bbox 1157 2331 1354 2378; x_wconf 89' lang='lat' dir='ltr'><strong>definiri:</strong></span> <span class='ocrx_word' id='word_1_220' title='bbox 1377 2331 1703 2387; x_wconf 81' lang='lat' dir='ltr'><strong>matrimonium</strong></span> 
     </span>
     <span class='ocr_line' id='line_1_30' title="bbox 235 2404 1702 2470; baseline 0.001 -20"><span class='ocrx_word' id='word_1_221' title='bbox 235 2415 303 2451; x_wconf 89' lang='lat' dir='ltr'><strong>est</strong></span> <span class='ocrx_word' id='word_1_222' title='bbox 327 2404 670 2453; x_wconf 90' lang='lat' dir='ltr'><strong>christianorum</strong></span> <span class='ocrx_word' id='word_1_223' title='bbox 693 2406 777 2454; x_wconf 84' lang='lat' dir='ltr'><strong>viri</strong></span> <span class='ocrx_word' id='word_1_224' title='bbox 795 2417 838 2453; x_wconf 88' lang='lat' dir='ltr'><strong>et</strong></span> <span class='ocrx_word' id='word_1_225' title='bbox 855 2406 1074 2454; x_wconf 89' lang='lat' dir='ltr'><strong>foeminae</strong></span> <span class='ocrx_word' id='word_1_226' title='bbox 1098 2425 1386 2470; x_wconf 89' lang='lat' dir='ltr'><strong>personarum</strong></span> <span class='ocrx_word' id='word_1_227' title='bbox 1410 2406 1702 2469; x_wconf 80' lang='lat' dir='ltr'><strong>legitimarum</strong></span> 
     </span>
     <span class='ocr_line' id='line_1_31' title="bbox 235 2481 1703 2538; baseline 0.001 -11"><span class='ocrx_word' id='word_1_228' title='bbox 235 2481 484 2529; x_wconf 85' lang='lat' dir='ltr'><strong>coniunctio</strong></span> <span class='ocrx_word' id='word_1_229' title='bbox 501 2519 511 2538; x_wconf 94' lang='lat'>‚</span> <span class='ocrx_word' id='word_1_230' title='bbox 549 2481 619 2530; x_wconf 85' lang='lat' dir='ltr'><strong>vel</strong></span> <span class='ocrx_word' id='word_1_231' title='bbox 651 2492 901 2529; x_wconf 87' lang='lat' dir='ltr'><strong>contractus</strong></span> <span class='ocrx_word' id='word_1_232' title='bbox 938 2482 1154 2529; x_wconf 89' lang='lat' dir='ltr'><strong>maritalis</strong></span> <span class='ocrx_word' id='word_1_233' title='bbox 1189 2483 1245 2529; x_wconf 90' lang='lat' dir='ltr'><strong>ad</strong></span> <span class='ocrx_word' id='word_1_234' title='bbox 1280 2483 1555 2529; x_wconf 89' lang='lat' dir='ltr'><strong>individuam</strong></span> <span class='ocrx_word' id='word_1_235' title='bbox 1587 2482 1703 2529; x_wconf 88' lang='lat' dir='ltr'><strong>vitae</strong></span> 
     </span>
     <span class='ocr_line' id='line_1_32' title="bbox 236 2553 1725 2622; baseline 0 -18"><span class='ocrx_word' id='word_1_236' title='bbox 236 2556 488 2605; x_wconf 86' lang='lat' dir='ltr'><strong>societatem</strong></span> <span class='ocrx_word' id='word_1_237' title='bbox 521 2557 796 2605; x_wconf 90' lang='lat' dir='ltr'><strong>retinendam</strong></span> <span class='ocrx_word' id='word_1_238' title='bbox 821 2557 1048 2605; x_wconf 88' lang='lat' dir='ltr'><strong>institutus</strong></span> <span class='ocrx_word' id='word_1_239' title='bbox 1064 2595 1074 2614; x_wconf 90' lang='lat'>‚</span> <span class='ocrx_word' id='word_1_240' title='bbox 1096 2567 1139 2605; x_wconf 91' lang='lat' dir='ltr'><strong>et</strong></span> <span class='ocrx_word' id='word_1_241' title='bbox 1160 2558 1347 2621; x_wconf 81' lang='lat' dir='ltr'><strong>gratiam</strong></span> <span class='ocrx_word' id='word_1_242' title='bbox 1370 2557 1580 2622; x_wconf 81' lang='lat' dir='ltr'><strong>coniuges</strong></span> <span class='ocrx_word' id='word_1_243' title='bbox 1605 2553 1725 2606; x_wconf 48' lang='lat' dir='ltr'><strong>san!</strong></span> 
     </span>
     <span class='ocr_line' id='line_1_33' title="bbox 235 2630 1295 2695; baseline 0 -16"><span class='ocrx_word' id='word_1_244' title='bbox 235 2630 500 2679; x_wconf 89' lang='lat' dir='ltr'><strong>ctificantem</strong></span> <span class='ocrx_word' id='word_1_245' title='bbox 534 2633 788 2682; x_wconf 89' lang='lat' dir='ltr'><strong>conferendi</strong></span> <span class='ocrx_word' id='word_1_246' title='bbox 822 2633 911 2680; x_wconf 88' lang='lat' dir='ltr'><strong>vim</strong></span> <span class='ocrx_word' id='word_1_247' title='bbox 945 2633 1116 2680; x_wconf 88' lang='lat' dir='ltr'><strong>habens</strong></span> <span class='ocrx_word' id='word_1_248' title='bbox 1143 2635 1295 2695; x_wconf 88' lang='lat'>(18).»</span> 
     </span>
    </p>
   </div>
   <div class='ocr_carea' id='block_1_3' title="bbox 337 2796 1110 2840">
    <p class='ocr_par' dir='ltr' id='par_1_6' title="bbox 337 2796 1110 2840">
     <span class='ocr_line' id='line_1_34' title="bbox 337 2796 1110 2840; baseline -0.001 -10"><span class='ocrx_word' id='word_1_249' title='bbox 337 2796 402 2836; x_wconf 83' lang='lat'>(18)</span> <span class='ocrx_word' id='word_1_250' title='bbox 426 2797 551 2828; x_wconf 87' lang='lat' dir='ltr'><strong>Comm.</strong></span> <span class='ocrx_word' id='word_1_251' title='bbox 567 2797 601 2829; x_wconf 86' lang='lat' dir='ltr'><strong>in</strong></span> <span class='ocrx_word' id='word_1_252' title='bbox 615 2799 722 2839; x_wconf 85' lang='lat' dir='ltr'><strong>quart.</strong></span> <span class='ocrx_word' id='word_1_253' title='bbox 740 2800 851 2832; x_wconf 79' lang='lat' dir='ltr'>XLVI.</span> <span class='ocrx_word' id='word_1_254' title='bbox 866 2797 987 2840; x_wconf 82' lang='lat' dir='ltr'><strong>suppl.</strong></span> <span class='ocrx_word' id='word_1_255' title='bbox 1003 2798 1063 2830; x_wconf 84' lang='lat' dir='ltr'><strong>art.</strong></span> <span class='ocrx_word' id='word_1_256' title='bbox 1082 2803 1110 2831; x_wconf 83' lang='lat'><strong>3.</strong></span> 
     </span>
    </p>
   </div>
  </div>
 </body>
</html>
