1912 3180
321 178 408 224 too
526 196 529 199 ·
588 190 667 222 m.
696 189 726 220 1.
756 188 868 221 secr.
898 189 1069 222 Αιτειιᾼ.
1094 189 1147 222 nz
1170 190 1343 223 numu.
1367 191 1508 224 curm.

317 272 379 318 ita
411 269 683 317 continenter
717 283 767 315 se
800 268 939 331 gessit
971 267 1187 325 ecclesia,
1224 269 1293 316 vel
1327 268 1388 316 ab
1422 271 1534 335 ipsis
1569 273 1665 319 suis
1698 277 1789 339 pri-

318 345 501 393 mordiis
524 381 534 400 ,
579 343 773 408 profecto
806 361 894 392 non
927 361 981 392 ex
1016 344 1211 392 tenebris
1248 345 1423 393 mediae
1456 347 1615 396 aetatis
1650 352 1788 414 repeti

318 423 428 469 haec
460 420 559 467 eius
594 419 755 483 agendi
790 419 901 468 ratio
933 431 1077 485 potest
1110 421 1404 483 (82).Verum
1432 422 1582 472 clavus
1607 424 1690 472 hic
1722 437 1793 474 est

318 497 404 545 alte
429 496 543 544 fixus
566 496 790 544 mentibus
813 497 1011 544 omnium
1034 497 1252 545 ecclesiae
1267 498 1642 562 impugnatorum,
1666 519 1790 565 prae-

316 573 468 622 sertim
501 590 606 621 vero
639 572 945 636 leguIeiorum,
982 573 1149 637 quique
1184 573 1327 622 factus
1360 585 1428 622 est
1460 593 1578 623 unus
1602 593 1655 624 ex
1680 577 1791 626 locis

318 648 628 697 communibus
662 648 1137 713 pseudo-politicorum
1167 687 1178 704 ‚
1225 649 1427 714 adeoque
1466 661 1510 698 et
1547 652 1788 702 adversarii

315 743 509 791 quocum
553 743 712 773 manus
743 725 1056 781 conserimus,
1094 725 1171 789 qui
1214 726 1260 772 in
1300 725 1418 774 bello
1459 738 1611 776 contra
1649 730 1790 778 eccle-

316 803 431 851 siam
465 802 522 851 ad
555 802 673 850 idem
705 802 840 850 medii
875 802 973 849 aevi
1007 803 1359 866 promptuarium
1393 804 1608 868 confugit.

412 880 462 926 V.
502 879 666 936 Quinta
709 878 898 926 assertio
933 895 1061 926 suam
1106 878 1240 927 habet
1271 879 1371 927 suh
1389 880 1542 945 aliquo
1586 893 1788 948 respectu

315 955 545 1003 veritatem
562 992 572 1011 ,
601 971 715 1019 quae
739 964 885 1001 tamen
908 954 1000 1002 vim
1026 954 1193 1002 nullam
1218 954 1352 1003 habet
1369 955 1415 1002 in
1433 956 1626 1005 favorem
1646 957 1789 1006 thesis

318 1042 618 1097 propagnatae
649 1029 706 1077 ab
740 1029 1010 1078 adversario.
1048 1031 1208 1078 Verum
1249 1031 1398 1096 itaque
1431 1042 1525 1089 est,
1563 1033 1790 1082 matrimo-

319 1107 444 1154 nium
478 1106 611 1154 etiam
645 1105 937 1154 christianum
959 1144 971 1163 ,
1010 1123 1063 1154 ac
1096 1116 1329 1171 propterea
1373 1118 1593 1172 quatenus
1639 1126 1790 1158 sacra-

315 1181 511 1232 mentum
535 1193 620 1239 est,
650 1200 738 1231 non
771 1183 964 1231 mutuari
998 1183 1192 1231 valorem
1227 1202 1357 1232 suum
1381 1202 1408 1233 a
1431 1185 1518 1233 ritu
1552 1185 1782 1250 religiose,

318 1277 399 1308 seu
432 1277 460 1307 a
492 1259 826 1307 consecratione
859 1260 1091 1324 religiosa,
1121 1278 1281 1325 nempe
1314 1278 1342 1308 a
1375 1261 1684 1310 benedictione
1715 1280 1789 1311 sa-

315 1335 527 1384 cerdotali
547 1373 558 1392 ,
595 1335 894 1384 abstrahendo
928 1336 985 1384 ab
1018 1336 1232 1385 ecclesiae
1264 1337 1360 1400 lege
1376 1375 1386 1394 ,
1426 1337 1510 1385 hoc
1544 1338 1663 1385 enim
1697 1355 1786 1387 non

317 1411 461 1460 solum
479 1411 594 1459 ultro
612 1411 772 1460 damus
788 1450 798 1468 ,
825 1429 977 1460 verum
1000 1412 1132 1459 etiam
1157 1411 1286 1477 plene
1309 1413 1634 1461 contendimus.
1657 1413 1785 1470 Quod

315 1489 361 1535 in
380 1487 477 1536 sola
495 1488 761 1536 sacerdotali
785 1488 1090 1536 benedictione
1113 1489 1328 1536 consistat
1350 1499 1678 1537 sacramentum
1696 1507 1788 1538 ma·

317 1564 513 1612 trimonii
531 1602 541 1621 ,
580 1582 670 1612 una
703 1575 772 1612 est
803 1582 856 1612 ex
888 1564 1092 1612 thesibus
1115 1582 1142 1612 a
1166 1565 1242 1612 Pio
1269 1565 1342 1611 IX.
1367 1565 1598 1629 speciatim
1628 1567 1787 1630 positis

315 1641 362 1688 in
395 1640 678 1689 damnatione
712 1658 895 1706 operum
936 1642 998 1689 Io.
1036 1641 1334 1705 Nepomuceni
1369 1642 1512 1707 Nuytz
1536 1679 1547 1698 ,
1584 1642 1785 1707 adeoque

315 1717 477 1765 sinceri
516 1717 722 1765 catholici
764 1717 956 1781 theologi
996 1717 1126 1781 longe
1159 1717 1320 1765 absunt
1353 1717 1410 1765 ab
1445 1717 1530 1765 hac
1561 1719 1778 1767 doctrina.

317 1792 536 1850 Quocirca
563 1793 686 1841 nulla
708 1804 804 1841 erat
825 1794 936 1841 ratio
958 1810 1096 1858 quare
1125 1794 1326 1841 minister
1360 1795 1630 1843 taurinensis
1654 1795 1786 1844 nobis

315 1880 605 1934 proponeret,
646 1887 779 1934 posse
810 1869 1139 1918 matrimonium
1174 1870 1416 1918 consistere
1454 1870 1551 1918 sine
1586 1871 1672 1918 ritu
1705 1887 1785 1919 seu

315 1947 644 1994 consecratione
673 1946 897 2011 religiosa.
927 1946 977 1993 Id
1002 1946 1262 1993 iamdudum
1298 1963 1561 1995 noveramus
1594 1964 1648 1994 ex
1681 1964 1785 1996 con·

315 2022 451 2087 iugiis
484 2022 773 2070 clandestinis
791 2060 801 2079 ,
830 2039 945 2087 quae
978 2022 1064 2070 suh
1096 2022 1391 2070 anathematis
1426 2023 1786 2071 interminatione

314 2099 509 2147 decrevit
542 2099 828 2147 tridentinum
864 2099 1069 2147 habenda
1096 2116 1197 2147 esse
1218 2108 1268 2146 ut
1288 2116 1393 2146 vera
1426 2109 1470 2146 et
1503 2110 1599 2147 rata
1634 2100 1786 2147 matri·

316 2174 466 2223 monia
487 2213 497 2230 ‚
536 2174 582 2221 id
616 2185 711 2232 est,
750 2185 1031 2222 sacramenta
1049 2212 1059 2232 ,
1098 2174 1313 2240 quamdiu
1345 2191 1398 2222 ea
1430 2175 1622 2223 ecclesia
1663 2175 1785 2223 irrita

315 2268 402 2299 non
428 2250 606 2307 fecerit;
645 2250 844 2316 idipsum
879 2250 1175 2299 noscebamus
1207 2267 1260 2297 ex
1287 2249 1378 2298 illis
1411 2250 1617 2299 omnibus
1652 2251 1785 2299 ratio·

411 2426 477 2468 (82)
498 2427 642 2460 Ecclesia
661 2427 837 2460 christiana
857 2427 972 2460 debuit
994 2427 1174 2460 necessario
1186 2428 1227 2460 ab
1242 2428 1318 2469 ipsis
1333 2427 1401 2460 suis
1415 2427 1515 2460 initiis
1536 2427 1671 2459 inveniri
1684 2426 1717 2458 ln
1730 2427 1784 2459 ad·

316 2480 448 2512 modum
463 2480 590 2513 difficili
605 2480 762 2521 positione
784 2481 929 2521 respectu
950 2479 1159 2521 legislationis
1178 2489 1341 2521 romanae,
1361 2481 1606 2520 ceterarumque
1620 2479 1785 2512 nationum

313 2541 409 2573 penes
424 2541 507 2573 quas
520 2532 715 2574 penetravit,
732 2540 770 2564 ac
785 2532 818 2563 in
832 2533 932 2564 tacita
947 2532 1098 2564 antithesi
1116 2532 1283 2564 doctrinae
1294 2541 1371 2564 suae
1384 2540 1458 2564 cum
1472 2530 1596 2571 legibus
1606 2554 1615 2570 ,
1635 2539 1718 2571 quae
1731 2533 1788 2563 aut

314 2585 397 2617 latae
424 2588 531 2626 erant,
561 2587 618 2618 aut
646 2585 934 2626 promulgabantur
957 2593 976 2616 a
998 2585 1198 2626 principibus
1225 2585 1372 2618 ethnicis.
1388 2585 1435 2617 Ut
1449 2584 1536 2616 enim
1562 2583 1790 2616 animadvertit

313 2638 496 2679 Doellinger
516 2639 549 2670 in
569 2648 624 2680 op.
644 2639 686 2671 et.
709 2638 774 2670 loc.
796 2638 851 2670 cit.
868 2637 1076 2679 Hippolytus
1104 2637 1179 2671 und
1202 2637 1398 2678 Gallixtus,
1421 2637 1583 2669 interdum
1608 2637 1788 2670 necessario

312 2691 382 2722 rata
396 2690 514 2724 habere
526 2691 638 2724 debuit
655 2691 880 2731 matrimonia,
894 2699 978 2732 quae
990 2699 1010 2722 a
1023 2690 1148 2732 legibus
1163 2690 1407 2724 infirmabantur
1417 2714 1426 2729 ,
1444 2698 1482 2722 ac
1494 2690 1620 2722 irritare
1631 2699 1687 2730 ea,
1702 2698 1786 2735 quae

314 2751 333 2774 a
346 2742 469 2783 legibus
483 2744 713 2784 probabantur.
735 2743 835 2776 cuius
850 2743 897 2776 rei
910 2743 1057 2784 exempla
1070 2743 1328 2776 luculentissima
1341 2742 1471 2775 exhibet
1483 2768 1492 2784 ,
1506 2752 1589 2784 quae
1603 2752 1662 2776 nos
1675 2742 1785 2776 assere·

313 2803 401 2835 mus,
415 2803 489 2828 cum
507 2796 568 2828 hoc
583 2795 623 2828 de
639 2797 827 2834 argumento
841 2804 973 2836 agemus
989 2796 1021 2828 in
1035 2796 1184 2836 proximo
1201 2795 1294 2828 libro.
