1918 3186
365 191 453 234 106
617 204 697 235 Lm.
727 204 756 234 1.
785 202 897 233 secr.
927 201 957 232 ι.
987 201 1039 233 nr.
1074 201 1249 234 mrum.
1280 201 1568 234 SAanunNro.

366 295 491 330 nocte
523 299 601 346 pro
635 279 878 328 reverentia
911 279 1111 327 eiusdem
1150 279 1469 327 benedictionis
1503 280 1549 326 in
1583 280 1833 343 virginitate

367 376 450 406 sua
483 366 816 422 permaneant.»
845 355 909 403 Ex
942 356 1106 421 quibus
1140 356 1287 403 verbis
1322 355 1367 402 id
1401 373 1539 403 unum
1578 356 1798 420 colligitur
1819 395 1830 414 ‚

364 434 712 481 benedictionem
737 432 1055 481 sacerdotalem
1082 450 1183 480 esse
1202 450 1340 479 unum
1364 450 1417 479 ex
1441 432 1599 479 ritibus
1626 433 1671 479 in
1695 432 1836 480 eccle-

367 511 434 558 sia
467 509 668 557 adhiberi
699 508 839 556 solitis
863 509 909 555 in
933 509 1126 572 coniugii
1151 509 1470 564 celebratione;
1500 526 1581 556 nec
1604 509 1735 557 refert
1758 527 1837 574 per

365 603 418 632 ea
441 585 601 641 statui,
634 595 683 631 ut
700 602 781 649 pro
804 586 1040 631 reverentia
1071 584 1370 631 benedictionis
1406 585 1547 648 prima
1580 585 1835 649 nuptiarum

366 672 491 709 nocte
520 661 728 725 coniuges
753 679 802 709 se
824 661 1098 716 contineant,
1137 660 1182 706 in
1216 660 1379 724 quibus
1414 660 1564 725 plures
1599 678 1653 708 ex
1686 677 1835 708 recen-

366 739 553 786 tioribus
586 739 675 787 vim
709 739 982 786 constituunt
1015 738 1071 784 ad
1105 738 1394 785 evincendum
1440 757 1519 803 per
1551 756 1648 786 eam
1683 739 1836 786 matri-

365 814 500 862 monii
525 820 848 862 sac'ramentum
873 813 1048 878 perfici3
1078 823 1149 860 ast
1171 812 1357 870 frustra3
1387 814 1607 878 siquidem
1622 853 1632 871 ‚
1660 825 1710 861 ut
1727 814 1837 862 scite

366 890 599 955 perpendit
631 890 893 945 Martenius,
931 888 1116 953 perinde
1148 899 1242 945 est,
1270 906 1322 936 ac
1345 889 1384 935 si
1407 889 1648 937 diceretur:
1671 908 1754 954 pro
1777 907 1838 937 re-

365 969 556 1014 verentia
588 966 848 1013 sacramenti
881 967 964 1028 (9).
989 965 1092 1012 Ideo
1123 982 1226 1013 vero
1262 965 1399 1012 solius
1434 965 1753 1014 benedictionis
1788 966 1839 1013 fit

365 1043 527 1090 mentio
561 1043 607 1089 in
640 1042 827 1090 concilio
860 1040 1214 1104 carthaginensi,
1266 1042 1372 1106 quia
1406 1059 1485 1105 per
1517 1059 1615 1089 eam
1649 1042 1838 1089 maxime

363 1118 598 1183 patefiebat
616 1118 884 1166 celebratum
907 1117 1162 1181 coniugium
1185 1118 1231 1164 in
1255 1118 1367 1166 facie
1391 1117 1624 1174 ecclesiae,
1652 1129 1837 1183 eratque

366 1194 488 1242 cordi
512 1193 699 1241 concilio
732 1193 852 1240 illam
886 1192 1117 1250 extollere,
1146 1211 1202 1241 ne
1225 1193 1379 1241 fideles
1413 1211 1511 1241 eam
1546 1193 1831 1257 negligerent,

367 1270 568 1318 Ceterum
588 1287 644 1316 ne
658 1269 841 1317 verbum
865 1269 1043 1334 quidem
1067 1269 1255 1317 habetur
1271 1270 1317 1316 in
1335 1270 1469 1318 allato
1492 1270 1667 1318 concilii
1691 1280 1833 1323 textu,

365 1364 454 1412 quo
495 1347 744 1393 insinuetur
789 1363 868 1411 per
910 1346 1261 1394 benedictionem
1295 1347 1451 1394 confici
1491 1357 1831 1394 sacramentum.

363 1423 587 1471 Laudatus
622 1423 860 1470 Martenius
890 1423 1081 1470 ostendit
1103 1440 1269 1470 morem
1294 1422 1540 1470 servandae
1563 1423 1609 1468 in
1634 1422 1838 1486 coniugio

365 1499 659 1547 continentiae
676 1517 786 1556 una,
809 1498 1000 1556 duabus,
1023 1498 1219 1546 tribusve
1242 1499 1445 1546 noctibus
1470 1498 1766 1547 introductum
1783 1498 1840 1546 ab

367 1575 704 1623 immemorabili
740 1576 785 1622 in
817 1575 1050 1623 ecclesiam
1084 1575 1224 1622 fuisse
1257 1592 1310 1622 ex
1344 1575 1507 1622 Tobiae
1539 1574 1763 1639 exemplo,
1790 1586 1840 1622 ut

365 1652 411 1699 in
446 1652 607 1700 Tobiae
639 1652 751 1700 libro
784 1652 965 1715 legitur,
1004 1668 1056 1698 ac
1089 1651 1263 1699 diverse
1305 1651 1440 1698 variis
1475 1651 1521 1696 in
1555 1650 1755 1697 ecclesiis
1794 1661 1839 1698 et

364 1729 552 1777 diversis
587 1728 857 1793 temporibus
881 1745 977 1776 eam
1001 1727 1284 1792 disciplinam
1312 1737 1530 1775 servatam
1553 1726 1695 1773 fuisse
1716 1727 1832 1788 (10).

363 1805 476 1853 Hinc
520 1815 564 1853 et
601 1805 674 1853 hic
718 1815 861 1853 textus
908 1822 995 1853 non
1035 1815 1102 1852 est
1140 1804 1196 1851 ad
1238 1821 1352 1860 rem,
1396 1821 1448 1851 ac
1487 1802 1674 1867 proinde
1708 1819 1838 1867 sepo-

364 1882 554 1931 nendus.
1771 1935 1775 1941 .

461 1957 656 2006 Octavus
684 1969 752 2005 est
774 1957 945 2006 concilii
969 1957 1260 2021 lugdunensis
1285 1957 1403 2022 apud
1422 1956 1675 2003 Gratianum
1695 1955 1839 2002 Causa

361 2035 526 2081 XXXV.
562 2045 735 2100 quaest.
762 2037 805 2082 2.
830 2045 872 2083 et
891 2037 934 2081 3.
964 2034 1111 2099 (apud
1135 2034 1305 2082 Canum
1330 2044 1498 2081 tantum
1530 2035 1602 2094 3.)
1631 2049 1730 2096 cap.
1756 2033 1833 2077 19.

364 2110 508 2158 Nulli.
539 2111 606 2157 En
630 2111 803 2159 concilii
824 2121 1018 2164 textum:
1046 2110 1200 2157 «Nulli
1218 2128 1271 2157 ex
1290 2109 1619 2174 propinquitate
1643 2107 1713 2155 sui
1739 2124 1837 2154 san-

365 2187 515 2250 guinis
543 2206 688 2253 usque
711 2188 767 2236 ad
794 2188 1029 2253 septimum
1063 2187 1249 2251 gradum
1283 2203 1443 2234 uxores
1476 2186 1663 2233 ducant:
1693 2201 1836 2249 neque

369 2263 467 2311 sine
498 2263 805 2312 benedictione
839 2265 1095 2312 sacerdotis.
1126 2264 1211 2321 Qui
1245 2274 1392 2311 autem
1426 2261 1607 2327 nupturi
1630 2271 1783 2317 erunt,
1811 2279 1836 2307 a

365 2339 595 2387 sacerdote
626 2339 845 2387 benedicti
880 2340 1046 2387 nubere
1079 2340 1298 2387 audeant.
1323 2378 1330 2385 .
1356 2355 1464 2386 .nec
1495 2337 1621 2405 aliter
1650 2354 1835 2402 praesu-

362 2426 531 2462 mant.»
554 2416 722 2480 Nempe
745 2415 954 2463 iubentur
987 2415 1153 2463 nubere
1178 2415 1223 2462 in
1248 2415 1360 2462 facie
1391 2414 1626 2470 ecclesiae,
1656 2422 1699 2459 et
1722 2411 1834 2458 nihil

364 2491 575 2555 amplius.
611 2491 720 2539 Cum
755 2491 889 2555 igitur
922 2509 1008 2539 non
1043 2491 1164 2538 aliud
1199 2501 1341 2538 textus
1377 2491 1449 2537 hic
1483 2489 1726 2553 significet,
1766 2506 1837 2536 se-

362 2567 598 2630 ponendus
639 2578 682 2615 et
715 2568 814 2632 ipse
847 2577 929 2615 est.

460 2713 506 2754 (9)
524 2716 574 2746 De
595 2716 749 2757 antiquis
764 2715 849 2748 eccl.
865 2714 1047 2747 ritib.libri
1058 2712 1191 2747 secundi
1204 2714 1287 2754 part.
1297 2714 1338 2744 11.
1351 2722 1380 2745 c.
1391 2714 1447 2745 lx.
1461 2714 1521 2745 art.
1539 2715 1593 2745 lv.
1609 2723 1641 2746 n.
1660 2718 1670 2746 1
1688 2722 1778 2754 seqq.

460 2766 631 2807 (10)1bid.
660 2768 814 2805 Quinimo
842 2767 895 2800 hic
925 2767 993 2808 ipse
1021 2767 1133 2799 auctor
1160 2765 1389 2799 animadvertit
1421 2766 1581 2798 eiusmodi
1604 2766 1833 2799 continent-iam

360 2819 464 2859 prima
484 2820 670 2861 nuptiarum
687 2823 780 2854 nocte
794 2821 834 2854 ab
849 2820 986 2854 ethnicis
1001 2820 1079 2861 ipsis
1098 2819 1259 2852 interdum
1276 2820 1434 2851 servatam
1451 2819 1559 2852 fuisse.
