1918 3186
272 188 360 220 cu.
393 189 422 219 1.
453 186 546 219 ΛΒΤ.
576 187 606 218 1.
627 186 678 217 m:
701 186 900 218 VEmTATE
925 187 1099 220 SAanu.
1124 186 1177 218 EX
1202 186 1315 218 ECCL.
1339 186 1484 218 noem.
1583 171 1640 217 17

171 266 300 330 Tales
335 276 438 313 sunt
470 262 764 330 Tertullianus
782 301 791 319 ,
821 264 897 328 qui
922 264 1109 328 loquens
1143 264 1200 311 de
1232 264 1438 327 coniugio
1473 264 1518 309 in
1553 271 1642 328 quo

169 341 280 388 alter
312 340 565 403 coniugum'
584 356 637 386 ex
672 339 933 403 paganismo
967 340 1023 386 ad
1059 330 1644 391 fidemchristianam-'con-

168 417 370 472 vertitur,
395 416 482 462 ait:
513 435 536 460 α
553 415 598 461 Si
615 420 726 478 vergo
750 426 892 462 ratum
916 425 985 462 est
1007 407 1127 479 apud
1149 417 1291 463 Deum
1316 415 1647 464 matrimonium

169 491 450 548 huiusmodi,
490 508 569 538 cur
608 509 696 539 non
730 502 773 538 et
805 508 1016 556 prospere
1055 492 1205 549 cedat,
1245 504 1293 539 ut
1326 492 1575 557 pressuris,
1603 503 1646 540 et

170 567 415 631 angustiis,
442 577 486 614 et
518 567 872 631 impedimentis,
899 578 943 613 et
977 559 1324 632 inquinamentis
1360 585 1448 615 non
1484 569 1545 615 ita
1580 567 1646 615 la-

168 633 397 699 cessatur,
442 642 614 689 habens
655 643 743 690 iam
782 660 835 689 ex
873 653 998 706 parte
1037 642 1215 690 divinae
1253 643 1421 706 gratiae
1456 643 1648 708 patroci-

168 718 291 766 nium
320 720 415 781 (50)
430 718 455 764 ?
470 738 492 763 »
521 719 804 766 Innocentius
827 730 931 766 vero
954 719 990 764 Ι.
1014 718 1191 765 scribit:
1224 738 1246 764 «
1263 719 1504 766 Statuimus
1520 752 1535 776 ,ι
1559 719 1648 766 fide

166 794 385 843 catholica
408 795 703 859 suffragante,
731 795 841 842 illud
864 811 964 842 esse
987 794 1265 858 coniugium,
1295 795 1414 859 quod
1439 806 1533 843 erat
1556 796 1647 860 pri-

168 871 302 920 mitus
327 872 470 935 gratia
493 871 646 919 divina
663 871 894 919 fundatum
916 872 1034 933 (51).
1054 891 1078 916 »
1100 871 1301 936 ldipsum
1325 870 1460 918 habet
1482 868 1649 919 sssAm-

169 947 346 995 brosius
368 986 378 1005 ,
423 948 501 1013 qui
551 967 574 993 «
600 948 952 1011 Cognoscimus,
997 948 1173 1012 inquit,
1217 947 1351 995 veluti
1399 948 1647 1012 praesulem

170 1024 487 1089 custodemque
520 1024 713 1087 coniugii
747 1041 848 1072 esse
883 1025 1051 1081 Deum,
1079 1024 1157 1088 qui
1193 1041 1281 1072 non
1315 1025 1511 1088 patiatur
1542 1025 1650 1072 alte-

170 1107 268 1147 rum
291 1096 654 1166 thorum'pollui3
676 1111 721 1148 et
740 1101 779 1148 si
797 1101 875 1165 qui
901 1101 1052 1149 fecerit
1075 1117 1260 1165 peccare
1283 1118 1383 1148 eum
1407 1101 1453 1147 in
1477 1102 1643 1157 Deum,

169 1177 297 1225 cuius
332 1177 472 1241 legem
505 1177 665 1233 violat,
693 1179 883 1241 qratiam
915 1179 1083 1225 solvat:
1111 1187 1154 1224 et
1176 1177 1277 1224 ideo
1311 1177 1418 1242 quia
1441 1179 1486 1224 in
1509 1178 1649 1225 Deum

169 1264 350 1325 peccat,
379 1255 642 1325 sacramenti
667 1253 871 1301 caelestis
894 1254 1056 1302 amittit
1086 1254 1356 1302 consortium
1389 1255 1505 1316 (52);
1515 1273 1549 1299 »
1585 1253 1651 1301 lo-

170 1330 334 1394 quitur
354 1342 504 1379 autem
539 1349 578 1378 s.
607 1331 796 1387 Doctor,
834 1340 883 1377 ut
915 1340 1037 1395 patet
1069 1347 1122 1377 ex
1155 1330 1368 1378 orationis
1412 1330 1554 1386 serie,
1593 1330 1650 1376 de

171 1405 458 1463 christianis,
487 1423 540 1453 ac
573 1406 760 1471 proinde
793 1406 849 1452 de
882 1406 1025 1469 gratia
1058 1405 1396 1462 sacramentali,
1435 1401 1480 1452 in
1515 1423 1650 1470 quam

171 1493 326 1545 peccat
357 1482 434 1546 qui
469 1474 795 1529 matrimonium
830 1481 1040 1529 foeditate
1074 1481 1224 1547 aliqua
1265 1481 1501 1565 deturpat..¹

269 1558 368 1605 Huc
401 1557 572 1606 accedit
604 1569 763 1623 quarta
796 1557 957 1606 classis
992 1569 1193 1622 patrum,
1222 1575 1338 1623 quae
1371 1574 1424 1604 ex
1459 1557 1515 1604 iis
1547 1574 1651 1605 con-

168 1626 396 1691 stituitur,
424 1634 502 1699 qui
518 1634 798 1698 coniugium
805 1651 973 1699 pressa
986 1634 1310 1697 significatione
1340 1643 1652 1680 sacramentum

171 1720 350 1780 vocant,
363 1710 444 1781 uti
478 1710 638 1757 iterum
672 1704 993 1767 Tertullianus,
1022 1710 1100 1775 qui
1124 1709 1379 1774 improbans
1413 1709 1652 1772 bigamiam

174 1776 480 1834 successivam
499 1786 675 1834 scribit:
702 1807 734 1832 «
742 1787 825 1834 Ut
814 1787 948 1851 igitur
970 1787 1016 1833 in
1035 1787 1223 1834 Domino
1239 1786 1382 1833 nubas
1406 1785 1651 1833 secundum

176 1861 336 1926 legem
349 1874 410 1911 6ι
404 1856 675 1928 Apostolum
703 1865 768 1927 (si
803 1875 949 1912 tamen
982 1864 1074 1912 vel
1087 1864 1173 1911 hoc
1204 1865 1390 1924 curas),
1418 1861 1565 1926 qualis
1602 1879 1651 1908 es

178 1936 237 1983 id
255 1930 583 1987 matrimonium
617 1940 875 2025 postulans,
904 1941 1022 2016 quod
1057 1940 1124 1987 eis
1163 1957 1190 1987 a
1229 1938 1394 2004 quibus
1418 1937 1620 2002 postulas
1637 1976 1647 1994 ‚

178 2029 286 2060 non
299 2008 419 2060 licet
431 2015 622 2071 habere3
656 2015 740 2063 ab
748 2012 960 2081 episcopo
980 2032 1279 2079 monogamo,
1320 2032 1347 2061 a
1380 2013 1652 2096 presbyteris

179 2099 222 2135 et
254 2084 454 2137 diaconis
489 2086 677 2138 eiusdem
706 2095 992 2148 sacramenti,
1022 2111 1049 2140 a
1082 2092 1230 2139 viduis
1264 2107 1453 2155 quarum
1488 2100 1652 2137 sectam

180 2164 224 2210 in
259 2175 301 2211 te
335 2165 586 2213 recusasti?
612 2163 737 2230 (53)
752 2188 792 2213 »
790 2166 911 2216 Item
946 2187 984 2216 s.
1001 2167 1131 2216 Leo
1149 2168 1206 2213 M.
1234 2167 1359 2231 ‚qui
1392 2176 1652 2214 ostensurus

179 2240 301 2288 aliud
325 2237 426 2289 esse
449 2259 629 2290 uxorem
644 2281 654 2299 ‚
682 2240 803 2290 aliud
825 2242 934 2291 vero*
952 2243 1262 2300 concubinam,
1290 2242 1471 2302 scribit:
1505 2246 1527 2287 ὲ(
1544 2242 1653 2289 Cum

181 2317 371 2365 societas
406 2314 660 2382 nuptiarum
693 2319 755 2366 ita
787 2319 843 2366 ab
866 2317 1005 2368 'initio
1038 2320 1276 2367 constituta
1303 2319 1385 2377 sit,
1412 2329 1462 2366 ut
1484 2329 1655 2382 praeter

181 2410 366 2440 sexuum
411 2393 774 2443 coniunctionem
808 2396 991 2443 haberet
1023 2397 1068 2442 in
1103 2396 1353 2443 seChristi
1384 2405 1424 2441 et
1457 2395 1654 2441 ecclesiae

180 2480 516 2526 sacramentum,
540 2471 725 2519 dubium
749 2490 837 2520 non
861 2484 929 2520 est
951 2490 1048 2520 eam
1072 2472 1300 2520 mulierem
1326 2489 1411 2519 non
1438 2470 1654 2535 pertinere

278 2630 343 2670 (50)
365 2629 436 2662 Lib.
458 2631 499 2662 11.
519 2630 572 2663 Ad
594 2639 696 2663 uxor.
718 2640 789 2672 cap.
805 2633 875 2663 Vll.
893 2631 945 2664 ed.
959 2631 1077 2673 Rigalt.

279 2682 345 2722 (51)
363 2683 466 2724 Epist.
483 2685 626 2716 xxxvl.
643 2683 690 2716 ad
705 2683 871 2716 Probum.
892 2684 986 2726 Apud
1004 2684 1161 2716 coustant
1179 2683 1242 2716 col.
1264 2688 1335 2716 91⁰.

282 2734 349 2774 (52)
367 2735 440 2768 Lib.
458 2737 484 2767 1.
499 2737 550 2768 De
565 2735 742 2769 Abraham
753 2745 783 2769 c.
797 2739 869 2769 Vll.
885 2746 917 2769 n.
934 2742 973 2770 59

284 2785 348 2826 (53)
371 2789 420 2819 De
437 2790 657 2829 monoqamia
676 2797 748 2829 cap.
765 2789 820 2821 xl.
837 2788 888 2822 ed.
907 2788 963 2821 cit.
