1912 3180
271 177 359 222 424
522 192 602 222 tm.
631 190 674 219 11.
706 187 818 219 sacr.
847 187 1017 218 Ausim.
1046 187 1098 219 m:
1131 186 1303 220 inrum.
1338 187 1476 220 clvtu.

364 269 472 315 Cum
517 282 621 313 vero
655 264 843 311 fateatur
875 274 1019 311 orator
1052 263 1191 327 legem
1227 264 1319 311 fore
1351 265 1724 323 anticatholicam,

269 349 308 393 si
344 346 464 390 iuxta
497 341 739 389 catholicos
764 340 934 387 nullum
959 340 1079 388 aliud
1108 340 1361 404 coniugium
1395 342 1593 390 fidelium
1627 344 1732 393 vali-

268 422 372 467 dum
409 419 488 474 sit,
528 418 615 465 nisi
650 417 770 482 quod
795 417 842 463 in
867 417 979 464 facie
1003 416 1214 464 ecclesiae
1238 416 1482 465 celebratur
1499 456 1509 475 ,
1542 436 1731 484 cumque

268 497 325 544 sit
342 495 615 559 exploratum
629 532 638 550 ,
654 494 922 558 ubicumque
943 493 1233 558 promulgatio
1251 492 1403 540 habita
1418 504 1486 542 est
1503 495 1729 542 tridentini

268 572 456 627 decreti,
494 570 662 617 nullum
697 569 878 617 omnino
901 586 953 616 ac
982 568 1224 616 invalidum
1248 586 1348 616 esse
1376 570 1724 628 matrimonium,

268 649 386 713 quod
420 665 568 695 coram
603 646 796 711 parocho
831 664 917 693 non
952 644 1082 692 suerit
1114 644 1401 702 celebratum,
1441 646 1634 710 profecto
1672 665 1725 696 ex

268 727 367 790 ipsa
399 724 586 772 oratoris
620 723 922 777 confessione,
963 738 1033 768 res
1066 731 1186 768 esset
1220 721 1350 785 plane
1383 721 1596 770 confecta.

363 801 430 847 Ad
455 800 501 847 id
523 817 626 848 vero
650 799 768 864 quod
794 798 876 854 ait,
904 796 1088 860 intelligi
1114 815 1201 845 non
1228 815 1359 862 posse
1384 798 1606 863 quomodo
1636 816 1732 847 ma-

267 877 522 925 trimonium
538 914 548 933 ,
587 875 705 940 quod
731 892 809 938 per
832 890 881 920 se
903 883 971 920 est
994 884 1268 930 contractus,
1297 874 1429 922 simul
1452 891 1504 921 ac
1532 886 1727 923 evectum

268 954 349 1001 fuit
382 954 436 1000 ad
472 951 736 1000 sacramenti
761 950 1042 1013 dignitatem,
1075 949 1372 1013 inseparabile
1398 951 1587 999 evaserit
1609 969 1636 999 a
1658 969 1733 1000 sae

267 1040 513 1084 eramento,
546 1038 678 1092 atque
713 1043 740 1073 a
772 1025 892 1073 civili
927 1035 1141 1089 potestate
1175 1025 1304 1074 fuerit
1338 1026 1607 1077 subtractum
1622 1045 1736 1085 ,re--

269 1104 537 1170 spondemus
573 1098 845 1150 connubium
879 1118 978 1149 esse
1013 1112 1282 1149 contractum
1317 1103 1386 1150 sui
1422 1104 1621 1166 generis,
1651 1104 1728 1168 qui

267 1199 367 1228 cum
401 1180 557 1227 ceteris
592 1178 838 1243 comparari
874 1195 961 1225 non
995 1188 1152 1243 potest.
1181 1178 1351 1226 Etenim
1386 1190 1634 1227 contractus
1663 1191 1731 1227 est

268 1273 399 1322 quem
433 1257 552 1303 Deus
587 1256 684 1320 ipse
717 1254 945 1302 constituit
967 1271 994 1301 a
1017 1253 1170 1300 mundi
1209 1254 1466 1318 primordiis
1495 1265 1729 1320 antequam

268 1332 445 1397 leguleii
470 1349 522 1379 ac
545 1331 805 1379 tabelliones
829 1330 1087 1388 existerent,
1116 1347 1335 1395 quemque
1357 1331 1475 1379 Deus
1500 1331 1598 1395 ipse
1621 1331 1732 1379 rexit

268 1420 359 1456 tum
393 1409 440 1455 in
474 1408 569 1472 lege
603 1418 807 1463 naturae,
847 1417 938 1453 tum
972 1406 1017 1452 in
1052 1405 1149 1469 lege
1182 1407 1368 1471 scripta,
1397 1425 1616 1472 quemque
1637 1418 1730 1455 tan-

267 1486 368 1533 dem
402 1485 604 1533 Christus
638 1485 756 1531 Deus
781 1483 836 1531 ad
862 1483 1124 1530 sacramenti
1149 1483 1406 1546 dignitatem
1429 1485 1584 1533 evexit.
1619 1485 1728 1532 Cum

268 1580 371 1610 vero
405 1572 655 1610 contractus
689 1578 775 1608 non
813 1577 918 1624 pars
953 1559 1011 1606 sit
1045 1559 1331 1616 sacramenti,
1371 1560 1449 1607 sed
1483 1560 1647 1624 ipsum·
1669 1572 1730 1608 to-

268 1650 359 1685 tum
395 1647 743 1693 sacramentum,
782 1635 838 1683 ab
872 1652 923 1682 eo
957 1635 1151 1700 separari
1186 1651 1273 1682 non
1308 1645 1471 1699 potest3
1501 1653 1581 1683 nec
1608 1636 1727 1683 enim

268 1714 472 1761 Christus
515 1722 785 1761 contractum
830 1711 1019 1758 evehens
1063 1711 1119 1758 ad
1164 1711 1427 1759 sacramenti
1473 1711 1726 1775 dignitatem
1763 1763 1772 1774 .

269 1790 429 1838 adiecit
462 1789 598 1837 alium
633 1787 870 1853 quemdam
905 1797 1073 1843 actum,
1113 1787 1192 1834 sed
1227 1787 1369 1835 solum
1403 1789 1611 1836 annexuit
1639 1788 1725 1854 ipsi

269 1867 390 1914 actui
425 1864 713 1914 contrahendi
747 1863 957 1926 gratiam;
987 1880 1075 1927 quo
1110 1863 1158 1911 fit
1181 1874 1229 1911 ut
1253 1874 1442 1929 nequeat
1464 1865 1648 1912 alterum
1671 1864 1728 1912 ab

269 1942 404 1989 altero
438 1941 659 2006 separari,
698 1938 806 2004 quin
840 1938 1103 1986 destruatur.

364 2019 418 2064 At
451 2027 596 2064 orator
628 2015 758 2063 vellet
790 2025 838 2062 ut
870 2014 1087 2063 eiusmodi
1122 2016 1479 2079 inseparabilitas
1503 2017 1634 2065 certis
1658 2035 1728 2065 ar-

269 2094 488 2156 gumentis
527 2092 919 2147 demonstraretur,
959 2100 1034 2138 aut
1066 2108 1119 2138 ex
1153 2090 1316 2138 Christi
1351 2091 1612 2140 institutoris
1650 2110 1728 2142 vo-

269 2169 459 2224 luntate,
497 2179 574 2216 aut
606 2186 658 2215 ex
691 2168 753 2214 rei
790 2178 968 2225 natura,
997 2178 1071 2214 aut
1095 2185 1147 2214 ex
1170 2167 1382 2215 ecclesiae
1405 2168 1618 2216 doctrina.
1646 2170 1729 2217 Re-

270 2244 477 2309 ponimus
507 2244 705 2292 eamdem
726 2261 876 2291 revera
893 2260 945 2291 ex
964 2243 1126 2308 triplici
1145 2244 1229 2291 hoc
1246 2243 1387 2309 capite
1410 2244 1722 2293 demonstrari:

270 2321 389 2387 quod
414 2321 576 2370 clarius
600 2320 768 2386 patebit
801 2319 906 2367 dum
942 2319 1118 2383 singula
1146 2319 1419 2377 refellemus,
1446 2337 1561 2385 quae
1583 2330 1731 2368 orator

270 2397 474 2462 protulit,
512 2407 560 2444 ut
592 2414 645 2444 ex
679 2395 840 2461 triplici
875 2412 927 2443 eo
956 2396 1101 2460 capite
1133 2396 1398 2444 contrarium
1432 2396 1579 2461 potius
1610 2396 1728 2444 evin-

270 2483 400 2520 ceret.

366 2548 519 2612 ltaque
553 2547 609 2594 ad
642 2549 685 2593 1.
716 2547 1040 2604 Probationem,
1079 2547 1197 2612 quod
1230 2547 1433 2595 Christus
1466 2546 1653 2594 noluerit
1681 2548 1726 2594 id

272 2622 389 2685 quod
413 2632 505 2669 erat
539 2622 722 2669 dominii
756 2622 898 2669 civilis
922 2622 978 2669 ad
1002 2622 1232 2670 ecclesiam
1257 2621 1427 2670 devolvi
1446 2659 1456 2678 ‚
1483 2632 1526 2669 et
1549 2639 1629 2670 nos
1659 2640 1726 2670 as·

273 2696 506 2754 sentimur,
540 2715 590 2745 ac
620 2698 872 2762 profitemur
906 2698 1129 2746 reddenda
1153 2716 1252 2746 esse
1275 2698 1450 2745 Caesari
1480 2716 1597 2763 quae
1623 2709 1727 2746 sunt

273 2771 473 2820 Caesaris
499 2811 508 2829 ,
550 2774 787 2822 dummodo
823 2775 953 2821 etiam
994 2774 1213 2830 addatur,
1254 2774 1371 2838 quod
1413 2775 1643 2839 sequitur:
1687 2785 1726 2820 et

1902 2928 1912 2943 ⁴..
1904 2911 1909 2918 ι
1909 2898 1912 2903 Α
1899 2782 1912 2891 ,Λα-’Λ
