1912 3180
376 210 466 240 ων.
492 210 520 240 ι.
545 209 595 239 m:
621 208 793 240 uuam.
823 207 970 239 aivins
998 207 1174 239 imum.
1199 207 1291 239 Αιιτ.
1315 206 1375 238 111.
1515 191 1604 236 233

138 289 374 336 theoretice
419 287 513 334 sive
546 285 739 349 practice
776 301 846 330 res
881 294 1139 347 spectetur,
1179 283 1431 347 coniugium
1460 282 1611 331 'civile

140 364 417 430 polygamiae
452 362 606 409 saltem
642 360 858 407 materiali
888 376 940 406 ac
970 360 1099 423 legali
1136 361 1304 417 favere,
1342 361 1387 407 in
1422 377 1611 425 eamque

138 441 367 495 inducere,
399 438 598 501 adeoque
624 446 673 482 ut
705 435 878 482 duobus
914 436 1038 483 hisce
1071 437 1270 485 articulis
1304 437 1603 493 ostendimus,

137 516 303 580 duplici
328 512 559 561 christiani
593 511 859 558 matrimonii
894 513 1178 576 proprietati,
1217 513 1424 560 nimirum
1449 513 1607 559 unitati

137 601 180 638 et
212 587 590 637 indissolubilitati
610 625 619 643 ,
659 586 902 634 adversari.

684 742 982 780 ART1CULUsq
1000 743 1062 779 IV.

212 850 495 889 Matrimonium
519 851 631 889 civile
650 855 787 889 natura
800 861 869 888 sua
888 849 1111 889 adversatur
1136 849 1309 899 publicae
1328 850 1518 889 honestati
1524 862 1535 899 ,·

396 916 618 965 inducitque
646 917 686 953 in
714 920 882 964 apertam
913 925 1063 953 morum
1093 904 1361 964 corruptelam.
1468 909 1470 911 ’

233 1051 277 1096 Si
314 1050 644 1096 matrimonium
678 1050 808 1096 civile
843 1060 999 1098 natura
1029 1066 1110 1096 sua
1139 1045 1279 1113 turpis
1303 1059 1371 1096 est
1402 1047 1611 1095 concubi—

138 1137 267 1173 natus
285 1135 327 1173 et
343 1126 576 1173 christiani
602 1126 869 1173 matrimonii
896 1126 1188 1180 sanctitatem,
1217 1121 1446 1180 unitatem,
1470 1125 1612 1171 indis-

139 1202 545 1266 solubilitatemque
584 1202 844 1257 contemnit,
886 1213 1015 1266 prout
1048 1202 1262 1248 hactenus
1297 1201 1575 1248 ostendimus
1598 1239 1607 1255 ,

137 1279 288 1326 multis
322 1297 434 1343 opus
466 1296 551 1326 non
576 1290 647 1326 est
669 1290 716 1325 ut
746 1279 1017 1342 intelligatur
1040 1278 1262 1342 pessimos
1292 1278 1396 1324 inde
1426 1278 1612 1324 effectus

139 1355 390 1402 necessario
423 1355 525 1401 oriri
560 1354 746 1410 debere,
785 1353 1009 1418 publicam
1045 1370 1205 1417 nempe
1236 1353 1498 1418 nequitiam,
1521 1352 1613 1399 foe-

140 1431 332 1495 damque
365 1447 535 1477 morum
570 1429 886 1495 corruptelam,
916 1446 967 1477 ac
995 1428 1209 1494 paulatim
1243 1428 1437 1475 familiae
1470 1427 1612 1475 socie-

141 1508 332 1571 tatisque
359 1507 547 1553 ruinam.

235 1582 295 1628 Ac
330 1582 497 1646 primo,
536 1582 654 1646 quod
688 1582 843 1628 attinet
865 1581 921 1628 ad
947 1580 1168 1645 publicam
1207 1581 1500 1637 honestatem,
1541 1581 1611 1627 cui

139 1658 364 1705 adversari
391 1658 585 1705 diximus
605 1657 856 1720 coniugium
881 1657 1028 1713 civile,
1052 1669 1224 1722 oportet
1240 1669 1341 1704 ante
1360 1657 1508 1704 omnia
1533 1657 1613 1704 ho-

139 1735 322 1781 nestatis
357 1734 561 1799 publicae
595 1735 795 1782 notitiam
830 1735 1128 1798 praemittere.
1162 1734 1281 1781 Haec
1315 1750 1447 1798 porro
1480 1732 1612 1779 alicui

140 1809 338 1856 societati
375 1810 524 1857 inesse
557 1820 780 1864 censetur,
809 1827 909 1856 cum
934 1810 1096 1857 civium
1132 1810 1328 1857 actiones
1363 1809 1613 1871 diriguntur

139 1895 184 1930 et
205 1884 464 1931 ordinantur
489 1884 545 1931 ad
570 1885 764 1947 regulam
795 1895 939 1932 rectae
970 1886 1154 1933 rationis
1190 1903 1215 1932 a
1251 1885 1461 1948 religione
1486 1901 1614 1948 prae-

140 1959 290 2005 sertim
324 1959 568 2007 illustratae
600 1970 732 2024 atque
768 1960 994 2007 suffultae.
1027 1961 1119 2007 Iam
1146 1978 1251 2007 vero
1281 1978 1359 2024 per
1391 1960 1615 2007 connubia

140 2034 288 2081 civilia
320 2035 520 2082 eiusdem
553 2035 669 2083 laedi
704 2035 925 2100 publicam
967 2035 1242 2083 honestatem
1278 2036 1479 2082 evincere
1509 2052 1615 2100 ope—

140 2127 287 2157 rosum
323 2128 410 2157 non
453 2122 535 2157 est.

234 2187 407 2233 Etenim
444 2187 611 2235 firmior
645 2188 701 2234 ad
733 2189 1023 2235 continendos
1057 2188 1245 2253 populos
1280 2188 1470 2243 habena,
1504 2204 1559 2234 ne
1587 2206 1613 2234 a

139 2263 310 2309 tramite
353 2263 597 2311 honestatis
639 2264 871 2319 diffluant,
919 2266 1115 2311 omnium
1152 2282 1373 2312 consensu
1406 2276 1450 2311 et
1482 2282 1615 2328 expe·-

138 2338 295 2384 rient-ia
323 2337 532 2393 docente,
566 2350 632 2385 est
666 2338 835 2402 religio.
871 2339 979 2386 Cum
1010 2340 1147 2395 haec,
1187 2351 1264 2386 aut
1291 2357 1497 2403 parvam,
1538 2351 1615 2387 aut

138 2414 302 2461 nullam
338 2426 511 2463 exercet
543 2415 630 2461 vim
667 2415 711 2461 in
747 2416 976 2462 hominum
1002 2416 1274 2470 voluntates,
1304 2417 1392 2480 ipsi
1418 2428 1615 2481 spectata

137 2490 295 2536 actuali
323 2502 556 2554 corruptae
587 2502 770 2538 naturae
796 2492 1072 2547 conditione,
1107 2492 1224 2539 illico
1249 2492 1294 2538 in
1322 2493 1431 2540 vitia
1455 2500 1608 2549 ruunt,

140 2566 351 2627 pudorem
387 2568 639 2623 excutiunt,
678 2568 976 2615 conscientiae
1005 2585 1204 2615 normam
1241 2568 1493 2632 negligunt,
1525 2570 1614 2617 imo

138 2642 405 2702 proculcant.
443 2645 575 2691 Porro
602 2662 682 2707 per
714 2644 993 2691 matrimonia
1024 2643 1198 2698 civilia,
1239 2644 1440 2709 deposita
1467 2646 1613 2693 omnis

140 2718 384 2766 sanctitatis
410 2719 572 2775 forma,
612 2738 729 2783 quae
761 2720 1016 2782 coniugium
1052 2720 1250 2767 comitari
1291 2722 1495 2780 deberet,
1538 2741 1615 2788 pe·—

141 2794 322 2842 riculum
358 2808 424 2844 est
457 2816 511 2844 nc
545 2815 642 2843 cum
682 2797 891 2854 religione
919 2816 970 2845 ac
998 2799 1074 2845 Dei
1112 2799 1290 2855 timore,
1325 2800 1463 2846 etiam·
1484 2812 1614 2847 natu-
