1912 3180
292 190 379 236 408
544 196 623 235 Lm.
653 201 682 231 1.
712 199 824 232 secr.
855 199 1027 231 ALTERA.
1056 199 1108 232 ne
1142 201 1317 234 mrum.
1347 201 1488 235 cwim.

290 296 424 345 quam
460 277 753 325 ceremoniam
798 276 1129 335 adhibuerunt,
1175 289 1225 326 ut
1257 290 1431 328 constat
1463 297 1517 328 ex
1551 281 1665 345 ipsis
1704 283 1760 330 ab

291 365 462 403 oratore
495 353 681 418 prolatis
713 352 926 418 exemplis
954 354 1082 402 Isaac
1115 364 1158 401 et
1190 355 1414 403 Rebeccae
1444 356 1585 418 (Gen.
1607 357 1755 404 XXIV.

292 431 402 478 3-60
418 432 454 492 );
478 429 595 477 Ruth
613 440 657 476 et
672 430 787 476 Booz
816 430 895 492 (L.
918 430 1034 477 Ruth
1053 431 1121 477 lv.
1146 432 1310 477 11-12.
1327 433 1364 494 )·;
1387 432 1550 480 Tobiae
1567 443 1610 481 et
1627 433 1762 481 Sarae

293 506 433 568 (Tob.
455 506 549 562 VII,
572 507 649 552 15.
671 508 709 567 ),
737 506 943 570 quamvis
968 524 1056 554 non
1091 523 1269 571 semper
1302 507 1535 565 sacerdos,
1565 509 1643 556 sed
1668 526 1764 557 ma-

290 583 356 630 ior
391 592 524 640 natu,
553 593 632 630 aut
661 583 981 647 paterfamilias
1015 583 1368 632 benedictionem
1402 585 1620 634 conferret
1640 588 1757 649 (91).

288 658 344 706 At
376 658 597 723 quidquid
631 659 716 716 sit,
755 659 928 706 etiamsi
963 675 1034 705 res
1069 669 1184 716 tota,
1211 670 1261 707 ut
1284 677 1336 707 ex
1360 660 1547 726 Fleuryo
1580 662 1764 727 opponit

290 744 465 791 orator,
503 734 618 781 inter
650 744 857 799 parentes
893 744 936 781 et
969 733 1239 783 domesticos
1273 735 1618 799 transigeretur,
1657 737 1763 785 inde

291 827 379 858 non
426 819 686 875 sequeretur
723 809 1052 857 matrimonium
1096 820 1344 874 spectatum
1384 811 1525 860 fuisse
1566 823 1615 860 ut
1658 828 1764 860 con-

291 897 479 934 tractum
515 886 685 934 civilem
701 924 711 943 ,
744 885 823 933 sed
858 885 1007 950 potius
1029 896 1079 934 ut
1102 886 1347 935 naturalem
1375 904 1428 935 ac
1452 887 1761 936 domesticum.

388 962 494 1010 Ideo
512 979 617 1010 vero
642 963 929 1026 imperatores
953 963 1124 1010 romani
1143 981 1170 1011 a
1187 963 1477 1012 Constantino
1495 974 1538 1013 et
1554 964 1766 1031 deinceps

292 1038 460 1086 nullam
486 1038 682 1086 tulerunt
710 1037 853 1101 legem
877 1055 967 1103 qua
990 1039 1222 1087 christiani
1247 1039 1530 1104 adigerentur
1551 1040 1609 1089 ad
1633 1041 1766 1089 ritum

294 1114 550 1178 religiosum
570 1115 617 1160 in
637 1114 933 1162 celebratione
956 1115 1238 1179 nuptiarum,
1266 1116 1373 1182 quia
1396 1116 1622 1180 negotium
1646 1115 1767 1164 istud

292 1190 511 1238 ecclesiae
528 1190 819 1248 dimiserunt,
847 1208 964 1255 quae
986 1191 1090 1239 licet
1113 1192 1274 1256 iugiter
1295 1192 1505 1250 voluerit,
1529 1193 1620 1241 imo
1643 1210 1769 1258 prae-

292 1266 459 1332 ceperit
502 1276 551 1314 ut
594 1266 926 1314 matrimonium
968 1267 1014 1314 in
1057 1267 1169 1316 facie
1208 1268 1423 1316 ecclesiae
1456 1268 1677 1326 iniretur,
1720 1280 1771 1317 ut

295 1359 378 1389 suo
410 1342 506 1389 loco
535 1342 841 1400 ostendimus,
882 1355 1126 1408 numquam
1161 1355 1335 1403 tamen,
1363 1344 1460 1409 lege
1483 1344 1639 1394 saltem
1669 1345 1771 1392 uni-

293 1417 482 1475 versali,
521 1418 691 1465 irritum
728 1419 838 1467 illud
878 1419 982 1467 fecit
1016 1419 1055 1467 si
1097 1419 1374 1469 clandestino
1408 1438 1531 1470 more
1563 1421 1765 1469 iniretur.

299 1492 505 1557 Plerique
528 1493 726 1541 fidelium
751 1493 1004 1557 coniugium
1035 1512 1166 1542 suum
1196 1495 1284 1543 ritu
1312 1514 1439 1544 sacro
1463 1496 1766 1553 celebrabant;

296 1586 395 1616 cum
430 1587 534 1617 vero
568 1571 778 1635 temporis
813 1570 944 1635 lapsu
973 1571 1144 1635 passim
1171 1571 1282 1619 ritus
1305 1572 1379 1620 hic
1402 1573 1701 1630 omitteretur,
1729 1584 1772 1621 et

296 1645 455 1693 exinde
489 1663 576 1694 non
612 1663 755 1711 pauca
787 1647 1005 1694 orirentur
1038 1647 1154 1694 mala
1185 1658 1227 1695 et
1256 1648 1538 1697 incommoda
1561 1650 1696 1697 etiam
1721 1650 1767 1697 in

296 1722 552 1769 societatem
577 1722 746 1787 ipsam,
785 1733 878 1770 tum
913 1723 1201 1788 imperatores
1231 1724 1468 1774 orientales
1495 1743 1574 1774 seu
1600 1726 1770 1791 byzan-

300 1798 403 1854 tini,
442 1807 533 1845 tum
571 1797 755 1846 Carolus
789 1800 974 1862 Magnus
1011 1800 1130 1848 datis
1173 1801 1470 1849 severissimis
1505 1802 1679 1866 legibus
1713 1802 1770 1849 ad

298 1874 430 1920 ritum
449 1873 707 1937 religiosum
726 1874 1037 1922 celebrandum
1057 1893 1212 1923 omnes
1231 1887 1488 1940 coegerunt,
1518 1878 1603 1926 sub
1626 1895 1771 1943 poena

299 1949 509 1996 infamiae
529 1987 538 2005 ‚
572 1967 624 1996 ac
654 1950 898 2009 nullitatis,
923 1951 1079 2000 saltem
1105 1952 1149 1998 in
1176 1953 1269 2001 foro
1293 1965 1493 2012 externo,
1522 1955 1641 2022 quod
1668 1955 1771 2003 item

300 2025 664 2088 significavimus.
683 2025 885 2073 Attamen
911 2027 1010 2091 ipso
1030 2027 1189 2076 fatente
1206 2029 1477 2089 adversario,
1494 2029 1772 2079 clandestina

300 2101 507 2165 coniugia
536 2102 683 2149 adhuc
717 2102 826 2150 inita
858 2114 975 2151 sunt.

402 2286 469 2327 (91)
490 2289 536 2319 Io.
555 2287 712 2320 seldenus
730 2288 763 2319 in
782 2297 835 2329 op.
855 2289 948 2321 Uxor
969 2286 1139 2322 Hebraea.
1154 2287 1293 2321 Londini
1323 2290 1410 2321 1646.
1426 2286 1482 2320 lib.
1503 2288 1547 2320 11.
1570 2295 1641 2328 cap.
1660 2289 1691 2319 7.
1710 2286 1777 2328 agit

300 2338 340 2370 dc
360 2338 585 2371 benedictione
604 2340 827 2381 sponsalium,
852 2341 885 2373 et
910 2349 980 2382 cap.
1007 2346 1055 2374 12.
1080 2343 1129 2373 De
1147 2340 1377 2373 benedictione
1394 2341 1431 2373 in
1452 2338 1660 2373 Thalamum
1679 2339 1778 2379 atque

300 2391 378 2431 ipsis
393 2392 515 2433 nuptiis
529 2393 677 2433 praevia:
698 2394 858 2435 refertque
873 2394 1047 2426 formulam
1062 2394 1231 2435 utriusque
1246 2393 1479 2426 benedictionis
1491 2392 1532 2425 ab
1542 2390 1776 2433 antiquISSImis

301 2446 499 2486 temporibus
521 2448 691 2487 receptam.
709 2448 867 2488 Componi
884 2450 991 2480 autem
1010 2450 1146 2489 possunt
1168 2457 1243 2480 cum
1263 2448 1323 2488 iis,
1343 2455 1427 2488 quae
1449 2446 1546 2479 habet
1564 2445 1718 2486 Fleuryus
1745 2446 1778 2478 et

301 2499 374 2537 post
397 2502 473 2530 'enm
502 2498 677 2540 Salvador,
708 2508 809 2539 quum
836 2499 1013 2533 sacerdotis
1041 2501 1258 2532 interventum
1275 2499 1309 2531 in
1325 2499 1447 2540 nuptiis
1464 2498 1600 2538 negant:
1624 2497 1719 2538 quia,
1741 2498 1779 2530 ut

300 2549 410 2580 scribit
432 2550 587 2583 seldenus
600 2559 671 2592 cap.
690 2557 737 2583 12.
752 2560 785 2592 p.
804 2556 872 2584 180.
887 2552 927 2583 ad
944 2552 1128 2593 exemplum
1153 2552 1340 2593 nuptiarum
1356 2553 1442 2584 Booz
1457 2550 1576 2592 quihus
1601 2549 1777 2582 adsuerunt

301 2601 411 2633 decem
426 2603 568 2635 seniores
580 2604 720 2636 «horum
734 2605 790 2645 qui
802 2605 964 2637 maximus
974 2606 1051 2636 natu
1066 2606 1146 2646 erat,
1157 2606 1214 2637 aut
1224 2604 1368 2646 dignior,
1383 2602 1637 2636 benedictionem
1656 2602 1782 2643 praebe-

304 2652 392 2685 bat.»
409 2654 485 2686 Vid.
500 2656 597 2689 etiam
611 2658 698 2689 Sam.
715 2657 974 2690 Schelivechium
990 2659 1041 2690 De
1055 2659 1284 2700 antiquitate,
1298 2658 1331 2690 et
1341 2654 1779 2696 Christophxaxtolsissium

305 2707 354 2737 De
371 2710 570 2741 necessitate
586 2711 853 2742 consecrationis
875 2710 1044 2752 nuptialis
1056 2734 1067 2750 ‚
1090 2712 1277 2744 Gretserum
1292 2712 1342 2743 De
1358 2708 1650 2742 benedictionibus
1665 2708 1721 2741 lib.
1735 2709 1777 2741 11.

304 2767 332 2790 c.
350 2761 401 2790 43.
417 2761 464 2791 Io.
482 2762 698 2802 Dongtheium
720 2763 754 2794 in
777 2763 954 2796 Analeccz‘s
982 2763 1091 2797 sacris
1114 2764 1154 2796 ad
1169 2764 1306 2797 Malach.
1319 2763 1361 2795 11.
1379 2763 1427 2795 14.
1440 2761 1491 2795 Cf.
1508 2762 1606 2795 etiam
1621 2761 1700 2795 Iahn
1714 2762 1776 2794 Ar·

299 2809 474 2851 chaeoloq.
504 2812 585 2845 bibl.
603 2815 719 2847 Vienn.
738 2818 825 2848 1814.
839 2815 869 2855 §.
892 2819 959 2848 154.
