1918 3186
341 204 433 249 124
628 218 708 249 1111.
737 217 766 249 1.
795 214 908 247 sacr.
936 215 966 247 1.
995 215 1047 248 nr:
1069 215 1240 249 mrum.
1268 216 1548 251 sxcmnmro.

338 295 501 342 Christi
543 310 642 341 cum
684 292 872 339 ecciesia
888 330 899 350 ,
936 303 980 340 et
1011 309 1109 340 cum
1152 294 1299 340 anima
1343 294 1695 357 significandam.
1731 298 1795 344 Ex

338 371 492 417 eodem
517 369 635 416 Cano
657 362 791 415 verBa
818 369 929 416 haec
962 370 1063 433 ipsa
1095 371 1367 417 constituunt
1388 372 1636 429 materiam,
1659 390 1795 437 quare

338 446 471 508 igitur
502 462 589 492 non
623 455 827 509 poterunt
858 446 1123 492 constituere
1157 446 1374 492 sormam?
1397 448 1484 494 Nec
1517 447 1663 505 obest,
1692 459 1795 495 tunc

338 537 471 584 posse
510 521 762 585 quempiam
796 520 927 567 simul
962 531 1162 583 agentem
1196 538 1247 567 ac
1281 522 1516 585 patientem
1550 540 1676 579 esse,
1715 540 1795 570 seu

338 596 628 659 proferentem
651 595 833 643 formam
851 633 861 652 ,
888 607 930 643 et
953 597 1233 660 recipientem
1257 598 1421 645 formae
1443 599 1668 655 effectum3
1692 616 1792 646 nam

336 672 513 720 diverso
536 672 621 719 sub
645 683 845 736 respectu
866 672 1177 736 unusquisque
1200 674 1550 721 contrahentium
1568 686 1635 722 est
1659 692 1795 738 agens

335 759 380 795 et
412 748 586 812 patiens
604 786 615 806 ‚
653 749 881 796 conferens
915 765 967 795 ac
1000 748 1249 812 suscipiens
1283 760 1630 807 sacramentum,
1668 762 1797 815 prout

335 824 468 871 etiam
491 823 706 887 contingit
737 823 783 870 in
816 833 1041 870 contractu
1075 822 1193 870 civili
1226 825 1443 887 coniugii,
1473 825 1571 888 ipso
1594 825 1714 873 Cano
1737 826 1798 872 fa·

336 909 475 955 teme,
513 899 601 945 imo
633 908 678 945 et
709 898 1017 945 contendente.

431 974 503 1020 Sic
535 973 815 1021 verissimum
849 990 1027 1037 quoque
1049 983 1118 1023 est
1138 973 1288 1031 verba,
1316 991 1431 1038 quae
1455 975 1635 1022 sormam
1661 975 1705 1021 in
1730 992 1797 1022 sa-

336 1049 571 1097 cramentis
595 1049 885 1105 constituunt,
914 1049 1074 1096 debere
1095 1066 1196 1097 esse
1218 1050 1523 1107 determinata,
1547 1051 1625 1098 sed
1651 1052 1795 1115 quoad

336 1142 542 1181 sensum,
580 1135 630 1171 ut
663 1134 783 1188 patet
816 1125 861 1170 in
895 1125 1159 1188 quibusdam
1195 1126 1296 1173 aliis
1331 1127 1615 1174 sacramentis
1635 1165 1644 1182 ‚
1682 1144 1797 1191 quae

335 1200 525 1248 diversis
557 1199 704 1246 verbis
727 1216 754 1246 a
777 1200 948 1262 graecis
965 1210 1008 1246 et
1031 1200 1180 1247 latinis
1204 1201 1582 1248 administrantur.
1613 1202 1704 1248 Imo
1729 1202 1796 1247 in-

337 1275 507 1322 terdum
531 1291 612 1339 pro
635 1275 825 1322 diversis
854 1275 1126 1339 temporibus
1150 1276 1195 1322 in
1220 1276 1355 1323 latina
1380 1277 1479 1340 ipsa
1501 1277 1689 1324 ecclesia
1720 1294 1799 1323 va·-

337 1351 403 1397 ria
426 1351 573 1415 quoad
608 1367 765 1397 sonum
798 1350 931 1399 verba
965 1351 1142 1398 suerunt
1168 1353 1283 1414 (33).
1308 1351 1415 1399 Cum
1440 1353 1573 1415 igitur
1593 1352 1797 1399 Christus

336 1427 527 1474 evexerit
550 1437 818 1474 contractum
843 1427 1117 1488 coniugalem
1142 1427 1339 1474 fidelium
1364 1427 1419 1474 ad
1443 1427 1706 1475 sacramenti
1729 1427 1797 1474 di-

336 1503 545 1566 gnitatem
561 1541 571 1559 ‚
594 1502 677 1550 hoc
694 1502 792 1566 ipso
810 1502 1112 1550 determinavit
1134 1519 1214 1566 pro
1238 1503 1335 1550 eius
1355 1503 1494 1560 forma
1510 1502 1660 1559 verba,
1683 1520 1798 1567 quae

336 1579 583 1643 exprimere
597 1577 772 1626 valeant
789 1594 1077 1633 consensum,
1100 1594 1406 1641 quaecumque
1423 1578 1600 1624 demum
1618 1595 1671 1624 ea
1687 1578 1791 1624 sint.

432 1655 599 1701 Damus
622 1654 786 1718 pariter
808 1654 928 1701 Cano
951 1652 996 1699 in
1022 1653 1307 1700 sacramentis
1343 1653 1527 1717 reliquis
1552 1670 1639 1700 non
1664 1670 1797 1717 posse

335 1730 483 1779 verbis
517 1741 674 1787 nutus,
712 1740 788 1777 aut
820 1731 1081 1794 scripturam
1115 1728 1302 1785 subiici,
1340 1729 1400 1776 ita
1432 1740 1481 1775 ut
1511 1729 1601 1775 vim
1634 1729 1798 1776 formae

338 1806 557 1862 habeant;
595 1817 641 1853 at
673 1805 976 1853 contendimus
1000 1805 1045 1850 in
1069 1804 1345 1852 matrimonio
1368 1821 1421 1851 ex
1444 1804 1608 1851 Christi
1643 1803 1798 1851 volun-

339 1893 426 1930 tate
456 1900 547 1930 rem
581 1881 709 1929 aliter
741 1898 790 1928 se
822 1880 999 1928 habere.
1024 1880 1249 1944 Siquidem
1282 1880 1358 1927 illa
1391 1880 1555 1935 omnia,
1584 1897 1663 1943 per
1683 1897 1797 1944 quae

337 1975 581 2008 consensus
614 1957 839 2007 enunciari
863 1956 1113 2013 consuevit,
1139 1956 1287 2004 valent
1309 1956 1366 2003 ad
1391 1966 1710 2003 sacramentum
1734 1955 1797 2001 ef-

339 2034 599 2089 ficiendum,
637 2050 737 2080 cum
771 2044 1092 2079 sacramentum
1125 2031 1318 2095 coniugii
1355 2041 1566 2095 sequatur
1597 2041 1796 2078 naturam

337 2119 605 2165 contractus,
633 2125 685 2154 ex
709 2125 798 2172 qua
828 2108 1019 2170 exurgit,
1047 2117 1294 2154 contractus
1330 2123 1461 2171 porro
1496 2117 1586 2153 tum
1619 2105 1791 2161 verbis,

341 2195 431 2231 tum
466 2184 671 2239 nutibus,
711 2193 803 2229 tum
836 2182 1000 2246 scripto
1033 2182 1278 2229 conficitur.

435 2260 562 2315 Quod
596 2276 699 2306 vero
731 2269 857 2322 urget
879 2258 1025 2305 Canus
1048 2257 1105 2304 de
1128 2257 1429 2320 theologorum
1452 2256 1640 2304 dissidio
1663 2256 1708 2301 in
1731 2272 1799 2301 as-

338 2336 557 2398 signanda
587 2335 721 2382 huius
755 2334 1015 2381 sacramenti
1041 2333 1222 2381 materia
1246 2344 1289 2380 et
1310 2334 1449 2380 forma
1472 2332 1636 2379 iamdiu
1655 2348 1681 2377 a
1698 2347 1798 2394 pro—

434 2501 501 2542 (33)
523 2500 609 2533 Satis
623 2502 672 2533 est
687 2501 844 2542 inspicere
854 2498 1145 2532 Sacramentarium
1157 2506 1184 2530 s.
1195 2497 1341 2537 Gregorii
1349 2498 1392 2528 M.
1403 2496 1441 2528 ut
1456 2495 1607 2536 appareat
1623 2494 1743 2534 quanta
1757 2493 1803 2525 in-

338 2554 518 2586 tercesserit
536 2553 722 2586 differentia
743 2554 776 2586 in
797 2553 899 2585 forma
911 2552 1071 2584 extremae
1082 2550 1244 2582 unctionis
1258 2548 1299 2580 ab
1312 2557 1349 2580 ea
1361 2556 1445 2588 quae
1457 2555 1543 2579 nunc
1558 2547 1592 2578 111
1605 2554 1666 2578 usu
1681 2547 1729 2577 est
1738 2569 1747 2585 ,
1764 2547 1799 2577 ut

339 2606 380 2638 de
404 2607 536 2647 reliquis
561 2608 684 2639 taceam
700 2606 924 2645 sacramentis,
941 2604 967 2636 si
983 2603 1178 2644 baptismum
1191 2602 1224 2633 et
1237 2600 1463 2633 eucharistiam
1482 2598 1624 2639 excipias
1634 2623 1644 2638 ,
1660 2606 1799 2638 quorum

341 2659 444 2691 forma
465 2659 563 2691 etiam
586 2659 694 2700 quoad
721 2659 817 2691 verba
831 2667 850 2690 n
865 2658 994 2690 Christo
1008 2656 1078 2697 ipso
1091 2654 1303 2687 determinata
1316 2654 1385 2692 est,
1399 2653 1573 2684 taceamne.
1589 2652 1711 2683 Notum
1730 2658 1799 2682 eru-

339 2711 415 2743 ditis
437 2713 485 2744 est
510 2712 674 2753 quondam
700 2713 734 2744 in
757 2711 892 2745 ecclesia
914 2710 1016 2743 latina
1041 2710 1075 2741 in
1097 2709 1240 2741 extrema
1262 2706 1413 2738 unctione
1436 2705 1571 2736 sormam
1594 2702 1798 2735 indicativam

339 2763 534 2804 obtinuisse,
550 2766 661 2796 contra
675 2773 752 2796 vero
765 2764 900 2796 formam
917 2760 1128 2795 absolutionis
1146 2760 1180 2792 in
1198 2759 1397 2790 sacramento
1413 2755 1624 2798 poenitentiae
1638 2754 1735 2786 fuisse
1747 2752 1799 2784 de·

341 2817 536 2857 precativam
550 2841 558 2856 ,
577 2818 608 2848 et
623 2817 666 2848 ita
680 2824 785 2857 porro.
