1918 3186
253 193 341 224 cir.
360 192 417 223 ιν.
438 191 612 224 nxrnNn.
630 190 723 222 Ano.
740 188 792 221 m:
811 190 901 222 um.
918 191 1031 222 saca.
1050 191 1142 223 Aur.
1158 191 1203 222 11.
1223 189 1317 222 Aac.
1334 190 1452 222 τιω).
1527 176 1614 220 119

154 269 293 316 dicat:
327 269 420 333 qu
453 269 616 331 accipio
651 277 687 313 te
719 269 766 313 in
798 284 950 313 mcum.
980 267 1034 314 In
1069 268 1135 314 his
1169 270 1281 314 enim
1312 268 1485 314 vocibus
1520 284 1618 314 con-

155 346 270 392 sistit
302 346 369 391 vis
401 362 560 408 magna
592 354 632 390 et
663 344 982 389 matrimonium
1014 345 1283 391 contrahitur
1305 345 1401 406 (27)
1414 356 1455 389 .’»

253 421 473 468 Hactenus
506 419 686 483 quidem
719 417 817 474 ille,
846 418 891 463 in
916 435 1004 482 quo
1029 429 1174 466 tamen
1198 419 1384 483 probare
1407 435 1495 466 non
1522 436 1620 483 pos-

155 513 279 551 sum,
309 495 427 560 quod
462 495 625 542 tribuat
656 494 920 542 contrariam
953 495 1207 558 opinionem
1230 496 1512 550 scholasticis,
1541 495 1618 559 qui

154 572 299 634 potius
334 570 523 617 maxime
556 570 612 616 ab
646 587 699 616 ea
732 570 1077 626 abhorruerunt,
1105 571 1211 616 dum
1233 570 1383 618 verius
1407 588 1506 618 eam
1531 581 1620 618 tra-

153 646 361 697 diderunt
393 645 583 708 theologi
608 646 864 710 praesertim
879 683 889 702 ,
918 645 995 710 qui
1013 647 1195 709 positivi
1216 646 1417 692 audiunt.
1440 646 1619 694 Interim

152 739 205 768 ex
227 723 358 769 dictis
382 722 612 769 inserimus
637 721 797 769 falsum
824 739 1006 785 prorsus
1031 738 1131 768 esse
1148 759 1159 778 ,
1186 721 1306 785 quod
1330 722 1402 768 isti
1427 721 1619 785 theologi

152 798 429 846 affirmarunt
461 815 701 863 numquam
736 815 822 845 non
857 798 1137 845 existimasse
1171 797 1403 844 ecclesiam
1437 815 1516 862 per
1548 815 1622 845 sa-

153 874 370 921 cerdotem
406 874 598 936 coniugii
634 885 957 921 sacramentum
991 873 1318 928 administrari,
1358 883 1400 920 et
1432 874 1616 936 gratiam

152 950 354 997 conferri.
390 951 527 997 Immo
558 967 663 997 vero
697 959 788 997 tuto
823 949 1051 996 adstruere
1096 965 1335 1012 possumus
1377 960 1620 1013 numquam

152 1025 407 1081 ecclesiam,
436 1025 556 1089 quod
582 1025 850 1073 contendunt
872 1023 1090 1071 eiusmodi
1115 1024 1377 1071 recentiores
1407 1023 1614 1087 theologi,

153 1101 444 1148 existimasse.
490 1101 618 1156 Quod
660 1118 747 1147 non
790 1100 932 1148 solum
972 1100 1177 1147 evincunt
1214 1100 1361 1147 omnia
1394 1117 1468 1155 ea,
1506 1118 1620 1164 quae

153 1176 368 1224 hactenus
392 1177 718 1232 enarravimus,
747 1175 826 1222 sed
851 1175 1025 1238 plenius
1050 1174 1197 1222 adhuc
1219 1175 1476 1232 ostendent,
1504 1194 1619 1266 quae

153 1252 283 1316 paulo
317 1262 418 1316 post
450 1252 609 1299 dicturi
645 1269 815 1299 sumus.

248 1328 310 1374 Ne
343 1337 489 1374 autem
523 1327 724 1375 consulto
756 1328 1100 1392 praetermittere
1121 1328 1374 1384 videamur,
1401 1346 1516 1393 quae
1539 1347 1618 1393 pro

152 1404 238 1451 hac
269 1405 486 1451 sententia
520 1404 564 1450 in
599 1403 793 1451 medium
813 1403 997 1467 ,prolata
1031 1414 1135 1450 sunt
1163 1421 1215 1451 ex
1244 1404 1429 1451 concilio
1461 1404 1620 1452 latera-

153 1480 281 1527 nensi
308 1480 385 1526 111.
408 1496 434 1526 a
457 1497 546 1544 quo
570 1479 827 1543 prohibetur
860 1480 1097 1544 quominus
1134 1480 1340 1528 sacerdos
1375 1481 1619 1545 quidquam

153 1555 336 1619 recipiat
345 1572 426 1618 pro
453 1554 743 1602 benedicendis
761 1557 946 1618 nuptiis,
970 1573 1042 1602 scu
1061 1557 1162 1602 aliis
1180 1558 1460 1604 sacramentis
1483 1558 1620 1621 consc-

152 1631 371 1678 rcndis.Si
386 1631 614 1697 quidpiam
639 1631 891 1678 evincerent
911 1632 1129 1679 eiusmodi
1147 1632 1298 1689 verba,
1321 1633 1485 1697 pariter
1500 1633 1617 1680 evin-

152 1719 300 1756 cerent
323 1708 612 1756 sacramentis
636 1725 735 1756 esse
761 1708 1057 1756 accensendas
1082 1719 1354 1756 mortuorum
1386 1709 1614 1774 exequias,

155 1782 430 1847 sepulturas,
454 1783 630 1848 aliaque
652 1783 894 1839 eiusmodi,
922 1800 1037 1848 quae
1061 1782 1106 1829 in
1131 1783 1285 1830 eodem
1307 1783 1481 1831 decreto
1504 1800 1618 1830 com-

154 1869 451 1906 memorantur
484 1876 574 1906 una
605 1876 705 1906 cum
739 1858 1040 1906 benedictione
1076 1858 1327 1922 nuptiarum
1353 1869 1396 1904 et
1418 1859 1621 1905 aliis'sa-

157 1935 399 1980 oramentis.
416 1935 573 1982 Verum
596 1945 639 1981 et
662 1935 745 1981 hoc
780 1935 1090 1998 praetermisso
1106 1972 1116 1990 ,
1144 1951 1197 1981 ea
1219 1934 1303 1981 hoc
1325 1934 1425 1997 ipso
1447 1934 1492 1980 in
1516 1950 1620 1987 con÷

157 2008 258 2056 cilio
291 2021 552 2066 occurrunt,
579 2028 694 2075 quae
727 2011 1004 2066 sententiam,
1034 2010 1090 2057 de
1113 2026 1202 2074 qua
1224 2009 1414 2072 agimus,
1443 2009 1618 2073 penitus

154 2095 369 2132 evertunt.
391 2085 565 2132 Etenim
589 2086 673 2133 sub
696 2086 761 2132 tit.
779 2087 842 2132 De
865 2086 1134 2150 sponsalibus
1159 2095 1197 2131 et
1220 2086 1487 2132 matrimonio
1505 2087 1613 2132 n.·8‚

157 2160 267 2207 haee
298 2160 524 2222 leguntur:
558 2160 722 2215 «Quod
757 2162 795 2208 si
829 2163 906 2225 qui
940 2172 1091 2208 mutuo
1126 2178 1344 2209 consensu
1378 2178 1427 2208 se
1459 2162 1516 2208 ad
1552 2162 1620 2223 in->

155 2236 296 2284 vicem
332 2236 594 2300 receperint,
633 2236 851 2283 dicentes:
890 2237 984 2299 qu
1021 2246 1058 2283 te
1091 2239 1137 2282 ih
1167 2253 1327 2291 meam,
1364 2245 1429 2292 et,
1454 2237 1547 2300 E‘qo
1583 2247 1618 2283 tc

156 2313 202 2357 in
235 2329 374 2358 nicam
405 2313 588 2375 recipio:
625 2311 726 2359 licet
759 2311 867 2359 alter
900 2329 1050 2359 eorum
1075 2312 1159 2361 'alii
1194 2324 1347 2376 postea
1369 2329 1419 2359 se
1441 2313 1620 2376 copula-

153 2387 266 2435 verit
282 2425 292 2444 ‚
330 2387 460 2434 debet
483 2388 539 2434 ab
562 2405 613 2435 eo
635 2387 705 2434 vel
728 2387 783 2434 ab
807 2405 859 2435 ea
882 2388 1102 2454 separari,
1140 2388 1245 2436 licet
1275 2388 1465 2436 carnalis
1499 2395 1618 2435 o'om-

156 2463 306 2511 mixtio
329 2464 443 2511 inter
464 2481 540 2512 eos
566 2464 696 2511 suerit
719 2463 956 2511 subsecuta
971 2467 1121 2526 (28).»
1134 2464 1307 2519 Quibus
1330 2475 1449 2529 patet
1469 2482 1620 2512 verum

157 2539 309 2602 perfici
341 2531 608 2588 matrimonii
632 2551 955 2588 sacramentum
980 2540 1074 2588 solo
1097 2547 1253 2604 mutuo
1272 2540 1619 2588 contrahentium

156 2629 378 2662 consensu
412 2614 582 2679 absque
615 2615 857 2663 sacerdotis
890 2615 1209 2663 benedictione.
1248 2615 1337 2662 Sub
1371 2615 1435 2664 tit.
1475 2625 1618 2665 autem

256 2734 322 2774 (27)
343 2737 405 2776 Op.
416 2736 475 2768 cit.
486 2738 548 2769 art.
563 2740 592 2768 3.
605 2745 637 2768 n.
649 2742 680 2769 6.

252 2787 319 2826 (28)
344 2787 432 2827 Apud
449 2789 549 2819 Mansi
566 2790 647 2828 part.
665 2790 721 2820 vi.
736 2788 798 2820 col.
815 2793 885 2820 251.
