1918 3186
326 195 416 226 cir.
440 193 502 226 111.
526 193 578 225 nr.
602 192 815 225 umisrno.
844 193 937 224 Αιιτ.
960 193 1005 225 ιι.
1028 192 1183 225 mauu,
1205 192 1438 225 «ιιιΑιιιτιοΝ.
1560 180 1617 225 8Ἶ

156 282 245 320 tate
262 272 505 337 apostolica
523 271 685 327 fuisse,
713 269 1010 318 benedictioni
1027 269 1315 328 sacerdotali,
1335 287 1425 336 qua
1440 273 1623 336 nuptiae

155 347 517 404 cohonestantur‚
539 347 755 394 adnexam
778 345 920 393 fuisse
941 346 1137 394 divinam
1160 347 1345 410 gratiam
1361 384 1372 403 ,
1393 347 1595 412 adeoque
1609 386 1619 404 ‚

155 425 275 489 quod
310 440 586 488 consequens
620 433 708 479 est,
747 439 833 469 non
867 421 1003 468 alium
1037 423 1365 486 agnoscendum
1391 423 1622 471 christiani

154 500 362 548 connubii
396 499 646 546 ministrum
675 514 775 544 esse
799 508 972 562 praeter
994 499 1283 547 sacerdotem.
1298 498 1507 564 Alioquin
1531 500 1621 548 duo

155 592 242 623 non
275 574 421 637 exigui
454 573 664 621 momenti
699 584 988 638 sequerentur
1020 574 1324 632 incommoda;
1352 576 1471 640 quod
1496 575 1622 640 prius

153 650 278 698 reddi
325 648 446 697 nullo
481 650 612 697 modo
647 649 757 696 ratio
790 661 966 714 posset,
1003 666 1142 714 quare
1182 660 1327 714 patres
1362 662 1406 698 et
1437 651 1624 699 concilia

151 736 214 774 tot
236 726 486 790 praeconiis
511 726 746 773 extulerint
768 726 884 773 hanc
906 724 1222 773 sacerdotalem
1240 726 1592 774 benedictionem
1606 765 1616 783 ‚

151 802 191 849 si
210 819 309 850 eam
334 802 511 850 nonnisi
534 802 597 849 uti
623 802 770 858 ritum,
793 813 870 849 aut
890 819 1075 850 vacuam
1100 802 1392 849 ceremoniam
1427 814 1624 867 spectas·

150 889 271 936 sent,
309 879 421 926 adeo
454 888 504 925 ut
536 878 592 926 ob
626 879 724 926 eius
759 879 1044 926 reverentiam
1074 895 1123 925 se
1152 878 1377 926 continere
1410 880 1622 943 coniuges

149 956 295 1021 prima
328 956 583 1020 nuptiarum
617 966 745 1003 nocte
778 954 1035 1012 debuerint;
1073 954 1192 1019 quod
1227 954 1389 1002 deinde
1420 955 1519 1012 vix,
1547 966 1624 1003 aut

149 1049 205 1079 ne
221 1032 295 1080 vix
312 1031 493 1096 quidem
518 1031 694 1095 probari
719 1041 870 1096 posset
892 1030 1107 1078 adversus
1131 1030 1420 1079 heterodoxos
1439 1031 1622 1094 dogma—

148 1108 235 1155 tica
259 1107 316 1155 de
341 1118 618 1155 sacramento
641 1106 908 1154 matrimonii
930 1107 1115 1164 veritas,
1144 1107 1183 1154 si
1208 1106 1264 1154 de
1287 1107 1409 1154 inani
1427 1124 1622 1155 ceremo-

148 1183 224 1230 nia
247 1182 534 1230 conciliorum
559 1194 602 1230 et
625 1193 798 1248 patrum
824 1183 1074 1230 testimonia
1090 1183 1233 1247 accipi
1254 1183 1321 1230 fas
1338 1194 1471 1230 esset.
1495 1183 1620 1239 Quae

146 1258 330 1323 quidem
367 1259 511 1306 maius
536 1258 684 1306 adhuc
707 1258 843 1306 robur
864 1259 1112 1322 accipiunt,
1141 1259 1179 1305 si
1199 1259 1470 1316 attendatur,
1498 1259 1618 1324 quod

144 1335 369 1383 veteribus
405 1336 555 1399 ignota
589 1352 770 1399 prorsus
807 1346 956 1382 essent
986 1336 1190 1382 materiae
1217 1345 1261 1381 et
1292 1336 1455 1399 formae
1487 1351 1619 1383 voca—

145 1409 274 1466 bula,
296 1427 411 1474 quae
434 1410 612 1457 nonnisi
639 1409 815 1457 saeculo
831 1410 927 1455 XII.
944 1410 989 1455 in
1007 1409 1174 1457 scholis
1191 1410 1491 1457 obtinuerunt.
1507 1410 1617 1457 Cum

145 1484 281 1547 igitur
310 1502 441 1532 voces
477 1485 587 1532 istae
616 1485 813 1550 patribus
849 1485 1026 1547 ignotae
1058 1485 1239 1543 fuerint,
1278 1486 1515 1533 dicendum
1549 1497 1619 1533 est

146 1576 223 1607 eos
248 1559 332 1607 hoc
365 1560 499 1617 idem,
527 1560 645 1624 quod
671 1559 945 1616 scholastici,
975 1577 1055 1624 per
1076 1577 1153 1607 eas
1189 1560 1400 1608 formulas
1422 1560 1619 1608 voluisse

144 1636 410 1700 exprimere,
449 1653 587 1700 quum
622 1634 903 1699 generalibus
939 1635 1029 1682 illis
1061 1635 1208 1683 verbis
1242 1636 1313 1683 usi
1348 1646 1471 1692 sunt,
1494 1636 1617 1683 vide-

144 1710 247 1759 licet
276 1712 650 1777 sanctificationis,
689 1712 1018 1775 obsiqnationis,
1057 1711 1334 1777 aliorumque
1366 1712 1610 1769 eiusmodi,

147 1797 277 1852 prout
302 1786 612 1836 animadvertit
644 1780 803 1835 doctus
834 1787 1099 1836 Benedictus
1131 1787 1307 1835 Stattler
1335 1790 1452 1851 (16).

241 1863 307 1910 Ad
339 1864 452 1912 haec
480 1863 672 1920 accedit,
701 1863 823 1928 quod
846 1862 1187 1911 sacramentalia
1218 1864 1367 1910 omnia
1400 1863 1616 1928 antiquis-

147 1938 285 1995 sima,
312 1940 492 1988 rituales
514 1940 616 1987 libri
641 1957 796 1988 omnes
826 1940 1042 1988 ecclesiae
1074 1939 1260 1996 latinae,
1294 1940 1387 1987 sive
1416 1939 1615 1987 occiden-

146 2013 274 2071 talis,
312 2016 572 2080 euchologia
598 2017 815 2064 ecclesiae
849 2016 1078 2064 orientalis
1109 2016 1345 2062 universae
1378 2015 1616 2064 exhibeant

144 2100 399 2138 constanter
432 2091 701 2139 sacerdotem
731 2092 984 2154 iungentem
1008 2091 1228 2157 connubia
1250 2090 1516 2147 christiana,
1541 2107 1615 2138 va-

145 2166 226 2212 riis
260 2165 419 2213 ritibus
453 2182 533 2230 pro
567 2167 745 2214 diversa
775 2178 937 2224 aetate,
976 2185 1029 2214 ac
1060 2166 1250 2213 diversis
1283 2165 1393 2213 locis
1426 2183 1512 2213 usu
1546 2183 1613 2213 re·

142 2242 311 2306 ceptis;
351 2242 611 2306 praesertim
645 2259 749 2289 vero
781 2242 1087 2290 benedictione
1110 2260 1162 2290 ac
1185 2242 1415 2307 precibus,
1448 2242 1611 2306 quibus

142 2333 170 2365 a
202 2318 295 2365 Deo
330 2335 465 2382 super
498 2317 714 2365 nubentes
760 2320 974 2381 qratiam,
1018 2336 1169 2382 pacem
1201 2335 1252 2365 ac
1285 2318 1611 2382 foecunditatem

142 2393 378 2458 implorent
392 2396 433 2456 (1
442 2394 508 2455 Ἶ).
525 2393 649 2449 Quae
667 2394 859 2458 profecto
877 2394 1083 2440 evincunt
1101 2410 1341 2458 numquam
1360 2410 1448 2440 non
1466 2393 1611 2440 existi·

142 2486 290 2518 masse
323 2470 555 2518 ecclesiam
573 2508 583 2527 ,
622 2487 702 2535 per
736 2470 1007 2518 sacerdotem
1049 2471 1242 2534 coniugii
1285 2480 1606 2518 sacramentum

142 2546 469 2602 administrari,
508 2557 551 2594 et
583 2548 770 2610 gratiam
804 2547 1008 2594 conferri.

235 2634 300 2674 (te)
322 2633 478 2675 Theoloy.
495 2634 676 2667 christian.
694 2636 774 2667 tom.
791 2636 846 2666 Vl.
863 2643 896 2666 n.
912 2639 984 2667 622.

235 2686 300 2727 (17)
320 2687 369 2719 Cf.
387 2687 473 2730 apud
494 2689 629 2721 marten.
644 2690 694 2720 De
709 2689 862 2730 antiquis
882 2687 1044 2720 ecclesiae
1066 2687 1191 2720 ritibus
1204 2687 1260 2719 lib.
1275 2688 1299 2721 Ι.
1314 2688 1397 2728 part.
1411 2689 1452 2720 Π.
1463 2696 1534 2729 cap.
1549 2690 1603 2721 lx.

141 2738 202 2769 art.
220 2743 250 2770 3.
263 2739 327 2770 Nec
342 2747 405 2770 non
420 2740 574 2772 Goarium
591 2741 623 2772 in
638 2739 850 2781 Eucholoqio
866 2748 936 2780 pag.
955 2744 1026 2773 380.
1037 2739 1127 2772 Ordo
1137 2741 1173 2772 in
1182 2737 1401 2781 sponsalibus
1410 2740 1605 2773 celebranti.

142 2791 175 2823 et
187 2789 440 2824 Renaudotium:
458 2792 657 2834 Pei-pecata
673 2792 717 2825 dc
735 2791 771 2824 la
789 2791 840 2828 foi
855 2793 934 2825 tom.
950 2794 991 2824 V.
1006 2792 1080 2825 livr.
1098 2794 1158 2825 Vl.
1171 2792 1310 2834 chap.11
1321 2801 1412 2834 seqq.
