1918 3186
288 174 348 219 ΒΞ
553 189 633 221 un.
665 190 694 220 1.
723 188 836 219 sscr.
866 188 895 218 1.
925 186 978 218 ns
1012 187 1185 219 numu.
1215 186 1499 219 sicanusmo.

285 266 546 330 quemdam,
582 267 661 329 qui
680 274 742 311 est
763 274 1077 312 sacramentum
1098 266 1380 312 matrimonii.
1402 284 1425 310 υ
1446 264 1600 313 Videat
1626 267 1768 330 igitur

287 340 436 388 Canus
471 357 577 387 num
605 357 644 387 s.
668 338 859 387 Thomas
890 341 1071 388 veritate
1105 340 1276 388 tandem
1315 350 1484 388 coactus
1517 342 1764 390 sententiae

286 433 396 464 suae
435 415 767 479 subscripserit.

384 492 605 548 Quoniam
632 508 738 539 vero
765 491 810 538 b.
834 491 1054 549 Thomae,
1083 493 1160 556 qui
1185 493 1336 540 floruit
1357 492 1508 540 seculo
1530 493 1650 539 XIII.
1674 510 1768 540 me·-

286 568 437 615 diante
451 569 493 630 (1
503 570 568 630 8),
584 584 666 615 nec
683 585 769 616 non
780 566 998 616 Guilielmi
1018 569 1300 633 parisiensis,
1318 569 1396 634 qui
1409 569 1610 618 eiusdem
1628 569 1767 617 seculi

287 643 417 692 initio
441 643 649 691 inclaruit
667 646 786 706 (19),
814 661 869 691 ac
891 644 1069 690 demum
1094 643 1209 692 Petri
1234 645 1449 692 Paludani
1469 684 1478 702 ‚
1506 645 1585 710 qui
1615 645 1767 694 seculo

287 720 539 785 insequenti
557 737 640 767 sua
656 720 796 768 edidit
809 720 1135 769 Commentaria
1155 720 1273 783 (20),
1289 722 1533 770 sententias
1551 722 1764 787 expendi-

287 813 412 854 mus,
435 796 657 862 reliquum
673 806 742 845 est
765 797 821 844 ad
844 796 1102 858 unanimem
1128 795 1494 846 scholasticorum
1518 798 1767 846 doctrinam

288 873 373 921 hac
407 873 453 920 in
496 890 542 920 re
584 873 936 938 patefaciendam
954 911 964 930 ‚
1002 883 1045 920 et
1078 873 1419 938 praecipuorum
1456 874 1613 922 saltem
1636 912 1646 931 ,
1686 874 1767 939 qui

288 967 368 1014 per
402 950 522 997 idem
555 960 731 1014 tempus
765 949 932 1014 scripta
959 966 1045 997 sua
1077 949 1341 1013 vulgarunt,
1381 950 1673 998 subiiciamus
1708 960 1769 998 te·-

287 1026 514 1075 stimonia.

383 1092 596 1150 Omnium
636 1103 978 1168 antiquissimus
1003 1114 1106 1168 post
1127 1103 1359 1167 Hugonem
1386 1103 1683 1160 Victorinum,
1711 1104 1769 1151 de

283 1195 377 1243 quo
406 1189 561 1243 postea
593 1178 843 1243 loquemur,
872 1179 950 1243 qui
974 1196 1076 1226 sese
1101 1179 1228 1227 offert
1250 1189 1320 1226 est
1343 1180 1497 1226 Petrus
1523 1179 1767 1243 pictavien-

286 1254 352 1302 sis
374 1255 492 1317 (21),
515 1255 594 1320 qui
611 1256 928 1302 Sententiarum
945 1265 1059 1320 part.
1076 1255 1125 1302 V.
1141 1271 1242 1319 cap.
1258 1255 1368 1302 XIV.
1386 1255 1574 1320 loquens
1598 1254 1656 1302 de
1672 1271 1768 1304 ma-

288 1331 495 1379 trimonio
523 1331 606 1378 ait:
635 1331 1001 1379 «Sacramentum
1028 1331 1114 1379 hoc
1141 1342 1210 1379 est
1238 1348 1486 1379 consensus
1515 1331 1765 1379 animorum

287 1417 334 1454 et
361 1406 554 1454 carnalis
582 1407 769 1472 copula,
801 1425 890 1455 non
923 1418 1030 1455 sunt
1060 1408 1150 1455 duo
1179 1418 1456 1455 sacramenta
1474 1446 1484 1466 ,
1519 1407 1599 1455 sed
1627 1425 1766 1455 unum

288 1494 612 1531 sacramentum
644 1484 824 1533 unionis
858 1484 1021 1532 Christi
1055 1484 1114 1532 ad
1147 1484 1431 1532 ecclesiam.»
1449 1496 1492 1532 et
1521 1502 1620 1550 cap.
1648 1484 1760 1531 XVI.

291 1560 541 1608 «Efficiens
572 1577 710 1608 causa
742 1560 1012 1608 matrimonii
1041 1571 1110 1608 est
1136 1577 1385 1608 consensus
1410 1561 1704 1608 animorum..
1726 1598 1761 1607 ..

287 1653 537 1684 consensus
571 1637 819 1701 coniugalis
848 1637 1074 1685 societatis
1108 1654 1347 1702 expressus
1378 1637 1527 1685 verbis
1554 1637 1612 1684 de
1638 1654 1768 1702 prae-

288 1713 402 1761 senti
419 1713 525 1762 facit
542 1714 893 1771 matrimonium,
916 1714 993 1779 qui
1018 1731 1264 1762 consensus
1289 1731 1378 1762 non
1404 1724 1549 1779 potest
1571 1713 1768 1777 legitime

289 1789 492 1837 contrahi
510 1790 628 1837 inter
646 1790 1003 1854 consanguineos
1021 1801 1138 1838 etc.»
1152 1791 1386 1839 Profitetur
1401 1801 1549 1838 autem
1568 1790 1653 1838 hoc
1669 1790 1769 1855 ipso

292 1865 337 1912 in
361 1864 458 1914 loco
486 1882 536 1914 se
559 1866 734 1914 tradere
759 1883 877 1932 quae
903 1868 1119 1914 communi
1138 1884 1344 1914 consensu
1370 1867 1531 1914 docent
1553 1865 1764 1930 theologi.

384 1941 520 1990 Paulo
554 1953 655 2007 post
686 1943 832 1990 eidem
866 1944 1082 1990 successit
1116 1942 1331 1991 Robertus
1365 1941 1518 1989 Pullus
1547 1943 1665 2004 (22),
1689 1942 1767 2007 qui

289 2019 548 2065 Sententiar.
570 2029 684 2084 part.
706 2019 798 2066 vll.
821 2036 920 2084 cap.
940 2019 1105 2067 XXXV.
1138 2038 1160 2065 «
1183 2019 1293 2067 Cum
1320 2019 1555 2084 utriusque
1588 2035 1770 2067 consen-

289 2111 391 2151 sus,
424 2095 594 2159 inquit,
626 2112 706 2160 per
733 2096 990 2160 coniugium
1014 2096 1115 2153 fiat,
1143 2096 1425 2143 necessarius
1450 2106 1543 2151 est,
1573 2094 1611 2142 si
1635 2093 1763 2151 alter,

289 2180 366 2216 aut
398 2170 526 2218 ambo
558 2171 838 2219 matrimonio
873 2171 1212 2228 contradicunt,
1259 2182 1334 2218 aut
1367 2188 1476 2236 prae
1513 2170 1670 2218 aetatis
1704 2181 1769 2217 te-

289 2245 538 2293 neritudine
561 2263 829 2295 consensum
853 2248 1069 2297 adhibere
1091 2248 1291 2296 nondum
1314 2248 1481 2304 sciant,
1505 2247 1580 2294 hic
1597 2246 1767 2294 tamdiu

287 2320 561 2370 connubium
593 2322 743 2379 deest,
783 2323 998 2388 quamdiu
1023 2341 1106 2389 par
1127 2341 1373 2372 consensus
1401 2322 1575 2370 abest.»
1596 2321 1768 2368 Deinde

290 2396 398 2443 ibid.
423 2397 733 2462 prosequitur:
761 2399 1106 2447 «Verumtamen
1138 2399 1354 2448 Dominus
1382 2397 1632 2446 cuiusmodi
1668 2414 1768 2461 per-

383 2539 450 2579 (18)
471 2540 572 2573 Natus
594 2539 682 2573 enim
699 2542 748 2574 est
767 2549 820 2574 an.
841 2543 928 2575 1224.
946 2541 979 2573 et
998 2540 1032 2574 in
1054 2539 1180 2573 caelum
1197 2540 1327 2572 evectus
1348 2547 1402 2573 an.
1422 2541 1513 2573 1274.

385 2592 452 2632 (19)
473 2592 562 2625 Obiit
576 2601 631 2627 an.
650 2596 744 2634 1249..

383 2644 450 2685 (20)
473 2648 531 2678 An.
552 2649 645 2680 13³0.
671 2648 799 2680 creatus
818 2648 867 2680 est
887 2647 1070 2689 patriarcha
1096 2645 1418 2687 hierosolymitanus,
1442 2647 1590 2677 mortuus
1612 2653 1690 2677 vero
1721 2645 1770 2676 est

287 2704 339 2730 an.
378 2702 396 2730 3
420 2702 450 2730 2.

359 2700 450 2791 1(ζι)
473 2750 563 2783 Obiit
588 2761 639 2784 an.
666 2756 752 2786 1175.

386 2803 450 2843 (22)
473 2803 562 2835 Obiit
586 2813 637 2835 an.
660 2811 748 2837 1220.
