1918 3186
219 204 309 249 188
472 217 551 249 mr.
581 216 610 247 1.
640 213 751 246 secr.
781 213 810 244 1.
841 212 893 244 ns
928 211 1100 245 numu.
1130 186 1412 246 sxcnxur'rtm.

222 293 483 344 sacramenti
502 290 769 339 matrimonii
787 300 855 337 est
871 301 1120 338 contractus
1140 290 1246 337 dum
1264 291 1334 348 fit,
1356 291 1485 339 cuius
1510 302 1694 342 materia

224 380 389 417 remota
413 377 516 416 sunt
538 379 743 431 corpora,
776 365 960 413 materia
992 366 1192 431 proxima
1221 366 1398 415 traditio
1426 384 1661 433 corporum
1678 406 1690 424 ‚

223 446 362 494 forma
380 443 645 508 acceptatio,
666 442 759 506 qu
780 451 816 489 tc
834 443 997 506 accipio
1015 444 1062 489 in
1079 460 1236 501 meam;
1258 443 1393 506 igitur
1410 444 1532 508 prior
1548 455 1691 501 actus,

224 538 313 587 quo
336 530 585 568 contractus
613 518 708 566 fieri
734 518 905 583 incipit,
930 529 998 566 est
1019 519 1203 566 materia
1220 520 1442 584 proxima,
1466 521 1606 569 forma
1630 538 1696 568 se-

225 597 396 646 cundus
420 606 566 652 actus,
585 613 675 660 quo
697 605 948 643 contractus
966 594 1230 660 c'ompletur,
1252 613 1368 660 quae
1385 608 1454 644 est
1470 597 1581 644 illud
1601 615 1697 645 ver-

226 673 324 719 bum
340 670 452 736 quod
469 670 671 718 accedens
688 670 746 717 ad
764 671 1013 717 elementum
1027 670 1137 733 facit
1151 682 1480 719 sacramentum.
1506 674 1555 720 ln
1573 674 1695 721 omni

222 748 339 796 enim
373 757 600 795 contractu
633 747 760 794 adest
794 764 873 794 seu
906 746 1137 793 intervenit
1170 747 1373 805 traditio,
1405 749 1476 797 vel
1509 767 1693 798 conces-

222 825 310 882 sio,
339 835 383 872 et
407 823 649 888 acceptatio
672 823 799 869 iuris.
832 822 936 869 Ideo
959 822 1153 870 diximus
1178 824 1407 871 materiam
1431 826 1696 872 sacramenti

223 901 490 949 matrimonii
525 918 625 947 esse
660 908 930 946 contractum
965 898 1067 945 clum
1099 899 1169 964 fit,
1206 916 1285 946 seu
1318 900 1365 946 in
1398 911 1501 948 actu
1533 919 1622 966 quo
1656 911 1699 949 et

224 994 304 1042 per
321 994 454 1042 quem
473 976 537 1023 fit.
557 977 742 1039 Nempe,
767 974 886 1039 quod
910 974 956 1020 in
981 975 1098 1022 idem
1117 975 1294 1023 recidit:
1318 986 1393 1023 aut
1419 977 1608 1025 habetur
1626 995 1699 1025 sa-

223 1062 494 1101 cramentum
525 1062 568 1099 et
596 1051 785 1098 habetur
812 1061 1084 1109 contractus,
1114 1063 1191 1100 aut
1218 1070 1307 1100 non
1336 1053 1524 1102 habetur
1551 1072 1699 1102 sacra-

223 1141 418 1178 mentum
432 1167 442 1186 ,
473 1146 554 1176 nec
578 1128 765 1176 habetur
788 1139 1055 1186 contractus,
1072 1146 1125 1176 ex
1143 1147 1232 1195 quo
1250 1131 1423 1194 exurgit
1445 1148 1699 1179 sacramen—

223 1217 341 1263 tum,
371 1223 451 1274 seu
475 1223 562 1253 non
587 1214 653 1253 est
677 1214 927 1253 contractus
949 1204 1025 1252 ille
1048 1205 1245 1254 formalis
1274 1206 1423 1272 qualis
1458 1208 1698 1273 requiritur

223 1282 281 1330 ad
315 1291 655 1330 sacramentum.

317 1359 363 1426 Si
387 1357 672 1406 consulamus
695 1374 799 1406 vero
823 1358 1036 1406 ecclesiae
1052 1358 1297 1407 doctrinam
1311 1398 1321 1417 ,
1344 1378 1397 1408 eo
1419 1361 1562 1424 magis
1585 1360 1698 1408 haec

225 1434 392 1484 veritas
416 1433 763 1482 confirmabitur.
792 1434 964 1481 Etenim
987 1452 1040 1483 eo
1063 1435 1163 1499 ipso
1187 1437 1307 1501 quod
1331 1437 1522 1485 ecclesia
1545 1436 1694 1494 docet,

226 1528 409 1560 causam
444 1510 705 1558 efficientem
739 1510 1031 1568 matrimonii,
1064 1521 1113 1558 ut
1145 1512 1342 1577 loquitur
1368 1514 1597 1577 Eugenius
1623 1514 1693 1560 lv.

226 1591 272 1635 in
300 1587 476 1635 decreto
504 1604 584 1652 pro
613 1586 840 1643 Armenis,
871 1587 1129 1651 regulariter
1154 1606 1255 1636 esse
1283 1599 1483 1636 mutuum
1512 1606 1701 1637 consen-

227 1682 328 1713 sum
368 1681 449 1728 per
484 1663 620 1711 verba
659 1663 715 1710 de
749 1663 970 1728 praesenti
1010 1682 1270 1729 expressum
1285 1703 1295 1721 ‚
1336 1665 1572 1730 patefacit,
1610 1682 1698 1713 non

224 1758 359 1807 posse
381 1739 536 1787 haberi
560 1751 884 1787 sacramentum
909 1740 1006 1787 sine
1029 1752 1277 1798 contractu,
1306 1751 1349 1789 et
1370 1742 1569 1789 vicissim
1599 1741 1698 1789 nul-

222 1817 315 1864 lum
333 1815 487 1863 haberi
504 1825 775 1863 contractum
791 1816 868 1863 ubi
888 1833 976 1864 non
993 1827 1061 1864 est
1078 1828 1420 1875 sacramentum,
1438 1834 1538 1865 cum
1552 1817 1701 1864 matri-

225 1893 425 1941 monium
445 1892 502 1940 sit
517 1892 614 1958 ipse
632 1882 855 1955 legitimus
882 1903 1162 1951 contractus,
1186 1894 1263 1959 qui
1281 1894 1424 1958 gratia
1444 1893 1693 1941 instruitur.

322 1968 450 2025 Quod
489 1968 743 2034 expendens
775 1970 1077 2035 Van—Espen,
1117 1981 1268 2018 auctor
1307 1971 1503 2035 profecto
1542 1970 1699 2019 adver-

223 2045 353 2093 sariis
386 2062 475 2093 non
510 2055 772 2110 suspectus,
813 2046 992 2094 scribit:
1029 2047 1220 2095 «Causa
1254 2047 1391 2111 igitur
1423 2047 1621 2095 efficiens
1655 2058 1700 2095 et

224 2123 459 2189 perficiens
499 2124 826 2172 matrimonium
867 2135 936 2173 est
974 2135 1154 2173 mutuus
1194 2125 1547 2173 contrahentium
1593 2142 1699 2173 con-

227 2216 389 2247 sensus
407 2238 417 2256 ,
462 2210 505 2247 et
545 2200 661 2248 sicut
700 2191 928 2266 sponsalia
967 2201 1022 2249 de
1061 2202 1207 2250 suturo
1246 2201 1564 2250 contrahuntur
1602 2200 1697 2248 solo

227 2292 447 2323 consensu
486 2276 532 2322 in
566 2277 746 2341 nuptias
786 2278 985 2335 futuras,
1024 2278 1086 2325 ita
1119 2277 1448 2326 matrimonium
1481 2294 1562 2341 per
1592 2293 1699 2323 con—

227 2368 410 2399 sensum
444 2352 501 2399 de
534 2354 754 2417 praesenti
788 2354 833 2400 in
867 2344 1046 2418 nuptias
1080 2355 1307 2419 perficitur
1340 2354 1461 2400 iuxta
1499 2351 1695 2416 regulam

226 2427 360 2475 iuris:
400 2430 576 2492 nuptias
614 2447 698 2475 non
738 2430 984 2477 concubitus
1022 2430 1097 2476 sed
1136 2446 1362 2477 consensus
1402 2429 1525 2493 facit.
1571 2427 1696 2475 Unde

227 2504 424 2567 pontifex
453 2505 761 2567 (Innocentius
785 2506 896 2567 ΙΙΙ.)
925 2505 971 2551 in
995 2522 1094 2570 cap.
1126 2507 1201 2552 23.
1227 2506 1280 2551 X.
1309 2506 1374 2551 Dc
1396 2504 1689 2568 sponsalibus,

226 2589 450 2643 tamquam
475 2581 772 2629 indubitatum
790 2582 1124 2629 fundamentum
1142 2581 1351 2637 assumit,
1375 2580 1494 2645 quod
1512 2580 1698 2645 sufficiat

228 2653 286 2700 ad
317 2658 638 2704 matrimonium
663 2658 778 2704 solus
805 2674 1031 2705 consensus
1060 2657 1255 2712 illorum,
1287 2655 1338 2703 dc
1361 2674 1540 2720 quorum
1555 2693 1566 2711 ,
1589 2674 1697 2720 qua-

225 2746 401 2795 rumque
419 2733 783 2784 coniunctionibus
795 2734 942 2798 aqitur
958 2735 1054 2796 (12)
1066 2771 1073 2779 .
1085 2753 1107 2778 »
1124 2732 1205 2796 Agi
1222 2750 1327 2781 vero
1343 2732 1399 2780 de
1417 2732 1696 2782 matrimonio

323 2817 391 2859 (12)
412 2819 477 2851 lus
491 2819 609 2853 eccles.
630 2822 729 2854 univ.
745 2829 813 2863 par.
828 2823 869 2855 11.
881 2821 932 2854 tit.
946 2822 1018 2854 ΧΠ.
1034 2829 1105 2864 cap.
1116 2822 1172 2854 IV.
1188 2829 1221 2854 n.
1234 2823 1264 2854 7.
