1912 3180
327 172 419 218 254
583 187 662 217 un.
693 185 722 215 1.
751 183 864 215 sacr.
893 183 1065 215 ALTERA.
1095 184 1146 214 m:
1180 184 1352 216 unium.
1375 185 1514 217 cmm.

417 264 568 326 ltaque
591 260 663 307 his
688 260 895 323 expensis
919 260 1037 307 circa
1061 259 1192 307 civile
1214 261 1483 309 connubium
1518 263 1602 310 sub
1629 267 1786 328 quovis

322 347 521 401 respectu
553 353 606 382 ex
642 345 786 382 mente
825 335 1021 392 illorum,
1067 346 1219 383 contra
1249 354 1361 400 quos
1396 337 1598 400 agimus,
1637 343 1788 403 negari

319 414 475 460 iterum
510 411 692 458 minime
726 422 869 475 potest
901 411 1054 460 civiles
1094 413 1272 477 nuptias
1314 413 1370 460 ad
1404 413 1598 461 familiae
1633 432 1685 463 ac
1718 434 1791 463 so-

318 488 491 535 cietatis
524 487 863 535 dissolutionem
898 487 1091 535 tendere.

412 564 644 629 Reliquum
668 575 756 621 est,
783 575 831 611 ut
860 581 929 611 res
960 564 1061 628 ipsa
1089 564 1348 612 conficiatur
1364 582 1416 613 ex
1435 567 1791 615 consideratione

318 640 454 705 prolis
487 651 609 688 ortae
630 679 639 697 ,
678 651 752 687 aut
779 641 970 688 oriturae
1002 658 1055 686 ex
1089 641 1307 704 coniugiis
1337 641 1567 699 civilibus;
1598 655 1787 707 praeter-

318 717 472 764 missis
495 734 610 782 quae
643 717 699 764 de
732 717 938 780 religiosa
961 733 1013 763 ac
1036 716 1191 763 morali
1226 717 1425 764 eiusdem
1461 718 1626 766 sobolis
1660 720 1789 767 insti-

316 794 483 841 tutione
515 793 664 858 paullo
697 805 799 840 ante
832 792 1273 840 commemoravimus
1296 830 1307 849 ,
1345 805 1540 841 nostram
1574 796 1790 842 converti-

318 887 416 917 mus
435 871 717 918 attentionem
736 870 791 916 ad
812 869 1066 916 istiusmodi
1086 869 1324 917 liberorum
1341 871 1659 919 conditionem.
1681 872 1790 919 Cum

316 963 562 994 consensus
579 965 606 994 a
622 945 982 994 contrahentibus
1008 946 1233 993 exhibitus
1252 963 1399 994 coram
1418 947 1512 994 solo
1532 948 1792 1011 magistratu

318 1022 436 1070 civili
460 1023 517 1070 ad
544 1022 839 1070 exclusionem
863 1021 1094 1078 ecclesiae,
1118 1022 1282 1069 nullius
1306 1040 1489 1087 prorsus
1515 1023 1680 1071 valoris
1705 1024 1786 1080 sit,

318 1115 398 1145 nec
431 1098 610 1162 proprie
632 1098 800 1145 dictum
833 1107 1106 1145 contractum
1141 1099 1415 1161 coniugalem
1450 1098 1645 1156 efficiat,
1684 1099 1792 1147 isto-

319 1191 415 1220 rum
452 1174 533 1220 filii
569 1184 696 1221 erunt
729 1174 910 1222 totidem
936 1174 1078 1239 spurii
1104 1192 1156 1222 ac
1180 1175 1421 1238 illegitimi,
1450 1175 1586 1240 idque
1609 1193 1695 1223 non
1721 1194 1793 1224 so-

318 1249 408 1297 lum
443 1268 591 1298 coram
620 1250 835 1307 ecclesia,
865 1251 943 1298 sed
967 1251 1100 1298 etiam
1135 1262 1336 1316 respectu
1369 1251 1514 1315 ipsius
1549 1252 1788 1299 societatis.

319 1327 383 1373 De
417 1326 606 1374 ecclesia
634 1344 722 1374 non
756 1338 852 1383 est,
892 1327 1011 1392 quod
1043 1327 1320 1384 dubitemus3
1356 1328 1503 1392 quoad
1539 1328 1792 1376 societatem

318 1402 447 1449 facile
490 1403 749 1450 ostenditur.
791 1404 900 1449 Nam
941 1403 1042 1450 licet
1081 1403 1191 1466 legis
1235 1404 1280 1450 vi
1326 1403 1455 1450 civile
1495 1404 1692 1466 regimen
1733 1404 1793 1451 ita

318 1489 568 1542 procreatos
605 1478 720 1525 filios
754 1488 922 1542 spectet
955 1489 1179 1543 tamquam
1214 1479 1456 1541 legitimos,
1501 1478 1792 1527 nihilominus

318 1552 505 1618 populus
536 1554 805 1601 christianus
835 1571 910 1601 eos
940 1571 1114 1618 semper
1130 1571 1181 1602 ac
1199 1554 1356 1617 iugiter
1374 1554 1437 1601 uti
1457 1555 1632 1619 spurios
1656 1555 1794 1603 habe-

317 1628 407 1684 bit,
448 1638 597 1693 utpote
629 1629 684 1676 ab
713 1629 942 1692 illegitimo
970 1639 1064 1676 toro
1095 1639 1212 1676 ortos
1231 1667 1241 1686 ,
1270 1647 1349 1676 seu
1373 1647 1399 1676 a
1422 1629 1660 1677 fornicaria
1689 1648 1793 1678 con-

318 1705 541 1752 iunctione
574 1706 844 1770 progenitos.
887 1706 1136 1770 Numquam
1171 1705 1266 1752 sive
1299 1704 1368 1753 lex
1404 1706 1499 1753 sive
1531 1706 1791 1769 gubernium

317 1780 374 1827 ab
407 1781 492 1828 hac
526 1782 795 1845 turpitudine
829 1799 904 1829 eos
942 1781 1176 1845 absterget.
1221 1782 1360 1829 Insita
1401 1800 1454 1829 ea
1488 1793 1557 1829 est
1595 1783 1792 1846 ipsorum

317 1856 478 1919 origini
516 1868 559 1903 et
593 1857 639 1903 in
680 1858 902 1904 communi
938 1857 1167 1905 hominum
1203 1875 1340 1905 sensu
1374 1868 1415 1905 et
1445 1859 1490 1904 in
1523 1859 1793 1906 conscientia

319 1932 664 1980 christianorum
683 1972 693 1989 ,
730 1951 844 1998 quae
879 1934 1142 1998 cuicumque
1174 1934 1393 1981 humanae
1427 1935 1514 1998 legi
1551 1935 1789 1998 praevalet.

319 2009 440 2055 Haec
469 2019 614 2056 autem
649 2009 764 2056 inter
796 2009 1016 2072 legitimos
1045 2020 1177 2073 atque
1200 2009 1454 2073 illegitimos
1479 2010 1688 2058 discretio
1711 2011 1794 2057 mi-

319 2103 415 2133 rum
443 2096 513 2133 est
539 2104 669 2151 quem
705 2087 920 2133 inssuxum
955 2086 1002 2132 in
1037 2086 1290 2134 societatem
1326 2098 1542 2134 exerceat.

414 2162 594 2210 Accedit
628 2162 745 2227 quod
773 2163 811 2210 si
837 2162 1055 2209 eiusmodi
1094 2163 1174 2208 filii
1205 2163 1367 2209 fuerint
1401 2181 1453 2209 ex
1491 2163 1666 2210 diverso
1699 2173 1793 2209 toro

319 2239 434 2295 nati,
464 2234 682 2303 quaedam
709 2238 823 2285 inter
846 2256 922 2286 eos
947 2249 1103 2302 suapte
1138 2249 1294 2286 natura
1327 2238 1492 2286 oriatur
1515 2237 1762 2302 antipathia
1778 2276 1788 2293 ,

318 2332 451 2378 quam
474 2324 653 2369 vocant,
683 2331 762 2361 seu
785 2314 921 2360 animi
953 2314 1153 2371 aversio,
1183 2331 1299 2378 quae
1321 2331 1407 2360 non
1435 2330 1532 2360 raro
1556 2313 1795 2359 succrescit

319 2402 450 2456 atque
483 2390 529 2436 in
564 2400 714 2455 aperta
741 2390 844 2437 odia
877 2390 1099 2454 erumpit,
1139 2390 1201 2437 ita
1234 2401 1281 2437 ut
1314 2390 1502 2438 invicem
1537 2404 1638 2435 sese
1669 2406 1795 2435 aver-

319 2478 488 2513 sentur.
514 2466 708 2529 Augetur
731 2476 876 2513 autem
901 2466 1062 2512 mirum
1086 2466 1131 2512 in
1155 2465 1334 2513 modum
1360 2483 1496 2530 prava
1524 2465 1634 2511 haec
1656 2465 1791 2511 animi

320 2542 557 2606 dispositio
573 2581 583 2598 ,
610 2541 687 2589 ubi
712 2541 859 2606 agitur
881 2541 937 2588 de
960 2540 1166 2588 adeunda
1192 2539 1465 2587 haereditate
1495 2539 1590 2586 sive
1613 2549 1794 2603 paterna

322 2618 415 2664 sive
447 2630 660 2666 materna.
689 2618 803 2664 Hinc
832 2617 931 2665 lites
956 2617 1081 2679 iuges
1106 2616 1219 2664 inter
1241 2634 1318 2664 eos
1341 2626 1610 2663 enascuntur
1633 2626 1677 2662 et
1699 2633 1794 2663 suo-

320 2704 552 2749 crescunt,
603 2710 718 2758 quae
764 2693 935 2740 nullum
969 2702 1016 2740 ut
1056 2692 1294 2758 plurimum
1339 2691 1512 2738 felicem
1554 2691 1794 2738 sortiuntur

320 2767 498 2814 exitum.
539 2768 703 2817 Omnes
729 2768 842 2817 inter
866 2767 1111 2819 simultates
1145 2766 1403 2816 adolescunt
1427 2778 1470 2814 et
1491 2766 1597 2814 odia
1620 2777 1788 2823 mutua,
