1918 3186
251 202 340 234 cn.
363 202 405 232 v.
430 202 482 233 ns
505 201 658 234 umisr.
682 200 885 234 commin.
913 201 1005 234 Aur.
1028 201 1074 235 11.
1096 201 1190 235 Aac.
1213 200 1447 234 nummos.
1521 185 1607 232 141

153 278 355 326 absolute
377 279 443 326 uti
471 279 576 326 talia
599 296 686 326 non
709 277 1011 335 habebantur;
1038 278 1239 344 adeoque
1260 285 1485 343 tamquam
1508 294 1613 326 vera

153 355 356 418 coniugia
389 356 435 401 in
467 354 690 402 communi
718 353 1066 411 existimatione,
1100 355 1188 403 imo
1212 364 1256 402 et
1282 354 1326 402 in
1355 354 1520 402 iudicio
1542 368 1615 402 ec·

151 430 315 479 clesiae
332 431 672 496 recipiebantur,
694 431 788 479 Non
807 440 1010 494 poterant
1032 443 1177 478 autem
1187 431 1435 496 periclitari
1454 428 1544 479 nisi
1567 428 1613 478 in

148 507 268 570 vulgi
304 507 422 554 sama
453 518 495 555 et
524 506 806 571 suspicione,
834 523 886 554 eo
909 506 1029 570 quod
1053 506 1109 554 ab
1134 507 1233 571 ipso
1260 507 1513 572 nuptiarum
1541 524 1616 555 ce-

150 582 332 630 lebratio
349 581 664 646 'ignoraretum
693 600 795 629 nam
818 581 1007 630 ecclesia
1031 599 1117 630 non
1142 592 1312 647 poterat
1334 583 1391 630 de
1413 582 1615 632 doctrina

149 675 232 705 sua
263 658 465 706 dubitare
479 696 489 715 ,
512 676 592 706 seu
609 658 894 706 dubitabatur
921 658 972 705 de
995 658 1124 722 sacto,
1154 676 1242 706 non
1265 659 1316 705 de
1339 660 1432 706 iure
1454 676 1481 706 a
1505 659 1617 706 fido-

148 733 266 782 libus
291 753 379 783 non
397 735 540 783 solum
558 772 568 791 ,
592 734 671 782 sed
688 734 743 782 ab
760 734 860 799 ipsa
875 733 1079 782 ecclesia.
1102 734 1199 782 Huc
1220 735 1437 782 accedunt
1458 750 1616 783 omnes

148 820 295 873 patres
330 810 420 867 illi,
459 811 564 875 qui,
593 821 642 857 ut
664 810 930 866 videbimus,
969 809 1220 857 habuerunt
1252 820 1476 875 tamquam
1511 827 1617 859 vera

147 886 377 950 coniugia,
416 886 617 951 adeoque
652 896 927 934 sacramenta
949 903 1018 942 ea,
1046 903 1162 950 quae
1189 885 1288 934 sine
1310 885 1619 935 benedictione

148 962 483 1010 celebrabantur
499 1000 510 1019 ,
550 980 708 1027 nempe
742 962 963 1010 secundae
996 961 1150 1010 saltem
1185 961 1383 1027 nuptiae.

242 1039 413 1086 Exinde
441 1038 605 1086 factum
634 1049 725 1094 est,
756 1048 806 1086 ut
830 1038 1033 1102 quamvis
1062 1037 1250 1086 ecclesia
1277 1037 1535 1086 iustissimis
1558 1037 1617 1085 de

145 1114 294 1163 causis
328 1132 442 1179 quas
481 1125 680 1162 recenset
713 1115 973 1162 Benedictus
1004 1114 1114 1161 XIV.
1153 1131 1253 1162 cum
1288 1114 1389 1162 aliis
1423 1114 1615 1162 auctori-

144 1190 228 1237 bus
250 1192 336 1252 (6),
357 1190 575 1238 eiusmodi
595 1189 801 1253 coniugia
817 1190 975 1255 quovis
994 1201 1189 1254 tempore
1212 1189 1427 1237 detestata
1453 1189 1584 1237 fuerit
1599 1226 1610 1246 ,

144 1267 234 1315 imo
249 1277 293 1314 et
310 1266 585 1314 interdixerit
606 1268 690 1329 (7);
713 1266 752 1314 si
772 1276 916 1315 tamen
940 1266 1171 1329 contigerit
1184 1284 1238 1314 ea
1255 1266 1323 1314 sic
1338 1266 1616 1314 clandestina

147 1342 319 1390 ratione
357 1343 499 1390 fuisse
537 1342 784 1399 celebrata,
819 1342 955 1390 veluti
987 1342 1143 1390 illicita
1176 1341 1356 1407 quidem
1391 1342 1611 1399 habuerit,

149 1435 237 1466 non
261 1428 408 1465 autem
437 1428 488 1466 ut
518 1418 728 1466 invalida.
759 1419 1000 1482 Loquimur
1025 1427 1170 1466 autem
1204 1418 1262 1466 de
1294 1418 1484 1467 ecclesia
1515 1418 1617 1466 uni-

141 1494 302 1542 versali
321 1531 332 1551 ‚
377 1494 598 1559 quidquid
638 1494 683 1540 in
718 1493 944 1542 nonnullis
987 1494 1266 1542 dioecesibus
1299 1494 1356 1541 ab
1389 1494 1616 1559 episcopis

145 1570 191 1616 in
231 1570 579 1634 provincialibus
619 1570 819 1618 conciliis
858 1580 1035 1618 cautum
1071 1569 1175 1618 olim
1210 1570 1430 1619 interdum
1463 1570 1609 1618 fuerit.

146 1647 195 1692 ln
223 1645 413 1694 ecclesia
447 1657 595 1694 autem
624 1646 867 1710 generatim
892 1646 956 1693 uti
983 1647 1132 1694 valida
1155 1646 1309 1695 habita
1338 1646 1479 1695 fuisse
1511 1664 1617 1695 con-

145 1722 266 1785 iugia
293 1722 571 1771 clandestina
598 1740 686 1770 non
716 1722 847 1771 modo
876 1723 922 1770 in
949 1724 1117 1771 ratione
1149 1734 1426 1780 contractus,
1463 1741 1615 1771 verum

143 1799 277 1846 etiam
310 1800 356 1846 in
392 1800 560 1848 ratione
593 1801 879 1858 sacramenti,
908 1819 1037 1849 secus
1062 1818 1113 1848 ac
1136 1801 1349 1848 adversae
1370 1800 1615 1848 sententiae

145 1876 317 1940 patroni
335 1878 572 1934 senserint,
595 1877 970 1942 locupletissimos
990 1888 1123 1926 testes
1148 1877 1383 1925 habemus.
1612 1874 1616 1878 ’

240 1952 356 1998 Sane
381 1953 509 2017 Hugo
532 1971 559 2000 a
582 1964 737 2002 sancto
765 1954 935 2004 Victore
958 1955 1004 2001 in
1028 1972 1102 2019 op.
1124 1954 1187 2000 De
1204 1962 1468 2001 sacramento
1485 1953 1608 2018 fidei,

145 2028 257 2075 haec
283 2028 341 2075 ad
370 2046 463 2076 rem
496 2040 690 2078 nostram
726 2030 905 2078 scribit:
933 2051 955 2076 t<
972 2031 1017 2077 Si
1051 2030 1152 2095 quis
1188 2040 1395 2094 quaerat,
1435 2029 1615 2094 quando

145 2105 399 2168 coniugium
424 2122 523 2153 esse
546 2105 755 2170 incipiat:
794 2107 985 2155 dicimus
1003 2146 1013 2164 ,
1050 2106 1169 2171 quod
1193 2124 1245 2154 ex
1269 2123 1358 2171 quo
1382 2105 1483 2154 talis
1507 2123 1614 2154 con-

144 2197 333 2237 sensus,
373 2181 550 2246 qualem
585 2199 723 2246 supra
754 2183 1038 2230 definivimus
1067 2183 1416 2245 (c.1v.),inter
1437 2199 1614 2231 mascu-

144 2258 235 2305 lum
268 2268 314 2305 et
346 2258 582 2305 foeminam
616 2258 758 2306 factus
798 2259 959 2306 fuerit:
998 2275 1051 2306 ex
1085 2276 1138 2307 eo
1172 2259 1319 2306 statim
1358 2259 1611 2322 coniugium

144 2344 235 2390 est,
268 2351 400 2398 quem
430 2335 511 2381 etsi
542 2344 695 2398 postea
718 2333 878 2399 copula
904 2335 1051 2382 carnis
1079 2335 1304 2399 sequitur,
1332 2334 1442 2381 nihil
1467 2345 1612 2383 tamen

142 2409 348 2473 coniugio
381 2410 573 2474 amplius
609 2410 665 2457 ad
699 2412 900 2457 virtutem
931 2412 1191 2457 sacramenti
1222 2410 1458 2458 confertur.
1488 2410 1613 2457 Unde

141 2496 340 2542 constat,
369 2486 489 2551 quod
513 2486 552 2533 si
577 2486 645 2534 vir
675 2486 744 2533 vel
772 2486 931 2533 mulier
963 2495 1064 2551 post
1098 2485 1228 2533 talem
1263 2502 1530 2533 consensum
1554 2486 1611 2533 ad

239 2602 284 2643 (6)
305 2605 355 2636 De
369 2603 498 2645 synodo
512 2603 568 2636 lib.
581 2605 669 2636 vlu.
685 2613 756 2646 cap.
770 2606 842 2637 ΧΠ.
855 2614 887 2636 n.
901 2607 931 2636 4.
948 2609 978 2637 5.
991 2604 1041 2636 Cf.
1053 2604 1151 2636 etiam
1163 2603 1252 2636 card.
1266 2603 1455 2637 pallavicini
1473 2603 1507 2636 in
1527 2604 1611 2638 Hist.

144 2661 236 2685 conc.
251 2653 330 2687 trid.
346 2654 403 2687 lib.
417 2656 517 2688 xxu.
536 2664 606 2697 cap.
620 2657 661 2688 V.
676 2656 708 2688 et
721 2656 810 2688 alibi.

239 2705 284 2746 (7)
303 2707 389 2738 Inter
403 2708 510 2739 cetera
526 2707 558 2739 in
572 2709 646 2740 lure
657 2708 815 2740 canonico
826 2709 941 2740 Causa
954 2710 1052 2740 xxx.
1063 2716 1096 2741 n.
1106 2713 1135 2740 2.
1153 2707 1269 2749 legitur
1281 2708 1342 2741 sub
1355 2708 1546 2742 Hormisdae
1556 2717 1612 2741 no-

143 2758 229 2789 mine
244 2758 305 2790 hoc
322 2758 502 2791 decretum:
521 2773 536 2787 «
550 2760 666 2792 Nullus
684 2760 788 2792 fidelis
810 2760 1042 2801 cuiuscumque
1059 2760 1256 2793 conditionis
1269 2761 1471 2802 dumne
1484 2762 1615 2803 nuptia·

142 2808 256 2842 saciat:
280 2809 337 2842 sed
359 2810 582 2844 benedictione
601 2812 733 2853 accepta
745 2820 765 2843 a
776 2811 963 2853 sacerdote,
978 2812 1106 2854 publice
1120 2812 1221 2846 nubat
1233 2813 1267 2846 in
1278 2813 1450 2847 Domino.»
