1912 3180
298 166 386 212 312
550 181 627 212 ΜΒ.
659 180 687 210 Ι.
717 179 828 210 SECT.
858 179 1026 211 ALTERA.
1057 180 1109 211 DE
1133 179 1305 212 numm.
1335 179 1474 212 elvm.

295 275 391 304 cam
425 256 676 320 opinionem
703 272 830 312 esse,
868 273 983 320 quae
1016 256 1195 320 propria
1234 273 1322 303 non
1356 268 1424 304 est
1457 258 1544 305 nisi
1577 263 1757 324 conspi-

296 333 433 380 rantis
458 342 607 379 coetus
626 369 636 388 ,
666 331 743 396 qui
769 349 817 379 se
840 342 986 379 tamen
1011 332 1223 397 populum
1251 333 1508 381 universum
1537 335 1753 400 appellat,

294 425 374 454 nec
406 417 474 454 est
505 406 592 454 nisi
627 406 852 472 opinionis
883 418 1203 464 commentum,
1231 409 1350 473 quod
1383 409 1501 457 delet
1531 410 1645 458 dies.
1679 412 1757 459 Isti

293 492 476 546 peccant
503 478 651 546 quoad
682 482 1051 548 applicationem,
1079 495 1149 531 ast
1173 479 1442 548 principium
1475 485 1760 534 verissimum

293 569 387 615 est,
421 557 498 605 ubi
533 556 712 622 publica
745 559 895 624 opinio
929 558 1071 607 solido
1101 559 1312 606 innitatur
1338 559 1586 609 honestatis
1610 579 1663 610 ac
1684 579 1763 610 ve·-

294 635 434 682 ritatis
468 633 778 691 fundamento,
817 646 947 699 prout
979 635 1024 680 in
1057 652 1165 682 casu
1200 646 1350 684 nostro
1379 637 1608 701 contingit.

389 711 483 758 Iam
511 727 615 759 vero
649 710 855 776 publicae
884 710 1104 757 eiusmodi
1138 711 1337 775 opinioni
1363 713 1590 761 adversari
1618 713 1760 777 legem

294 788 349 834 de
368 787 648 835 matrimonio
671 787 790 835 civili
814 795 1084 851 compertum
1105 787 1153 834 fit
1171 786 1404 852 multiplici
1428 790 1611 838 ratione.
1633 789 1762 838 Com-

294 875 466 928 pertum
486 864 534 912 fit
548 882 602 912 ex
620 881 671 912 eo
689 902 699 921 ,
727 863 844 928 quod
869 863 908 910 si
933 880 1098 927 paucos
1123 863 1224 912 illos
1247 863 1478 928 leguleius,
1500 883 1552 914 ac
1570 866 1762 931 pseudo-

293 940 500 1004 politicos
544 940 817 1003 irreligiosos
852 949 895 986 et
928 939 1181 988 incredulos
1215 941 1437 1006 excipias,
1471 942 1548 1007 qui
1583 959 1683 990 eam
1716 943 1763 989 in

294 1015 488 1080 publicis
523 1015 716 1063 comitiis
750 1026 1033 1080 promovent,
1066 1014 1213 1063 nullos
1248 1016 1386 1074 alios,
1425 1028 1503 1065 aut
1535 1034 1659 1066 raros
1682 1017 1763 1065 ad-

293 1092 471 1140 modum
508 1091 668 1139 habeat
701 1090 1071 1156 adstipulatores;
1099 1104 1371 1157 compertum
1396 1093 1446 1140 fit
1467 1110 1521 1141 ex
1543 1111 1613 1151 eo,
1641 1094 1762 1159 quod

294 1183 448 1214 omnes
472 1166 648 1215 honesti
670 1166 791 1214 cives
815 1166 872 1214 ab
895 1167 1116 1215 eiusmodi
1149 1168 1369 1232 coniugiis
1402 1186 1522 1216 mere
1554 1169 1762 1218 civilibus

293 1260 575 1308 summopere
607 1242 896 1300 abhorreant,
924 1260 1066 1308 eaque
1094 1243 1391 1302 detestentur;
1418 1256 1690 1310 compertum
1715 1245 1766 1292 fit

293 1337 346 1366 ex
370 1319 580 1366 infamiae
603 1330 723 1376 nota,
748 1337 884 1384 quam
901 1319 1078 1368 nomini
1101 1337 1184 1368 suo
1216 1320 1398 1367 inurunt
1423 1331 1657 1385 perpetuo,
1684 1321 1762 1386 qui

294 1395 513 1443 eiusmodi
537 1396 715 1460 nuptias
735 1395 1012 1448 ‚contrahunt
1032 1397 1151 1459 (13);
1173 1407 1446 1461 compertum
1474 1397 1524 1445 fit
1551 1413 1605 1445 ex
1631 1414 1789 1445 cona-x,

293 1470 411 1519 tibus
453 1471 542 1518 illis
576 1472 851 1535 omnigenis,
891 1471 1057 1537 quibus
1102 1482 1305 1529 utuntur,
1350 1483 1568 1538 quotquot
1599 1472 1763 1521 vellent

293 1547 560 1612 persuadere
583 1547 748 1612 legem,
777 1549 834 1596 de
856 1566 946 1614 qua
969 1548 1236 1596 disserimus
1253 1585 1263 1605 ,
1301 1547 1463 1596 bonam
1497 1565 1598 1597 esse
1630 1560 1763 1614 atque

292 1624 444 1672 utilem
475 1625 898 1690 convenientemque
921 1624 1144 1672 societatis
1169 1624 1425 1689 progressui
1450 1623 1758 1681 ac‘libertatis,

294 1717 374 1748 nec
397 1712 541 1749 tamen
565 1701 796 1766 quidpiam
822 1700 1083 1766 proficiunt;
1107 1717 1260 1748 omnes
1278 1701 1395 1748 enim
1414 1700 1625 1764 detegunt
1642 1701 1763 1765 ipso-

294 1794 390 1823 rum
425 1777 702 1842 sophismata
717 1816 728 1834 ,
756 1794 838 1825 nec
862 1777 948 1825 nisi
970 1777 1168 1824 volentes
1192 1776 1473 1842 decipiuntur
1497 1788 1631 1841 atque
1655 1777 1766 1825 irre-

292 1854 489 1910 -tiu-ntur;
523 1866 795 1918 compertum
823 1853 1018 1918 denique
1045 1853 1093 1900 fit
1121 1870 1174 1900 ex
1205 1852 1261 1900 iis
1292 1853 1404 1918 ipsis
1423 1891 1433 1910 ,
1472 1853 1549 1918 qui
1584 1853 1630 1899 in
1665 1854 1766 1918 qui-

293 1929 481 1977 busdam
517 1929 796 1993 regionibus,
836 1929 881 1983 in
915 1928 1080 1994 quibus
1114 1929 1184 1976 lex
1208 1929 1296 1977 ista
1319 1928 1511 1986 obtinet,
1544 1929 1764 1977 eiusmodi

295 2006 473 2071 nuptias
520 2006 737 2063 inierunt,
783 2005 878 2054 sive
917 2016 1019 2053 nota
1052 2005 1255 2071 publicae
1300 2005 1508 2053 infamiae
1542 2005 1760 2071 perculsi,

295 2082 390 2129 sive
423 2081 705 2129 interioribus
740 2082 1037 2129 conscientiae
1069 2080 1302 2129 latratibus
1338 2082 1526 2145 agitati,
1565 2082 1660 2130 sive
1693 2099 1767 2129 as-

296 2157 440 2204 siduis
481 2157 696 2206 molestiis
735 2169 783 2205 ut
822 2158 1062 2223 plurimum
1099 2157 1380 2204 existimatae
1412 2158 1617 2222 coniugis
1649 2157 1767 2206 solli-

296 2234 580 2281 citationibus
624 2235 836 2299 permoti,
890 2233 1067 2282 tandem
1108 2233 1349 2299 aliquando
1392 2234 1681 2298 resipiscunt,
1725 2245 1768 2281 et

298 2327 444 2357 coram
469 2310 656 2358 ecclesia
679 2310 1007 2358 matrimonium
1038 2327 1167 2357 suum
1203 2308 1484 2357 contrahunt.

392 2519 458 2558 (13)
479 2518 631 2559 Apposite
655 2519 696 2550 D.
717 2518 832 2550 Sanzet
851 2526 904 2558 op.
922 2517 976 2549 cit.
994 2524 1065 2558 pag.
1087 2520 1135 2549 19.
1150 2516 1279 2548 scribit:
1305 2515 1461 2556 L’epouse
1475 2513 1516 2545 de
1531 2514 1562 2545 la
1574 2513 1619 2545 loi
1638 2513 1767 2545 marche

299 2580 434 2612 presque
447 2573 596 2613 toujours
609 2581 673 2604 aux
687 2571 791 2604 autels
806 2571 846 2603 de
862 2569 893 2603 la
907 2571 1043 2612 religion
1055 2593 1065 2610 ‚
1081 2571 1114 2602 et
1125 2570 1206 2602 cene
1218 2569 1275 2610 qui
1292 2577 1332 2602 ne
1345 2569 1421 2601 s'oet
1433 2567 1524 2609 point
1538 2567 1702 2608 presentee
1715 2567 1768 2600 de·

298 2625 377 2654 vant
400 2624 479 2656 Dieu
489 2649 499 2665 ,
524 2625 611 2657 n’ose
625 2633 682 2665 pas
698 2624 785 2656 lever
804 2623 832 2656 la
848 2623 936 2656 trout
947 2622 1066 2656 devant
1080 2623 1127 2655 les
1140 2622 1297 2654 hommes.
1315 2623 1363 2653 Eu
1380 2621 1455 2653 vain
1469 2620 1499 2653 le
1514 2621 1682 2661 magistrat
1694 2629 1769 2653 con-

297 2683 386 2707 sacre
401 2675 442 2707 de
457 2676 548 2709 telles
564 2676 732 2716 alliances;
747 2674 904 2718 l'opinion
919 2675 992 2717 plus
1007 2674 1172 2716 puissante
1186 2683 1249 2714 que
1264 2673 1323 2713 lui,
1333 2673 1380 2705 les
1392 2672 1574 2705 meconnait
1585 2681 1661 2704 sans
1673 2672 1770 2713 pitia,

298 2729 330 2760 et
344 2728 377 2760 la
391 2728 515 2769 pudeur
535 2730 689 2770 publique
703 2729 836 2763 execute
849 2737 908 2762 son
922 2729 1016 2761 arret.
1035 2729 1095 2760 Lm
1111 2735 1231 2760 moeurs
1241 2751 1251 2767 ,
1269 2726 1384 2768 aupres
1399 2725 1442 2758 du
1462 2726 1596 2768 peupte,
1613 2727 1671 2759 ont
1690 2734 1770 2758 rem·

302 2782 393 2822 place
410 2781 456 2813 les
472 2782 565 2814 lois.»
