1918 3186
350 217 410 263 82
600 230 682 263 m.
710 230 741 262 1.
769 227 882 261 sacr.
910 227 941 259 1.
969 227 1024 259 nn
1061 227 1234 261 urnis.
1263 227 1547 262 SAannrNro.

348 308 473 356 docet
498 324 524 354 e
555 314 711 354 natura
743 303 858 353 sacri
890 303 1122 353 ministerii
1156 305 1374 369 profluere
1388 342 1398 362 ,
1424 305 1468 353 vi
1491 305 1620 355 cuius
1641 304 1810 370 dispon-

345 385 454 432 satt’o
486 382 783 447 mysteriorum
804 380 889 428 Dei
915 380 1054 430 sacris
1088 381 1304 430 ministris
1337 381 1599 446 generaliter
1631 381 1810 437 adserta

345 469 438 516 est,
465 475 493 504 a
514 474 627 522 qua,
664 464 712 503 ut
734 457 782 502 in
803 466 887 503 uno
920 456 1148 504 recedatur
1180 467 1452 506 sacramento
1473 494 1483 514 ,
1522 456 1693 505 nullum
1726 474 1810 506 seu

345 552 384 582 s.
406 533 676 597 scripturae,
703 532 799 581 sive
822 532 964 597 prima
990 533 1179 581 ecclesia
1211 534 1544 582 fundamentum
1574 533 1802 598 praebent.

345 610 498 673 Itaque
531 608 605 656 hic
638 618 790 658 auctor
820 609 1008 658 assumit
1028 627 1083 657 ex
1105 609 1239 657 allato
1262 610 1511 659 testimonio
1534 609 1808 658 sacerdotem

344 684 553 735 connubii
577 684 808 733 christiani
830 685 1081 733 ministrum
1104 684 1334 733 declarari.
1352 686 1407 734 Et
1428 686 1490 734 ita
1512 702 1641 751 porro
1658 696 1810 735 aucto-

343 778 414 809 res
449 760 609 826 reliqui
641 761 796 810 eadem
829 761 960 826 plane
992 761 1160 810 ratione
1183 777 1236 810 ex
1259 761 1343 811 hoc
1367 762 1549 826 paulino
1572 771 1692 811 textu
1715 779 1808 810 rem

344 853 470 883 suam
511 836 769 893 conficiunt,
807 836 915 901 quin
950 852 1134 885 necesse
1166 835 1226 884 sit
1257 836 1531 901 singulorum
1561 837 1698 888 verba
1729 837 1810 886 de-

343 911 556 969 scribere,
592 929 707 976 quae
739 911 917 959 tandem
950 911 1105 958 eodem
1139 911 1355 958 recidunt.

437 987 547 1034 Cum
562 1004 666 1035 vero
684 987 768 1034 hoc
786 986 929 1034 solum
947 986 1006 1034 sit
1022 986 1336 1034 documentum
1349 1024 1359 1043 ,
1381 987 1500 1052 quod
1517 1004 1570 1034 ex
1582 987 1808 1052 Scriptura

341 1063 638 1128 depromitur,
677 1080 763 1112 non
797 1073 865 1111 est
896 1062 1016 1127 quod
1050 1062 1221 1110 diutius
1246 1062 1292 1109 in
1314 1062 1399 1111 hac
1422 1063 1708 1128 inquisitione
1729 1063 1808 1110 de-

342 1150 573 1187 tmeamur.

886 1248 1160 1285 ARTICULUS
1186 1249 1233 1284 11.

802 1343 1038 1394 Argumenta
1063 1343 1335 1383 traditionalia.

436 1440 797 1489 Traditionalium
826 1451 1180 1504 argumentorum
1205 1440 1383 1489 nomine
1405 1439 1694 1503 intelligimus
1727 1440 1808 1488 do-

340 1526 544 1565 cumenta
558 1555 570 1573 ,
597 1534 677 1565 seu
699 1517 845 1566 media
868 1516 965 1574 illa,
999 1534 1078 1581 per
1099 1533 1216 1580 quae
1237 1516 1295 1563 ad
1319 1533 1399 1565 nos
1423 1516 1608 1581 antiqua
1630 1515 1810 1568 traditio

339 1593 565 1658 pervenit,
590 1603 724 1658 atque
747 1593 876 1642 nobis
905 1593 1060 1642 eadem
1093 1591 1270 1641 traditio
1303 1592 1552 1640 innotescit.
1573 1592 1806 1644 Eiusmodi

339 1685 471 1733 porro
502 1669 797 1718 instrumenta
828 1679 1063 1717 censentur
1095 1685 1198 1716 esse
1233 1677 1431 1717 veterum
1462 1678 1638 1732 patrum
1671 1678 1808 1732 atque

339 1745 604 1809 scriptorum
627 1746 1025 1794 ecclesiasticorum
1053 1745 1188 1792 effata
1216 1760 1269 1792 ac
1295 1743 1570 1800 testimonia,
1604 1760 1810 1793 romano-

339 1837 436 1867 rum
460 1821 716 1885 pontificum
734 1831 777 1869 et
792 1820 1098 1878 conciliorum,
1121 1819 1503 1868 oecumenicorum
1522 1818 1803 1883 praesertim,

337 1895 515 1944 decreta
544 1906 678 1961 atque
717 1896 991 1953 sanctiones,
1027 1913 1080 1943 ac
1111 1895 1346 1945 universae
1379 1895 1559 1943 demum
1594 1894 1808 1943 ecclesiae

339 1972 505 2035 praxis.
803 1977 805 1980 ’
1648 1979 1650 1982 ’

434 2047 551 2095 Sane
572 2048 683 2095 haec
704 2058 811 2096 sunt
831 2047 1095 2096 documenta
1118 2046 1212 2103 illa,
1234 2045 1398 2111 quibus
1416 2045 1472 2093 ad
1491 2044 1806 2095 adstruendam

338 2121 499 2170 thesim
533 2128 662 2171 suam
701 2124 840 2172 utitur
870 2123 1043 2181 Canus,
1089 2123 1217 2172 cuius
1259 2121 1395 2171 verba
1434 2121 1522 2171 iam
1555 2119 1770 2173 ‚describo
1789 2157 1802 2177 ‚

335 2213 540 2262 quaeque
568 2199 631 2246 isa
658 2217 707 2248 se
734 2199 922 2248 habent:
955 2198 1051 2247 «Ac
1075 2208 1249 2263 patrum
1272 2194 1806 2263 quidem-memoriam-

337 2272 591 2322 trimonium
618 2276 794 2340 proprie
827 2292 928 2323 esse
962 2282 1286 2324 sacramentum
1302 2312 1312 2331 ,
1349 2273 1410 2322 ita
1443 2272 1632 2321 demum.
1654 2271 1805 2335 prodi·
1864 2330 1870 2334 .

337 2358 429 2395 tum
452 2359 549 2408 est,
574 2350 614 2397 si
638 2352 878 2399 sacerdotis
901 2351 1194 2400 ministerium
1218 2348 1491 2399 interveniat.
1510 2347 1583 2396 Sic
1605 2346 1805 2396 Calixtus

336 2423 384 2470 in
415 2425 559 2489 Epist.
589 2425 648 2474 ad
680 2443 835 2474 omnes
868 2426 1107 2474 Galliarum
1141 2426 1377 2490 episcopos
1410 2423 1558 2489 prodit
1593 2423 1631 2471 1.
1667 2431 1729 2487 q.
1755 2423 1798 2470 4.

336 2516 434 2564 cap.
458 2501 894 2567 Consanquineorum.
922 2502 997 2550 Sic
1028 2501 1216 2549 Ciricius
1247 2501 1306 2549 ad
1335 2500 1583 2549 Comerium
1610 2505 1804 2547 tarraco-

337 2592 438 2623 nen.
460 2579 746 2643 episcopum,
765 2596 865 2643 cap.
892 2579 935 2624 4.
958 2577 1031 2625 Sic
1054 2576 1261 2625 Nicolaus
1278 2614 1289 2633 ,
1319 2578 1396 2623 31.
1425 2584 1599 2640 quaest.
1630 2575 1674 2623 2,
1695 2583 1797 2639 cap.

336 2651 577 2700 Lotharius.
604 2654 677 2701 Sic
699 2654 959 2702 Hormisdas
976 2691 986 2710 ,
1013 2652 1263 2709 Evaristus,
1290 2651 1510 2706 IsidoruS,
1538 2667 1651 2715 quos
1673 2650 1805 2700 refert

337 2726 571 2776 Gratianus
591 2732 726 2796 30.q.
743 2732 787 2777 5.
801 2729 1051 2795 prodidere.
1063 2728 1137 2776 Sic
1152 2727 1390 2776 concilium
1407 2726 1711 2790 carthaginen.
1726 2725 1797 2771 IV.

333 2820 377 2849 e.
394 2804 478 2850 13.
492 2806 764 2871 referturque
782 2808 858 2854 30.
875 2808 922 2871 qss
942 2809 987 2853 5.
1005 2823 1044 2854 c.
1058 2806 1265 2870 Sponsus.
1286 2804 1360 2852 Sic
1381 2803 1618 2853 concilium
1641 2800 1801 2865 lugdu·
