1912 3180
313 181 403 226 270
568 195 647 226 Lm.
678 194 706 224 1.
737 192 850 223 secr.
879 192 1052 223 ALTERA.
1083 192 1135 223 DE
1159 191 1333 223 imum.
1363 191 1504 223 clvm.

313 267 656 336 protestantismi
677 267 892 315 doctrina.
911 269 1012 315 Dixi
1031 269 1286 332 simpliciter
1302 268 1450 323 civile,
1474 268 1582 332 quia
1600 270 1772 317 etiamsi

310 345 479 409 passim
508 353 802 407 protestantes
824 345 1078 407 coniugium
1114 361 1244 391 suum
1281 343 1528 400 celebrent,
1556 354 1605 390 ut
1627 344 1777 391 innui-

310 437 431 475 mus,
469 436 617 466 coram
653 420 747 466 suis
792 420 1007 467 ministris
1046 420 1130 467 ritu
1173 419 1380 482 religioso
1416 437 1515 467 cum
1551 420 1777 467 consuetis

310 494 516 558 precibus
534 505 577 541 et
594 494 939 542 ominationibus
955 534 964 551 ,
994 495 1067 542 hic
1089 505 1236 541 tamen
1261 494 1495 558 religiosus
1520 495 1631 541 ritus
1655 494 1777 541 haud

309 570 510 621 immutat
548 580 749 617 naturam
792 571 935 634 ipsius
977 570 1279 626 matrimonii,
1320 579 1450 634 prout
1484 570 1602 634 apud
1638 580 1780 634 prote-

309 655 476 692 stantes
513 657 736 710 receptum
768 658 850 694 est.
890 647 934 691 Si
970 646 1165 711 enimex
1188 663 1339 693 eorum
1373 647 1574 693 doctrina
1597 647 1780 711 nuptiae

309 738 397 768 non
433 733 537 769 sunt
569 722 656 769 nisi
691 732 940 770 contractus
977 721 1217 778 naturalis,
1258 733 1335 768 aut
1368 722 1511 769 civilis
1535 723 1686 769 nativa
1707 738 1779 768 es-

309 798 453 845 sentia
476 815 579 854 sua,
601 799 712 845 ritus
739 799 812 845 ille
838 815 982 855 sacer,
1005 815 1093 861 quo
1111 797 1448 845 celebrationem
1472 797 1667 860 coniugii
1691 797 1780 861 ipsi

305 875 607 931 circumdant,
646 892 766 922 mere
799 885 978 920 externa
1010 873 1260 921 ceremonia
1283 884 1378 930 est,
1407 891 1523 938 quae
1550 873 1664 920 nihil
1687 891 1781 920 mu-

306 961 370 997 tat
404 951 449 997 in
491 952 588 999 eius
632 961 820 1007 natura,
869 949 971 997 novi
1018 950 1267 1014 quidquam
1302 968 1384 997 nec
1417 950 1568 1006 addit,
1608 950 1687 997 sed
1730 950 1778 996 in

305 1044 390 1073 sua
423 1027 673 1074 conditione
710 1026 936 1090 relinquit.
976 1027 1194 1073 Nimirum
1220 1027 1276 1073 ad
1300 1044 1401 1074 eum
1434 1026 1616 1073 modum
1649 1043 1780 1072 usur-

308 1112 472 1165 pantur
494 1120 520 1148 a
544 1101 891 1166 protestantibus
916 1102 1029 1149 istae
1052 1102 1327 1150 ceremoniae
1360 1101 1581 1167 nuptiales
1607 1118 1775 1157 sacrae,

308 1194 397 1240 quo
431 1178 793 1242 usurpabantur,
831 1188 881 1225 ut
922 1178 1144 1235 vidimus,
1183 1178 1238 1225 ah
1273 1179 1386 1242 ipsis
1421 1178 1645 1234 ethnicis,
1684 1178 1780 1224 sive

306 1269 359 1299 ex
392 1253 585 1317 quodam
620 1254 817 1301 interiori
843 1266 1027 1302 naturae
1052 1272 1188 1302 sensu
1205 1293 1215 1311 ,
1245 1255 1340 1302 sive
1363 1255 1494 1302 etiam
1519 1271 1571 1300 ex
1595 1254 1779 1318 antiqua

306 1328 541 1376 traditione
564 1329 619 1376 de
643 1329 796 1376 divina
830 1330 1036 1393 originali
1071 1330 1340 1377 matrimonii
1377 1329 1671 1376 institutione.
1701 1329 1780 1376 Isti

304 1415 451 1452 autem
492 1406 607 1452 sacri
649 1406 857 1469 paganici
905 1407 1015 1454 ritus
1060 1425 1148 1454 non
1195 1406 1499 1470 impediebant
1540 1405 1779 1469 quominus

306 1480 363 1527 ab
396 1480 585 1528 ethnicis
618 1481 887 1529 haberentur
922 1483 1104 1547 nuptiae
1123 1521 1132 1539 ,
1162 1493 1290 1547 prout
1313 1482 1463 1545 reipsa
1497 1491 1646 1537 erant,
1676 1497 1782 1528 con-

305 1566 469 1603 tractus
504 1558 719 1605 naturalis
744 1576 796 1606 ac
819 1559 963 1606 civilis
983 1597 992 1615 ,
1031 1559 1115 1605 etsi
1152 1559 1249 1605 sine
1284 1558 1484 1605 formulis
1519 1557 1625 1603 ullis
1659 1557 1781 1620 lega-

304 1631 420 1679 libus
454 1650 535 1679 nec
567 1650 714 1681 coram
749 1634 1084 1697 magistratibus
1120 1635 1353 1680 inirentur.

402 1708 785 1763 Quemadmodum
830 1728 934 1758 vero
984 1711 1143 1757 harum
1189 1710 1539 1757 ceremoniarum
1579 1710 1779 1756 defectus

304 1784 475 1830 nullum
509 1786 823 1843 intrinsecum,
862 1798 940 1834 aut
972 1788 1104 1834 etiam
1139 1787 1434 1833 extrinsecum
1470 1796 1780 1833 nocumentum

305 1860 517 1908 afferebat
540 1862 760 1925 coniugali
786 1863 954 1910 foederi
978 1863 1098 1927 apud
1123 1880 1344 1927 paganos,
1364 1880 1500 1927 penes
1518 1879 1631 1926 quos
1656 1860 1778 1907 haud

304 1953 402 1984 raro
437 1936 714 1985 clandestina
750 1939 1031 1986 matrimonia
1064 1939 1439 1987 contrahebantur
1476 1940 1594 2001 (25),
1617 1937 1682 1985 sic
1706 1955 1782 2002 pa-

303 2012 408 2059 riter
441 2013 638 2061 defectus
673 2015 901 2063 exterioris
936 2016 1050 2062 sacri
1088 2026 1329 2081 apparatus
1355 2016 1401 2061 in
1427 2014 1647 2077 coniugiis
1679 2030 1781 2078 pro-

306 2090 564 2137 testantium
582 2091 696 2137 nihil
716 2093 855 2139 officit
871 2092 1126 2140 eorumdem
1143 2093 1283 2140 valori
1309 2092 1630 2155 coniugiorum.
1651 2089 1779 2146 Quod

303 2165 341 2212 si
378 2166 467 2213 illis
502 2167 678 2215 obstare
710 2169 957 2232 contingat,
997 2186 1086 2216 non
1117 2168 1163 2214 id
1198 2168 1485 2232 repetendum
1512 2177 1580 2214 est
1603 2184 1656 2213 ex
1681 2165 1780 2213 illo-

303 2259 399 2287 rum
418 2242 581 2289 rituum
601 2243 797 2301 defectu,
827 2245 906 2292 sed
931 2263 983 2292 ex
1005 2245 1117 2308 legis
1143 2244 1287 2291 civilis
1313 2243 1606 2307 dispositione
1622 2280 1631 2298 ,
1661 2258 1777 2306 quae

303 2317 417 2364 inter
449 2329 618 2366 ceteras
652 2321 928 2368 conditiones
964 2322 1204 2386 requisitas
1229 2320 1285 2368 ad
1310 2319 1628 2367 admissionem
1663 2317 1780 2379 lega—

303 2392 389 2440 lem
414 2412 466 2442 ac
493 2395 717 2459 politicam
753 2398 1008 2461 nuptiarum
1037 2409 1080 2444 et
1109 2398 1225 2444 hanc
1259 2396 1421 2460 exigit,
1449 2405 1499 2442 ut
1523 2411 1670 2442 coram
1695 2393 1780 2438 mi-

305 2469 469 2527 nistro,
492 2481 568 2518 aut
585 2472 869 2534 magistratu,
893 2484 969 2519 aut
986 2490 1133 2520 coram
1152 2483 1340 2537 utroque
1357 2470 1633 2519 celebrentur
1655 2470 1772 2530 (26).

398 2589 464 2630 (25)
485 2590 536 2622 Cf.
555 2591 742 2624 Cuiaccium
761 2591 997 2624 observatiam
1015 2593 1048 2623 et
1067 2591 1298 2623 emendation.
1316 2591 1374 2622 lib.
1386 2591 1567 2622 V1.c.XX.
1586 2588 1777 2621 Clandesli-

307 2647 371 2671 nae
391 2643 546 2682 nuptiae.
567 2643 644 2675 edit.
663 2643 718 2675 cit.
735 2645 815 2676 tom.
833 2646 872 2676 ΙΙ.
889 2653 962 2685 pag.
983 2648 1051 2676 155.

402 2693 468 2732 (26)
489 2695 537 2726 Ad
560 2704 612 2727 an.
632 2705 736 2737 usque
757 2700 846 2729 1837.
865 2697 899 2728 in
915 2697 1029 2737 Anglia
1044 2696 1147 2737 viguit
1162 2696 1213 2729 lex
1229 2720 1238 2734 ,
1260 2705 1326 2736 qua
1347 2704 1458 2727 omnes
1476 2694 1701 2735 obligabantur
1724 2693 1775 2725 vel

305 2753 416 2776 coram
438 2747 585 2779 ministro
605 2749 791 2789 anglicano,
809 2758 865 2781 seu
891 2749 1051 2782 ecclesiae
1077 2750 1210 2788 status,
1232 2749 1283 2781 vel
1303 2757 1413 2781 coram
1433 2748 1600 2780 sacerdote
1618 2747 1779 2779 catholico

303 2797 451 2838 coniugia
473 2799 644 2833 celebrare.
668 2803 750 2833 Cum
772 2811 849 2834 vero
867 2802 1088 2842 dissidentes,
1116 2811 1198 2843 quos
1215 2803 1353 2841 vocant,
1377 2802 1410 2833 id
1426 2803 1474 2834 est
1489 2801 1700 2842 protestantes
1724 2808 1781 2831 cu-
