1918 3186
273 201 363 234 GAP.
382 201 443 235 111.
467 201 520 233 ΒΕ
543 200 753 234 lums‘rno.
775 201 867 233 Am.
892 202 953 235 111.
975 201 1134 238 numm.
1156 201 1427 235 mmmmm.
1519 188 1580 233 95

112 278 301 327 ecclesia
339 278 579 344 prudenter
611 296 639 326 a
677 278 887 342 cogendis
933 280 1140 328 fidelibus
1180 280 1237 327 ad
1278 279 1581 329 renovandum

110 373 258 404 coram
293 354 520 403 sacerdote
553 370 819 402 consensum
852 352 1066 412 abstinet;
1095 366 1188 403 tum
1221 355 1327 420 quia
1360 355 1515 420 plura,
1543 355 1582 403 si

110 431 156 478 id
180 430 375 495 generali
409 429 656 477 sanciretur
687 429 812 493 lege,
849 428 1070 477 orirentur
1101 431 1380 479 incommoda
1399 432 1517 494 (20).

207 507 356 555 Robur
388 505 494 553 huic
526 515 783 569 argumento
817 505 989 554 accedit
1020 524 1108 554 non
1141 505 1374 554 minimum
1407 525 1461 555 ex
1494 507 1584 555 illis

109 583 403 631 matrimoniis
421 620 431 639 ,
470 599 586 647 quae
618 584 665 629 in
697 582 843 630 radice
876 583 1052 639 sanari,
1092 600 1172 630 seu
1213 584 1484 632 convalidari
1517 584 1587 632 di-

109 669 293 715 cuntur,
333 676 434 706 cum
469 658 639 706 scilicet
671 659 1023 716 matrimonium,
1061 660 1181 724 quod
1214 677 1268 707 ex
1301 660 1451 725 aliquo
1475 660 1584 709 vitio

107 734 275 785 occulto
293 734 465 782 irritum
482 734 613 792 soret,
632 752 732 783 cum
750 735 909 783 initum
925 745 1015 792 est,
1033 734 1088 783 ab
1101 734 1292 788 ecclesia
1310 753 1388 800 per
1403 736 1582 801 dispen-

106 811 322 861 sationem
355 810 413 859 ab
444 810 618 860 occulto
655 811 874 860 eiusmodi
911 811 1251 878 impedimento,
1290 821 1450 866 ratum>
1472 811 1585 860 vali-

106 887 302 951 dumque
339 886 390 934 fit
421 886 464 936 vi
498 904 745 935 consensus
789 886 1012 935 moraliter
1055 887 1380 952 perseverantis
1403 924 1415 944 ,
1464 887 1586 935 nulla

106 963 175 1012 vel
208 963 487 1020 alterutrius,
518 963 589 1012 vel
611 964 845 1028 utriusque
867 963 1145 1029 quandoque·
1171 963 1374 1028 coniugis
1405 980 1586 1013 renova·

109 1039 228 1088 tione
243 1056 507 1088 consensus.
525 1040 623 1097 Quo
640 1039 686 1088 in
703 1057 811 1088 casu
828 1050 1057 1103 exurgeret
1079 1049 1403 1088 sacramentum
1426 1039 1583 1089 insciis

107 1114 495 1171 contrahentibuS‚
529 1132 610 1162 seu
638 1115 878 1172 ministris,
907 1115 1027 1180 quod
1051 1114 1293 1163 absurdum
1327 1113 1459 1179 plane
1490 1126 1580 1171 est3

108 1191 282 1239 nullum
315 1208 420 1241 vero
452 1201 574 1239 esset
606 1191 872 1248 absurdum,
913 1191 953 1239 si
987 1201 1258 1240 contractum
1302 1190 1580 1240 solummodo

105 1285 318 1332 exurgere
350 1268 571 1316 diceretur
592 1270 710 1331 (21).

201 1344 324 1392 Idem
362 1344 436 1392 dic
469 1345 526 1392 de
567 1345 657 1392 illis
693 1345 934 1408 coniugiis,
988 1361 1103 1409 quae
1138 1344 1208 1392 vel
1247 1344 1307 1392 ab
1345 1343 1582 1393 haereticis

106 1420 426 1469 contrahuntur
458 1438 605 1469 coram
639 1421 735 1470 solo
762 1421 1021 1485 magistratu
1055 1420 1200 1478 civili,
1234 1420 1305 1470 vel
1338 1438 1366 1469 a
1397 1420 1583 1468 catholi-

106 1496 198 1553 cis,
235 1497 313 1561 qui
355 1497 626 1546 connubium
658 1497 842 1562 quidem
877 1497 1031 1545 ineunt
1061 1515 1210 1546 coram
1245 1496 1461 1554 ecclesia,
1500 1496 1580 1544 sed

108 1571 280 1637 absque
329 1571 571 1621 intentione
612 1572 877 1621 conficiendi
919 1584 1260 1630 sacramentum,
1303 1572 1360 1619 de
1392 1589 1483 1637 quo
1522 1588 1580 1620 ne

107 1648 303 1712 cogitant
335 1649 543 1713 quidem,
582 1664 684 1697 cum
718 1649 919 1713 ignorent
942 1667 991 1698 se
1014 1649 1149 1697 huius
1182 1648 1447 1697 sacramenti
1480 1665 1581 1696 esse

107 1724 349 1772 ministros.
375 1724 469 1772 Imo
492 1724 757 1789 plerumque
779 1724 958 1773 nonnisi
982 1724 1177 1772 carnalia
1201 1734 1346 1771 mente
1377 1722 1576 1780 volvunt,

106 1799 215 1848 dum
237 1817 287 1849 se
307 1811 461 1849 mutuo
482 1818 706 1849 consensu
729 1801 1011 1865 obstringunt
1038 1802 1155 1864 (22).
1178 1799 1473 1856 Quamobrem
1495 1799 1580 1845 mi-

109 1891 207 1922 rum
222 1892 323 1924 esse
339 1893 428 1926 non
445 1876 576 1925 debet
599 1877 638 1924 si
661 1877 924 1925 Benedictus
948 1878 1057 1924 XIV.
1076 1877 1122 1923 in
1139 1876 1423 1924 celeberrimo
1445 1892 1578 1939 opere

107 1950 174 1997 De
194 1950 356 2014 synodo
379 1952 629 2000 dioecesana
651 1952 731 2001 lib.
753 1953 868 2000 vlll.
890 1970 989 2018 cap.
1010 1953 1129 2000 XIII.
1151 1970 1196 1999 n.
1217 1953 1260 1999 4.
1284 1951 1548 1999 sententiam
1562 1988 1573 2010 ,

108 2042 224 2090 quae
247 2026 438 2075 adstruit
460 2028 733 2077 sacerdotem
755 2045 858 2078 esse
878 2028 1015 2077 huius
1039 2027 1303 2077 sacramenti
1327 2026 1577 2075 ministrum

109 2102 236 2151 valde
264 2102 534 2166 probabilem
565 2103 718 2153 edixit.

203 2253 269 2294 (20)
290 2254 340 2286 lta
357 2253 481 2287 sebast.
491 2255 622 2288 Berardi
635 2255 668 2288 in
681 2257 868 2290 comment.
885 2258 922 2290 tn
936 2258 991 2291 ius
1005 2256 1192 2291 ecclesiast.
1205 2258 1409 2291 universum
1423 2256 1505 2289 tom.
1518 2257 1576 2289 111.

107 2304 185 2338 diss.
202 2307 232 2338 1.
247 2314 279 2348 q.
295 2310 325 2338 3.
342 2304 476 2338 Taurini
494 2309 583 2340 1767.
600 2315 672 2349 pag.
687 2311 726 2340 28
741 2316 832 2350 seqq.
906 2346 909 2348 ,

201 2358 269 2399 (21)
291 2358 340 2390 Ita
352 2359 456 2400 Boyer
468 2359 554 2401 apud
569 2360 718 2393 curiata
730 2369 784 2402 op.
797 2361 831 2393 et
846 2360 909 2394 loe.
919 2360 978 2394 ott.

200 2411 268 2454 (22)
288 2412 377 2444 Haec
390 2411 558 2454 potissima
572 2412 656 2446 ratio
669 2415 736 2460 ent,
751 2422 818 2455 qua
831 2416 998 2456 permotus
1010 2415 1060 2448 est
1069 2414 1204 2449 statuet
1214 2415 1253 2448 ut
1264 2415 1432 2455 assereret,
1444 2413 1575 2455 dogma·

106 2461 169 2495 tice
191 2463 232 2495 ab
254 2463 389 2497 ecclesia
408 2464 535 2500 definiri
549 2475 643 2508 posse
659 2465 858 2500 sacerdotem
872 2466 1057 2501 ministrum
1072 2477 1141 2502 esse
1155 2466 1347 2503 sacramenti
1360 2464 1575 2508 matrimonii,

107 2517 203 2557 prout
227 2517 322 2550 autea
348 2517 529 2552 retulimus.
