1912 3180
336 191 425 236 330
598 203 676 234 un.
699 202 727 232 1.
757 199 870 233 secr.
901 199 1071 233 Aurem.
1101 201 1154 233 ni:
1186 202 1359 236 numu.
1383 204 1522 238 nivini.

335 280 610 329 referendum
643 290 725 327 est.
761 279 897 326 Nemo
930 290 999 327 est
1031 281 1108 344 qui
1140 281 1307 328 nesciat
1340 299 1392 329 ex
1429 293 1610 347 paterna
1642 288 1799 337 acdo-

333 356 516 404 mestica
549 354 808 402 educatione
839 354 1099 420 plerumque
1131 355 1382 420 dependere
1417 359 1609 407 maxima
1643 361 1799 411 saltem

331 451 383 480 ex
417 442 541 497 parte
573 431 707 479 totius
736 431 851 479 vitae
885 433 1279 481 conversationem.
1319 435 1364 482 Si
1401 435 1528 484 initia
1562 436 1679 486 bona
1704 439 1798 487 fue—

333 509 446 564 rint,
485 508 523 555 si
557 507 788 572 religionis
830 508 1132 573 virtutumque
1174 511 1374 573 germina
1419 523 1514 560 sata
1554 512 1718 562 fuerint
1753 515 1798 562 in

334 584 506 632 tenellis
529 584 737 633 cordibus
755 623 765 642 ,
797 585 1002 650 quamvis
1028 585 1084 631 ad
1112 594 1287 650 tempus
1315 599 1513 636 emortua
1545 589 1793 648 videantur,

332 662 503 710 semina
535 672 703 719 tamen,
741 679 855 727 quae
888 661 1097 717 hiberno,
1125 671 1175 709 ut
1197 661 1259 710 ita
1292 663 1464 722 dicam,
1503 676 1700 730 tempore
1734 668 1798 716 ia-

331 737 491 786 cebant
511 737 647 786 veluti
671 739 880 794 extincta,
906 737 1193 795 reviviscunt,
1220 739 1461 798 virescunt,
1490 741 1793 801 efflorescunt,

330 824 374 861 et
401 814 590 862 afferunt
623 814 811 862 fructum
827 851 837 870 ,
871 823 1123 861 recurrente
1156 813 1318 863 calore.
1358 815 1440 864 Ast
1474 817 1552 882 qui
1586 817 1799 867 salutaria

330 890 549 938 eiusmodi
580 890 750 938 semina
772 906 1016 954 numquam
1033 889 1080 936 in
1098 906 1148 938 se
1171 902 1454 956 receperunt,
1489 909 1571 941 nec
1594 910 1793 958 germen,

330 983 413 1014 nec
447 967 600 1016 florem
616 1005 626 1023 ,
665 982 809 1031 neque
842 964 1032 1014 fructum
1050 965 1154 1014 boni
1173 966 1322 1033 operis
1340 966 1582 1033 aliquando
1600 970 1796 1035 proferre

330 1042 488 1091 solent.
512 1042 797 1108 Experientia
822 1042 1085 1108 quotidiana
1100 1042 1296 1109 disparis
1313 1044 1449 1093 huius
1473 1045 1619 1094 exitus
1635 1046 1798 1095 discri-

331 1137 430 1167 men
454 1119 676 1184 patefacit.
698 1118 1114 1168 Animadverterunt
1136 1137 1224 1168 non
1250 1121 1407 1186 pauci,
1440 1121 1560 1187 quod
1594 1120 1798 1188 plerique

330 1213 506 1253 eorum,
540 1196 617 1262 qui
648 1195 732 1243 sub
766 1194 904 1243 seculi
938 1195 1078 1261 elapsi
1112 1197 1278 1244 exitum
1305 1208 1408 1246 ante
1435 1197 1624 1246 rebelles
1650 1207 1797 1246 motus

327 1273 374 1319 in
393 1271 547 1320 Galliis
566 1272 649 1320 orti
672 1282 821 1328 erant,
843 1281 977 1338 atque
1010 1272 1288 1321 documentis
1321 1273 1580 1322 christianis
1614 1275 1795 1323 enutriti

328 1348 527 1406 fuerant,
564 1347 665 1405 etsi,
695 1365 722 1396 a
745 1347 920 1396 turbine
953 1347 1151 1413 abrepti,
1184 1349 1348 1397 fuerint
1382 1349 1702 1414 praevaricati,
1730 1361 1797 1399 ta-

325 1427 428 1471 'men
463 1424 520 1473 ad
555 1425 715 1473 bonam
751 1424 921 1487 frugem
952 1423 1130 1472 demum
1148 1441 1198 1472 se
1214 1435 1489 1490 receperunt.
1512 1425 1676 1474 Contra
1692 1443 1797 1474 vero

328 1517 381 1547 ex
418 1501 508 1557 iis,
545 1502 623 1566 qui
657 1499 862 1566 publicae
902 1499 1024 1547 illius
1067 1500 1298 1564 vertiginis
1332 1512 1474 1549 aetate
1505 1502 1625 1549 viam
1660 1503 1798 1551 incre-

327 1575 526 1624 dulitatis
560 1593 613 1624 ac
646 1587 877 1642 propterea
910 1576 1160 1641 iniquitatis
1183 1593 1210 1623 a
1235 1577 1387 1641 pueris
1420 1588 1546 1625 erant
1573 1578 1789 1641 ingressi,

327 1652 399 1700 vix
428 1669 482 1700 ac
508 1670 564 1699 ne
590 1652 663 1701 vix
696 1651 876 1717 quidem
910 1651 1082 1716 aliquot
1113 1652 1281 1700 inventi
1312 1662 1442 1709 sunt,
1475 1652 1554 1718 qui
1587 1652 1794 1702 meliores

329 1745 489 1776 sensus
523 1728 774 1784 induerint,
814 1727 1168 1793 sanctioremque
1199 1728 1335 1776 vitam
1367 1728 1458 1776 sint
1484 1728 1693 1794 amplexi.

424 1805 517 1853 lam
549 1822 653 1853 vero
687 1804 790 1852 talis
821 1814 888 1851 est
913 1803 1067 1852 infelix
1089 1821 1242 1852 eorum
1267 1803 1463 1852 conditio
1479 1842 1489 1861 ,
1511 1805 1589 1870 qui
1607 1821 1795 1853 nascun-

329 1892 400 1928 tur
432 1898 486 1928 ex
519 1881 593 1938 iis,
631 1881 710 1945 qui
744 1879 862 1929 civili
897 1880 1104 1944 coniugio
1146 1879 1424 1945 copulantur.
1467 1881 1513 1927 Si
1554 1881 1675 1928 enim
1719 1881 1794 1930 isti

328 1956 457 2003 nihili
490 1956 749 2020 religionem
794 1956 987 2012 ducunt,
1028 1955 1066 2003 si
1101 1973 1236 2021 prave
1269 1956 1554 2019 gradiuntur,
1595 1957 1634 2004 si
1681 1956 1796 2005 male

328 2033 501 2089 vivunt,
529 2031 751 2097 quomodo
769 2041 976 2096 poterunt
993 2031 1110 2080 filios
1135 2048 1242 2080 suos
1266 2032 1350 2079 rite
1373 2033 1631 2089 instituere,
1659 2032 1795 2080 docu-

327 2118 475 2157 menta
498 2108 678 2173 pietatis
707 2106 946 2163 instillare,
974 2117 1350 2155 sacramentorum
1374 2108 1685 2156 commendare
1708 2108 1796 2155 fre-

328 2184 575 2250 quentiam,
597 2184 774 2249 aliaque
793 2183 1011 2232 eiusmodi
1037 2193 1280 2248 praestare,
1305 2183 1469 2248 quibus
1488 2201 1640 2232 cereos
1658 2184 1798 2249 quod—

329 2261 532 2309 ammodo
567 2260 743 2309 illorum
778 2261 950 2308 animos
985 2259 1043 2307 ad
1075 2261 1282 2308 virtutem
1314 2259 1503 2308 forment
1519 2276 1572 2307 ac
1588 2259 1795 2308 flectant?

327 2339 539 2385 Insanum
569 2337 680 2385 foret
704 2338 815 2385 haec
844 2355 870 2385 a
898 2337 1063 2401 talibus
1097 2337 1356 2402 parentibus
1390 2346 1638 2402 expectare.
1678 2336 1793 2383 Hinc

328 2415 504 2463 nonnisi
535 2415 759 2479 generatio
784 2414 1021 2479 impiorum
1054 2431 1278 2478 emergere
1311 2413 1471 2479 poterit
1492 2430 1545 2461 ex
1568 2413 1791 2463 eiusmodi

325 2491 577 2539 connubiis.
606 2511 628 2536 ι(
651 2491 934 2540 Proverbium
957 2501 1046 2539 est:
1076 2492 1222 2556 inquit
1244 2491 1469 2556 Scriptura
1484 2529 1494 2547 ,
1531 2490 1792 2538 adolescens

327 2566 449 2615 iuxta
485 2567 603 2616 viam
638 2585 797 2625 suam,
845 2568 977 2615 etiam
1010 2584 1110 2615 cum
1147 2567 1374 2623 senuerit,
1411 2583 1499 2614 non
1529 2565 1704 2614 recedet
1736 2566 1791 2614 ab

328 2658 383 2688 ea
418 2644 568 2707 (20);»
591 2654 683 2692 tum
706 2664 729 2690 «
751 2645 950 2693 Perversi
985 2643 1169 2692 difficile
1203 2643 1480 2706 corriguntur
1501 2642 1651 2704 (21).»

429 2765 497 2806 (20)
517 2768 615 2800 Prov.
632 2770 734 2801 xxll.
750 2774 779 2801 6.

432 2818 497 2858 (21)
515 2820 636 2852 Eccles.
653 2822 679 2854 Ι.
697 2825 746 2853 15,
