1912 3180
346 187 436 233 308
600 199 678 232 Lm.
709 198 738 229 1.
768 196 880 230 sacr.
910 197 1081 230 Atrans.
1110 197 1162 230 nn
1197 197 1370 231 numu.
1401 198 1541 232 c1v11.1.

343 290 420 328 aut
452 278 583 326 noxia
616 277 705 324 vim
742 275 908 323 nullam
944 276 1078 324 habet
1115 277 1242 338 (10);
1280 277 1399 341 quod
1434 278 1473 325 si
1508 278 1702 326 iustitiae
1735 282 1812 329 ad-

340 364 567 410 versetur,
607 369 695 400 non
729 352 874 400 solum
907 353 1073 400 iniusta
1102 352 1260 401 evadet
1283 353 1352 401 lex
1370 391 1380 409 ‚
1410 371 1554 419 neque
1577 354 1810 418 obligatio-

341 449 441 478 nem
476 430 679 486 inducet,
720 430 799 477 sed
835 429 1088 478 nullatenus
1123 447 1220 476 eam
1255 447 1430 478 servare
1463 430 1531 478 fas
1566 431 1676 488 erit,
1713 449 1814 480 cum

340 507 410 555 lex
435 518 627 572 nequeat
655 525 757 555 esse
778 507 1006 554 vinculum
1031 506 1303 570 iniquitatis;
1332 517 1465 571 atque
1487 507 1587 555 ideo
1611 518 1813 556 naturam

339 584 486 632 induit
517 583 853 648 antipoliticam.

433 660 667 708 Eiusmodi
692 670 839 707 autem
862 676 963 707 esse
988 658 1128 722 legem
1153 659 1209 706 de
1225 660 1446 723 coniugiis
1463 678 1582 708 mere
1601 661 1809 710 civilibus

338 736 468 785 facile
501 736 695 801 quisque
728 735 815 783 sibi
851 734 1161 798 persuadebit,
1189 735 1229 782 si
1254 735 1596 793 animadvertat,
1625 754 1724 784 eam
1748 738 1811 786 le-

336 831 437 877 gem
460 831 513 861 eo
535 813 696 877 dirigi,
723 823 773 859 ut
794 811 1048 874 coniugium
1066 848 1076 867 ,
1114 811 1235 875 quod
1270 822 1596 859 sacramentum
1626 823 1723 870 est,
1751 814 1808 861 ad

336 891 635 939 conditionem
660 890 760 953 puri
784 897 1035 935 contractus
1060 898 1289 935 revocetur
1305 925 1315 945 ‚
1346 888 1404 935 sit
1427 889 1576 937 minus
1602 889 1803 947 firmum,

335 976 380 1015 et
425 965 670 1014 revocabile
705 963 762 1011 ad
801 963 1066 1011 sententiam
1101 963 1440 1027 magistratuum
1475 964 1568 1012 sive
1602 965 1659 1012 ad
1694 983 1812 1014 mor-

335 1054 445 1099 tem,
473 1059 607 1107 quam
636 1051 818 1097 vocant,
847 1039 1040 1097 civilem,
1063 1057 1268 1105 quaeque
1286 1058 1365 1105 per
1386 1039 1572 1104 legalem
1591 1041 1811 1090 fictionem

333 1119 648 1183 aequiparatur
671 1116 799 1164 morti
824 1116 1037 1173 naturali,
1061 1116 1155 1164 sive
1179 1134 1258 1181 per
1280 1117 1518 1165 divortium
1543 1117 1804 1182 perfectum,

333 1195 455 1260 quod
484 1195 530 1241 in
563 1193 769 1258 pluribus
805 1210 951 1240 rerum
981 1193 1204 1241 adiunctis
1239 1194 1494 1241 necessario
1521 1195 1808 1258 pronunciari

331 1270 528 1319 deberet.
551 1271 740 1335 Insuper
754 1307 764 1326 ,
784 1280 835 1317 ut
850 1269 1129 1317 ostendimus
1144 1307 1154 1327 ,
1176 1268 1429 1317 facultatem
1452 1269 1685 1334 praeberet
1707 1288 1808 1319 con-

333 1346 612 1395 trahentibus
630 1357 723 1394 tum
742 1362 879 1393 novas
898 1345 1082 1392 ineundi
1101 1345 1299 1410 nuptias,
1312 1345 1488 1393 vivente
1506 1345 1655 1394 adhuc
1672 1346 1808 1410 priori

332 1423 547 1487 coniuge,
575 1422 696 1487 quod
720 1433 839 1469 esset
867 1421 1078 1469 inducere
1100 1421 1399 1486 polygamiam
1429 1420 1585 1469 saltem
1610 1421 1803 1479 civilem,

332 1511 424 1548 tum
449 1516 549 1547 sese
571 1498 880 1563 obstringendi
905 1498 963 1545 ad
987 1508 1167 1562 peccata
1197 1497 1415 1562 patranda
1444 1498 1565 1562 apud
1600 1515 1700 1555 eos,
1729 1499 1806 1563 qui

429 1642 495 1683 (lo)
516 1644 588 1675 Non
602 1642 654 1675 liic
668 1642 826 1683 proferam
841 1641 882 1674 ad
898 1641 1097 1683 propositum
1122 1641 1315 1682 principium
1344 1640 1546 1683 probandum
1572 1640 1804 1674 auctoritatem

330 1695 555 1735 theologorum
581 1693 742 1734 omnium,
758 1694 816 1735 qui
831 1693 1002 1726 unanimes
1015 1693 1101 1725 circa
1115 1692 1197 1725 illud
1217 1694 1310 1734 sunt;
1334 1701 1439 1734 neque
1462 1693 1663 1725 institutores
1684 1693 1805 1734 urgebo

327 1746 598 1788 iurisprudentiae
622 1746 729 1779 civilis
753 1746 824 1778 sive
847 1746 1025 1778 catholicos
1042 1746 1111 1777 sive
1133 1746 1367 1786 protestantes,
1382 1745 1451 1777 imo
1463 1753 1524 1777 nec
1538 1745 1684 1777 ethnicos
1698 1746 1803 1787 ipsos,

328 1800 385 1841 qui
400 1800 470 1833 solo
485 1799 627 1832 naturali
647 1800 770 1832 lumine
785 1799 875 1831 ducti
891 1799 931 1830 ad
946 1798 1054 1839 ipsum
1069 1797 1330 1830 constituendum
1345 1798 1548 1839 conspirant;
1563 1797 1636 1838 hos,
1652 1797 1803 1838 inquam,

328 1861 440 1885 omnes
453 1852 627 1885 dimittam.
643 1853 728 1884 Satis
741 1852 821 1884 mihi
833 1852 896 1884 erit
910 1851 1065 1883 adversus
1084 1850 1175 1891 legis,
1189 1850 1230 1882 de
1242 1858 1307 1891 qua
1322 1850 1458 1890 agimus,
1476 1851 1630 1890 patronos
1640 1849 1802 1882 adducere

327 1905 564 1946 auctoritatem,
582 1914 666 1946 quae
679 1905 855 1946 plurimum
871 1913 968 1945 penes
983 1904 1070 1944 ipsos
1081 1903 1180 1944 valet,
1195 1911 1310 1944 nempe
1322 1902 1557 1935 Melancthonis
1574 1903 1632 1944 qui
1651 1912 1727 1935 cum
1742 1903 1803 1935 sibi

325 1959 546 1999 proposuisset
563 1957 625 1990 hoc
642 1958 884 1998 argumentum:
902 1969 918 1985 «ι
933 1958 1034 1997 Reges
1049 1956 1184 1996 possunt
1198 1955 1239 1987 de
1251 1954 1347 1987 rebus
1362 1954 1503 1996 politicis
1525 1963 1585 1987 suo
1610 1954 1732 1987 iudicio
1746 1954 1801 1988 de-

324 2012 412 2044 creta
439 2010 557 2042 facere:
582 2011 848 2042 matrimonium
866 2011 917 2041 est
937 2017 992 2041 res
1009 2008 1168 2050 politica.
1187 2010 1269 2048 Ergo
1284 2007 1413 2047 regibus
1424 2007 1502 2039 licet
1511 2007 1552 2039 de
1565 2016 1603 2039 eo
1617 2007 1746 2040 decreta
1758 2007 1803 2039 fa-

326 2073 398 2097 cere
417 2073 477 2096 suo
502 2063 662 2096 iudicio.»
683 2064 733 2096 Ita
758 2063 872 2095 solvit:
896 2076 912 2091 «
926 2062 1038 2094 Brevis
1061 2060 1227 2102 responsio
1248 2062 1311 2101 est3
1335 2062 1440 2093 maior
1466 2060 1613 2101 neganda
1627 2061 1693 2102 est3
1714 2069 1803 2102 reges

321 2117 408 2150 enim
421 2125 481 2149 nec
494 2116 535 2149 de
548 2116 688 2157 politicis
703 2116 798 2148 rebus
817 2114 948 2148 decreta
973 2123 1032 2147 suo
1058 2114 1178 2146 iudicio
1205 2113 1455 2155 qualiacumque
1480 2114 1620 2147 condere
1643 2115 1800 2155 possunt,

325 2169 386 2202 sed
400 2169 525 2202 debent
549 2171 661 2201 iustas
684 2168 773 2210 leqes
795 2167 959 2208 condere,
973 2169 1006 2199 et
1020 2167 1113 2207 sequi
1127 2166 1284 2198 iudicium
1299 2166 1378 2205 Dei,
1397 2165 1572 2207 videlicet,
1598 2174 1639 2198 ne
1659 2164 1802 2198 condant

319 2222 404 2263 leges
419 2222 598 2263 pugnantes
620 2230 695 2253 cum
715 2220 876 2253 mandatis
889 2220 961 2252 Dei.
976 2219 1114 2252 Politica
1129 2227 1179 2251 res
1192 2219 1240 2251 est
1252 2218 1379 2251 forense
1390 2217 1561 2250 iudIcium.
1578 2217 1645 2251 Sed
1659 2217 1800 2258 regibus

323 2274 485 2307 nonlicet
501 2273 589 2315 leqes
603 2272 765 2312 condere,
779 2274 821 2306 ut
836 2272 944 2305 iudex
954 2273 1084 2314 puniat
1097 2272 1326 2310 innocentem,
1338 2272 1412 2303 sine
1425 2270 1581 2311 leqttima
1594 2272 1797 2311 coercitione.

319 2326 435 2359 Habet
448 2334 531 2358 suas
545 2327 655 2358 metas
669 2333 791 2366 reyum
805 2326 979 2366 potentia,
994 2333 1053 2357 nec
1066 2325 1175 2356 sumat
1189 2323 1250 2356 sibi
1268 2322 1430 2355 licentiam
1444 2322 1557 2354 contra
1572 2321 1727 2353 mandata
1738 2322 1798 2354 Dei

323 2378 450 2420 aliquid
463 2378 691 2411 constituendi.
706 2377 873 2410 Pertinent
886 2379 927 2409 ad
943 2378 1031 2418 ipsos
1046 2385 1176 2418 quoque
1197 2376 1303 2408 minae
1327 2375 1500 2407 caelestes:
1529 2376 1596 2407 Vae
1616 2373 1713 2406 vobis
1734 2376 1797 2416 qui

320 2431 469 2464 conditis
486 2430 574 2472 teqes
588 2432 760 2472 iniquas.»
773 2431 860 2462 Haec
872 2429 1005 2470 quidem
1018 2429 1237 2469 Melanchton,
1254 2436 1338 2469 quae
1351 2426 1488 2460 mirifice
1499 2425 1661 2467 quadrant
1673 2426 1706 2458 in
1721 2427 1797 2468 legi-

321 2484 406 2516 feros
429 2485 568 2516 nostros.
588 2485 736 2525 Operum
758 2482 940 2515 reverendi
955 2481 1111 2523 Philippi
1126 2480 1379 2514 Melanchtonis
1399 2489 1474 2521 pars
1491 2478 1642 2512 secunda.
1655 2479 1792 2512 Vittem·

323 2536 438 2578 bergae
459 2541 545 2570 1562.
563 2536 597 2568 in
609 2544 720 2577 opusc.
737 2534 899 2575 Defensio
924 2536 1076 2575 coniuqit
1100 2534 1320 2567 sacerdotum
1339 2534 1446 2566 missa
1458 2532 1506 2564 ad
1519 2540 1634 2573 reyem
1648 2532 1795 2574 Anqliae

322 2597 395 2629 pag.
415 2592 484 2622 179.
502 2590 638 2626 Quarta
651 2588 806 2620 obiectio.
1184 2590 1187 2592 “

420 2643 525 2682 Atque
540 2641 593 2673 hic
609 2641 712 2673 obiter
730 2640 851 2672 adnoto
863 2639 1120 2673 Melanchtonem
1133 2647 1192 2680 pro
1208 2639 1297 2670 certo
1313 2637 1483 2670 admittere
1495 2637 1741 2670 matrimonium
1753 2637 1795 2670 ad

321 2702 372 2726 nes
389 2694 535 2733 politicas
550 2695 709 2735 pertinere
723 2703 797 2726 cum
814 2693 962 2734 pluribus
978 2692 1051 2725 aliis
1066 2691 1180 2724 aetatis
1197 2692 1287 2724 illius
1301 2690 1553 2732 protestantibus
1563 2714 1573 2731 ‚
1589 2691 1651 2723 etsi
1664 2690 1720 2723 alii
1743 2699 1790 2724 re-

321 2746 480 2786 pugnent,
497 2748 533 2778 ut
547 2746 741 2786 videbimus,
756 2747 788 2778 et
801 2746 896 2779 rebus
909 2745 1008 2778 sacris
1023 2745 1245 2778 adnumerent.
1259 2744 1418 2777 Nimirum
1435 2752 1562 2785 semper
1575 2744 1730 2785 ancipites
1743 2744 1789 2776 su-

321 2798 416 2830 erunt
430 2797 489 2830 hac
500 2798 533 2831 in
549 2808 583 2831 re
596 2799 817 2840 protestantes.
