1912 3180
394 166 484 220 '346
647 188 727 219 Lm.
758 187 787 218 1.
817 186 930 218 sacr.
959 186 1130 218 ALTERA.
1162 186 1213 217 nr„
1234 187 1422 218 «mrum.
1452 187 1594 220 civm.

393 277 544 315 auctor
572 265 847 329 Sapientiae,
885 264 1129 327 cogitantes
1165 263 1283 328 apud
1309 282 1358 311 se
1382 282 1469 312 non
1500 276 1638 313 recte:
1673 267 1859 315 circum-

392 342 623 390 veniamus
659 341 850 398 iustum,
888 341 1097 405 quoniam
1133 340 1302 388 inutilis
1338 352 1405 387 est
1434 341 1587 398 nobis,
1609 352 1662 389 ct
1691 354 1859 392 contra-

392 420 484 467 rius
525 430 594 466 est
626 419 835 483 operibus
882 418 1074 475 nostris,
1113 428 1156 465 et
1195 418 1463 482 improperat
1506 419 1635 466 nobis
1680 431 1858 484 peccata

391 495 503 559 legis
526 534 536 552 ,
574 506 617 542 et
650 495 852 541 diffamat
884 494 930 540 in
965 511 1046 541 nos
1082 503 1264 557 peccata
1309 493 1573 558 disciplinac
1618 505 1852 542 nostrae...

397 581 680 635 ...tamquam
715 586 907 633 nugaces
943 568 1163 616 aestimati
1199 586 1353 615 sumus
1381 568 1437 615 ab
1462 569 1563 625 illo,
1596 580 1639 617 et
1666 570 1858 618 abstinet

390 665 440 696 se
465 666 492 695 a
518 647 606 695 viis
641 647 805 695 nostris
840 656 1065 711 tamquam
1100 645 1156 691 ab
1191 645 1484 693 immunditiis
1512 648 1662 708 (14).»
1683 647 1855 694 Exinde

389 725 607 788 originem
641 724 777 772 trahit
810 723 885 770 illa
919 722 1153 769 insectatio
1185 722 1402 770 bonorum
1438 740 1489 770 ac
1523 723 1620 770 dira
1651 724 1850 780 vexatio,

388 819 524 867 quam
559 801 759 849 seditiosi
789 799 993 847 homines
1021 816 1257 864 rerumque
1278 817 1491 847 novarum
1521 799 1671 864 cupidi
1697 801 1855 865 quovis

389 889 584 943 tempore
617 879 864 926 excitarunt
899 875 1113 923 adversus
1143 875 1425 938 religionem,
1448 893 1535 924 non
1553 876 1701 923 minus
1719 893 1854 940 quam

388 954 603 1002 adversus
639 954 861 1001 saniorem
902 951 1113 1016 politicen
1137 953 1255 1014 (15).

484 1031 534 1076 In
562 1048 698 1077 sensu
723 1046 826 1077 vero
854 1029 1070 1094 positivo,
1114 1029 1289 1075 libertas
1323 1030 1603 1076 conscientiae
1631 1029 1857 1092 significat

388 1108 432 1152 1.
456 1105 853 1170 emancipationem
886 1104 1187 1152 omnimodam
1220 1104 1276 1151 ab
1312 1104 1529 1152 ecclesiae
1562 1105 1851 1160 auctoritate,

387 1181 561 1245 legibus
589 1199 641 1229 ac
668 1181 936 1247 disciplina3
976 1182 1037 1228 ita
1060 1191 1109 1228 ut
1135 1180 1301 1228 nullam
1331 1198 1514 1245 prorsus
1548 1180 1766 1229 ecclesiae
1787 1199 1857 1229 ra-

388 1259 552 1306 tionem
579 1258 794 1315 habeant,
833 1257 1054 1323 quidquid
1090 1267 1279 1313 statuat,
1319 1257 1588 1321 praecipiat,
1616 1268 1659 1304 et
1681 1258 1859 1304 commi-

386 1345 531 1382 netur.
553 1334 694 1382 Veluti
713 1335 794 1381 filii
819 1334 993 1398 exleges
1014 1351 1066 1381 ac
1084 1334 1265 1382 omnino
1291 1333 1433 1380 feriati
1453 1350 1479 1379 a
1498 1333 1657 1398 quovis
1681 1334 1852 1390 fraeno,

386 1411 444 1458 ab
477 1411 693 1469 ecclesia,
727 1429 807 1459 seu
836 1412 956 1477 quod
981 1411 1099 1458 idem
1123 1422 1215 1466 est,
1240 1428 1266 1458 a
1284 1410 1498 1473 religione
1520 1410 1673 1458 divina
1706 1428 1857 1458 eman-

388 1488 657 1553 cipationem
688 1488 978 1554 proclamant.
1012 1489 1123 1535 Nam
1151 1505 1251 1535 cum
1287 1487 1409 1535 nulla
1443 1488 1533 1534 alia
1566 1487 1626 1535 sit
1658 1505 1762 1535 vera
1797 1505 1859 1534 re-

387 1565 494 1628 ligio
522 1565 674 1612 divina
703 1576 879 1629 praeter
908 1563 1170 1611 catholicam
1187 1601 1196 1619 ,
1231 1563 1366 1610 huius
1391 1580 1580 1610 excusso
1609 1563 1712 1627 iugo
1729 1602 1739 1620 ,
1770 1564 1858 1611 iam

387 1642 540 1705 iugum
583 1642 802 1690 excutitur
845 1641 1075 1705 religionis
1119 1640 1300 1688 divinae
1342 1639 1575 1704 positivae.
1617 1640 1681 1686 Ea
1724 1657 1854 1696 vero,

384 1735 521 1783 quam
550 1718 624 1766 isti
655 1718 741 1765 sibi
768 1718 1011 1781 effingunt,
1043 1717 1222 1780 religio,
1261 1734 1486 1781 quamque
1520 1716 1652 1763 etiam
1687 1717 1857 1780 magni-

384 1794 481 1842 ficis
515 1794 664 1842 verbis
700 1795 998 1859 amplificant,
1020 1812 1108 1842 non
1128 1805 1196 1842 est
1213 1794 1300 1840 nisi
1324 1811 1404 1841 ens
1426 1794 1608 1840 rationis
1626 1832 1635 1850 ,
1658 1803 1701 1840 et
1718 1793 1858 1857 phan-

381 1881 539 1928 tasma,
557 1889 584 1918 a
596 1888 684 1936 quo
702 1871 815 1918 nihil
831 1872 1146 1935 pertimescunt
1163 1881 1316 1919 contra
1333 1870 1630 1918 conscientiae
1647 1870 1847 1917 latratus.

477 1947 708 2011 Significat
748 1949 792 1994 2.
831 1947 1228 2013 emancipationem
1275 1947 1571 2011 cupiditatum
1614 1958 1658 1994 et
1702 1947 1851 1994 carnis

382 2024 651 2088 praecipue,
682 2035 731 2071 ut
764 2023 971 2071 licentiae
1004 2041 1057 2071 ac
1090 2023 1265 2072 libidini
1302 2024 1379 2070 toti
1416 2042 1465 2071 se
1498 2024 1686 2080 dedant,
1729 2041 1850 2071 reno—

378 2111 571 2166 ventque
597 2100 877 2148 ethnicorum
911 2100 1232 2165 impudentiam
1268 2100 1313 2146 in
1349 2100 1642 2165 spectaculis,
1668 2101 1713 2147 in
1733 2101 1850 2149 thea-

380 2177 487 2234 tris,
516 2177 562 2223 in
586 2176 738 2234 libris,
767 2177 812 2223 in
838 2177 1025 2241 picturis
1045 2215 1054 2233 ,
1087 2177 1133 2222 in
1164 2176 1455 2224 foeminarum
1486 2177 1843 2231 commutatione,

376 2253 717 2310 communitate,
763 2254 809 2300 in
851 2253 1089 2301 abolitione
1123 2252 1348 2316 coniugii,
1387 2252 1443 2299 ad
1478 2270 1610 2317 quam
1648 2264 1696 2300 ut
1730 2254 1846 2299 viam

377 2330 463 2378 sibi
491 2336 673 2395 parent,
707 2330 929 2394 incipiunt
952 2348 979 2377 a
1004 2330 1238 2377 statuendo
1272 2329 1478 2392 coniugio
1513 2328 1662 2385 civili,
1699 2339 1747 2375 ut
1781 2330 1847 2377 sic

378 2407 582 2471 progredi
602 2407 778 2471 possint
798 2407 854 2454 ad
873 2406 1061 2454 divortia
1074 2445 1085 2463 ,
1106 2406 1162 2453 ad
1191 2406 1488 2471 polygamiam
1506 2405 1620 2452 etad
1640 2422 1709 2462 ea,
1731 2423 1846 2469 quae

473 2549 785 2591 (14)Sap.ll.1-12
800 2559 892 2591 seqq.

471 2603 536 2643 (15)
551 2604 689 2635 Istorum
704 2603 875 2644 imaginem
892 2603 1044 2644 graphice
1059 2602 1152 2635 nobis
1167 2602 1289 2634 iamdiu
1305 2601 1454 2634 exhibuit
1465 2601 1636 2633 Sallustius
1650 2603 1695 2632 De
1709 2601 1843 2642 republ.

374 2655 487 2695 Epist..
501 2657 525 2686 Ι.
541 2665 573 2687 n.
584 2662 613 2688 3.
628 2655 797 2694 «l·'actiosi‚
815 2655 940 2696 inquit,
958 2656 1090 2696 regunt,
1104 2655 1199 2694 dant,
1214 2655 1363 2686 adimunt
1374 2662 1457 2694 quae
1472 2653 1579 2694 lubet;
1592 2654 1775 2686 innocentes
1791 2655 1847 2686 cir-

377 2708 609 2749 eumenium,
626 2718 703 2741 suos
716 2708 756 2741 ad
776 2709 930 2742 honorem
945 2708 1123 2748 extollunt3
1139 2717 1203 2740 non
1219 2708 1343 2739 facinus
1352 2731 1360 2747 ,
1372 2715 1435 2738 non
1446 2706 1612 2747 probrum,
1623 2708 1680 2739 aut
1692 2707 1848 2747 flagitium

372 2760 498 2801 obstat,
518 2770 583 2801 quo
604 2762 711 2794 minus
733 2762 938 2803 magistratus
953 2762 1099 2803 capiant;
1114 2761 1200 2802 quod
1216 2760 1423 2793 commodum
1442 2761 1508 2800 est,
1528 2760 1677 2800 trahunt,
1694 2759 1842 2800 rapiunt3

373 2814 536 2854 postremo
549 2839 558 2855 ‚
578 2816 744 2856 tamquam
759 2815 839 2848 urbe
857 2817 951 2856 capta
963 2840 971 2856 ‚
990 2815 1135 2847 lubidine
1151 2824 1187 2847 ac
1205 2815 1333 2846 licentia
1347 2823 1404 2846 sua
1419 2823 1477 2855 pro
1490 2813 1614 2854 legibus
1628 2815 1795 2846 utuntur.»
