1918 3186
304 212 393 257 166
562 225 643 256 un.
674 224 703 254 1.
733 221 846 254 sacr.
876 223 907 252 1.
936 222 988 253 niz
1022 222 1194 255 numu.
1218 221 1500 256 ειοιιΑιιιιΝτο.

299 319 407 350 casu
441 301 767 348 matrimonium
802 299 885 347 etsi
922 298 1148 356 illicitum,
1186 299 1383 347 validum
1419 311 1564 349 tamen
1599 318 1773 368 semper

298 379 497 426 habitum
529 387 598 424 est
630 376 686 424 ab
712 375 926 432 ecclesia,
954 393 1051 424 -non
1086 376 1217 424 modo
1244 387 1293 423 ut
1317 387 1566 425 contractus
1598 378 1769 435 civilis,

298 470 451 501 verum
473 452 606 499 etiam
630 462 679 499 ut
703 461 1044 499 sacramentum.
1073 451 1153 499 Ast
1180 451 1474 499 ministerium
1502 454 1774 503 sacerdotale

298 528 491 595 profecto
520 528 566 575 in
598 528 684 576 hoc
719 527 907 592 nuptiali
944 528 1120 575 foedere
1149 545 1236 575 non
1272 529 1533 587 intervenit,
1565 530 1717 596 itaque
1749 549 1776 578 a

298 605 407 653 solis
443 604 806 654 contrahentibus
837 621 918 670 per
940 614 1141 651 mutuum
1175 621 1444 654 consensum
1479 606 1684 654 effectum
1708 618 1776 655 est

297 681 494 745 coniugii
529 691 870 729 sacramentum.

394 759 624 807 Praeterea
651 758 786 806 iidem
810 775 919 806 rom.
950 756 1183 821 pontifices
1206 757 1444 815 interdum,
1466 760 1529 807 ita
1552 760 1775 824 poscenti·-

294 835 380 882 bus
406 852 553 883 rerum
577 834 857 882 difficillimis
882 833 1104 881 adiunctis
1120 871 1130 889 ,
1159 833 1464 891 indulserunt,
1493 846 1562 891 ut,
1591 835 1775 883 absente

290 910 546 968 sacerdote,
583 910 654 958 vel
687 927 788 958 cum
823 926 912 957 non
946 909 1045 957 sine
1079 909 1247 972 ingenti
1282 910 1479 974 periculo
1513 921 1684 975 pateret
1715 911 1773 959 ad

292 987 442 1052 ipsum
484 1004 719 1043 accessus,
764 996 948 1050 possent
988 985 1143 1034 fideles
1189 1003 1338 1034 coram
1372 986 1547 1035 duobus
1581 987 1771 1036 testibus

292 1062 413 1111 licite
447 1063 561 1110 inire
594 1062 872 1126 coniugium,
908 1072 1036 1127 prout
1069 1062 1357 1110 constitutum
1381 1073 1449 1110 est
1471 1080 1551 1128 pro
1574 1063 1772 1112 malaba-

290 1139 382 1186 rica
416 1139 645 1203 provincia
679 1156 753 1186 an.
778 1140 919 1185 1669.
942 1139 1016 1185 die
1045 1140 1121 1185 30.
1145 1139 1267 1186 maii.
1292 1139 1520 1204 Proposito
1544 1150 1771 1204 praeterea

288 1214 425 1262 dubio
442 1214 499 1262 de
517 1214 736 1262 celebrato
768 1214 1050 1262 matrimonio
1083 1214 1255 1279 absque
1287 1214 1596 1263 benedictione
1623 1232 1771 1264 sacer-

292 1289 434 1347 dotis,
468 1292 546 1355 qui
582 1301 686 1338 tunc
720 1290 875 1338 haberi
910 1307 998 1338 non
1033 1300 1224 1355 poterat,
1252 1309 1310 1338 an
1333 1291 1566 1340 conveniat
1590 1309 1672 1339 nec
1695 1310 1767 1348 ne,

292 1377 340 1414 ut
367 1367 566 1431 praefata
598 1367 849 1415 benedictio
878 1377 1032 1431 postea
1062 1367 1354 1432 suppleatur?
1371 1367 1408 1414 A
1430 1369 1772 1432 congregatione

291 1459 372 1506 pro
406 1443 595 1506 negotiis
628 1442 844 1490 ecclesiae
888 1443 1132 1505 gallicanae
1166 1443 1420 1507 specialiter
1452 1444 1664 1509 deputata
1697 1443 1771 1492 die

294 1519 370 1564 22.
400 1518 556 1583 aprilis
585 1520 726 1565 1795.
750 1535 1016 1583 responsum
1044 1529 1133 1575 est,
1155 1529 1205 1566 ut
1226 1519 1446 1576 vidimus,
1477 1529 1525 1566 ut
1549 1520 1588 1568 si
1615 1519 1771 1569 fideles

291 1612 389 1642 eam
423 1595 655 1660 petierint,
695 1611 829 1659 posse
865 1594 1047 1661 quidem
1077 1594 1245 1643 eisdem
1279 1595 1404 1652 dari,
1444 1595 1505 1643 ita
1538 1606 1686 1644 tamen
1719 1608 1770 1645 ut

291 1672 632 1720 admonerentur
661 1671 783 1719 illam
808 1671 867 1718 ad
888 1671 1162 1718 validitatem
1185 1673 1456 1719 matrimonii
1475 1673 1650 1719 minime
1667 1690 1770 1737 per-

289 1750 435 1795 tinere.
465 1748 687 1804 Quorsum
723 1765 826 1795 vero
861 1748 1082 1795 eiusmodi
1117 1747 1383 1805 admonitio,
1418 1749 1457 1796 si
1491 1749 1771 1797 censuissent

289 1825 522 1889 pontifices
556 1824 678 1872 illam
712 1824 1067 1873 benedictionem
1102 1835 1271 1890 partem
1306 1825 1592 1874 essentialem
1617 1842 1764 1873 sacra-

287 1900 422 1948 menti
457 1900 764 1949 constituere?

381 1977 566 2025 Silentio
595 1988 822 2042 praetereo
843 1988 1088 2025 ceterorum
1116 1977 1372 2043 pontificum
1406 1988 1528 2033 acta,
1564 1978 1766 2026 nomina-

286 2054 363 2100 tim
393 2070 496 2102 vero
522 2054 587 2101 Pii
605 2054 718 2102 VIII.
736 2054 930 2118 Gregorii
948 2055 1058 2101 XVI.
1082 2071 1134 2101 ac
1159 2054 1223 2100 Pii
1250 2055 1323 2100 IX.
1347 2072 1463 2119 quae
1479 2054 1630 2102 omnia
1653 2055 1699 2101 in
1719 2055 1764 2101 id

285 2130 565 2194 conspirant,
593 2140 643 2177 ut
666 2129 886 2178 sentiendi
928 2130 1164 2187 rationem,
1192 2147 1307 2195 quae
1333 2130 1453 2195 apud
1478 2129 1765 2195 apostolicam

284 2206 435 2253 sedem
462 2206 653 2264 obtinet,
692 2206 959 2271 patefaciant
986 2207 1070 2254 hac
1099 2224 1236 2271 super
1263 2223 1335 2263 re,
1369 2223 1528 2271 nempe
1561 2206 1619 2253 de
1653 2206 1763 2254 solis

284 2282 648 2330 contrahentibus
674 2282 808 2331 huius
829 2284 1091 2331 sacramenti
1111 2283 1347 2331 ministris.
1371 2283 1453 2330 His
1478 2283 1613 2346 igitur
1628 2282 1764 2330 omis-

285 2357 348 2405 sis
385 2375 440 2406 ne
474 2358 651 2421 longius
693 2376 783 2406 rem
819 2360 1072 2423 protraham
1095 2398 1104 2416 ,
1147 2359 1257 2407 satis
1292 2358 1403 2405 mihi
1437 2357 1521 2406 erit
1555 2356 1655 2404 heic
1688 2375 1762 2404 ur—

286 2470 465 2503 acatholica
487 2464 653 2512 assistere,
676 2456 838 2512 satagant,
857 2473 893 2503 ut
906 2480 940 2504 se
955 2480 1041 2503 mere
1054 2472 1179 2512 passive
1193 2471 1349 2510 habeant,
1366 2471 1464 2511 atque
1478 2471 1644 2510 tamquam
1668 2469 1762 2502 inviti

288 2521 420 2554 audiant
431 2523 602 2556 dumtaxat
612 2525 782 2565 utriusque
790 2531 980 2556 consensum
989 2534 999 2563 ;
1013 2525 1236 2555 verumtamen
1250 2523 1432 2555 abstineant
1445 2522 1578 2554 omnino
1587 2530 1606 2554 a
1614 2521 1764 2562 precibus

284 2574 475 2616 recitanOEs,
495 2586 518 2609 a
536 2577 768 2610 benedictione
790 2576 1021 2618 impertienda
1032 2600 1042 2616 ‚
1067 2577 1164 2617 atque
1179 2575 1220 2608 ab
1238 2576 1327 2608 omni
1344 2575 1408 2608 alio
1419 2575 1572 2608 ecclesiae
1586 2575 1652 2608 ritu
1669 2575 1759 2607 adhi-

282 2626 422 2659 bendo.»
434 2628 470 2660 ld
487 2629 592 2670 ipsum
607 2629 777 2662 constituit
791 2629 868 2662 Pius
883 2630 970 2661 vm.
986 2629 1019 2660 in
1036 2629 1130 2661 Brevi
1146 2633 1196 2661 25.
1213 2629 1309 2660 Mart.
1329 2632 1421 2668 1830,
1435 2629 1472 2660 ut
1486 2629 1610 2661 ceteros
1626 2628 1762 2669 praeter·

287 2680 427 2712 mittam.
1101 2689 1106 2694 ·

382 2733 478 2771 Quod
492 2743 568 2767 vero
583 2744 664 2767 rom.
681 2735 848 2777 pontifices
863 2735 1002 2768 habeant
1015 2735 1064 2767 uti
1076 2741 1152 2767 vera
1164 2735 1364 2767 sacramenta
1376 2733 1535 2766 eiusmodi
1551 2733 1712 2774 contagia,
1723 2743 1761 2766 ex

283 2795 323 2818 eo
339 2787 445 2827 patet,
463 2788 551 2828 quod
565 2789 683 2821 Bened.
700 2791 785 2822 XIV.
804 2789 837 2821 in
852 2789 909 2821 cit.
925 2788 1165 2828 neclan-atione,
1182 2788 1305 2828 aliique
1319 2796 1468 2829 expresse
1481 2795 1519 2819 ea
1531 2787 1649 2819 vocent
1659 2788 1764 2819 sacri-

283 2839 397 2881 layum
409 2840 600 2874 vinculum.
610 2844 681 2881 Qua
692 2852 769 2876 vero
784 2843 906 2876 ratione
918 2844 1025 2884 posset
1037 2842 1101 2875 dici
1113 2842 1305 2883 sacramus
1316 2850 1422 2875 merus
1436 2842 1541 2875 civilis
1554 2841 1759 2875 contractus?
