1912 3180
345 171 436 203 cir.
460 170 522 203 111.
547 172 600 204 m:
624 171 798 205 mrum.
824 171 977 205 civius
998 171 1118 205 tres.
1142 171 1235 205 nr.
1254 172 1299 206 ιι.
1472 160 1563 205 303

184 252 226 296 3.
268 249 347 297 Ast
380 267 467 296 non
502 249 646 297 solum
678 250 722 296 in
759 249 955 298 solidum
990 268 1088 298 reos
1113 268 1163 298 se
1187 250 1380 298 reddunt
1412 268 1567 299 omnes

82 327 183 375 eius
202 326 315 391 legis
333 326 475 391 aperti
494 337 770 391 promotores
796 326 1083 392 fautoresque
1099 328 1158 376 ob
1183 329 1441 377 huiusmodi
1466 346 1566 394 gra—

85 404 316 452 vissimam
362 402 764 466 transgressionem
786 439 796 458 ,
846 419 999 450 verum
1046 406 1180 452 etiam
1214 404 1272 453 ob
1305 405 1456 453 omnia
1490 404 1566 453 illa

85 480 298 537 crimina,
327 497 445 544 quae
463 479 508 525 in
528 489 648 527 statu
666 478 910 526 habitualis
935 481 1258 529 concubinatus
1276 499 1303 529 a
1321 482 1438 530 fictis
1462 499 1568 530 con·

88 556 268 620 iugibus
302 566 631 622 perpetrantur,
670 556 1039 621 quotiescumque
1071 557 1191 605 civili
1216 559 1316 623 lege
1340 559 1438 607 freti
1472 577 1567 607 ma·

89 633 297 681 trimonio
325 643 526 680 utuntur.
562 634 672 680 Nam
707 643 890 697 peccata
923 632 1035 680 haec
1074 637 1224 682 omnia
1259 636 1425 683 exitiali
1463 636 1569 684 huic

85 710 205 774 legi,
244 728 298 758 ac
331 710 518 776 proinde
563 710 820 758 auctoribus
855 721 898 758 et
934 710 1182 759 fautoribus
1216 712 1330 775 legis
1365 713 1565 760 eiusdem

85 787 280 835 adscribi
304 787 437 835 etiam
461 786 640 834 debent.
669 787 837 852 Ecquis
869 797 1015 834 autem
1044 786 1156 835 haec
1184 787 1468 836 dinumerare
1490 807 1567 837 va·

88 863 203 912 leat?
227 865 382 930 Neque
405 864 448 910 id
475 863 549 911 his
573 863 833 912 hominibus
873 863 1078 928 ignorare
1106 865 1179 913 'fas
1213 876 1307 922 est3
1344 865 1567 931 siquidem

87 941 166 1006 qui
202 940 367 1006 optime
407 951 571 988 norunt
612 941 891 1005 coniugalem
937 951 1208 989 contractum
1242 959 1362 989 mere
1394 941 1567 989 civilem

88 1018 133 1063 in
169 1016 472 1064 conscientiae
500 1017 594 1063 soro
621 1015 790 1064 nullius
820 1017 1000 1081 penitus
1024 1035 1126 1065 esse
1147 1017 1335 1075 valoris,
1364 1018 1568 1083 adeoque

87 1093 281 1141 scientes
323 1092 614 1158 volentesque
649 1092 722 1140 his
755 1093 964 1141 omnibus
1010 1094 1202 1159 peccatis
1243 1110 1344 1142 sese
1383 1103 1570 1142 onerant

88 1187 236 1219 coram
271 1171 398 1227 Deo,
438 1170 515 1234 qui
551 1186 627 1218 eos
663 1170 709 1216 in
746 1170 958 1218 iudicium
992 1171 1183 1218 vocabit.

186 1247 229 1293 4.
268 1247 473 1312 Denique
497 1265 598 1295 reos
622 1265 723 1294 esse
746 1258 966 1313 quotquot
990 1247 1103 1296 alios
1127 1247 1320 1295 evidenti
1351 1247 1569 1296 obiiciunt

88 1323 287 1389 periculo
320 1323 577 1371 incurrendi
612 1334 839 1372 aeternum
874 1324 1081 1381 exitium,
1110 1325 1184 1372 vix
1210 1324 1472 1389 probatione
1506 1324 1570 1369 in-

91 1400 227 1463 diget.
268 1400 386 1448 Satis
419 1411 489 1448 est
521 1401 640 1448 enim
685 1401 818 1448 fidem
864 1418 1039 1449 omnem
1075 1419 1161 1449 non
1197 1401 1398 1448 eiurasse
1435 1410 1570 1465 atque

92 1477 339 1534 abiecisse,
377 1488 426 1524 ut
459 1495 537 1543 per
571 1494 621 1524 se
655 1477 850 1542 quisque
883 1478 1126 1542 intelligat,
1164 1496 1291 1535 eum,
1319 1478 1396 1543 qui
1423 1477 1570 1542 proxi-

93 1570 213 1600 mum
249 1571 380 1601 suum
409 1553 603 1601 evidenti
630 1554 830 1619 periculo
853 1554 1001 1602 sciens
1025 1555 1270 1621 volensque
1294 1554 1475 1620 exponit
1496 1571 1571 1602 ae-

90 1641 240 1678 ternae
273 1630 575 1678 damnationis
598 1670 608 1688 ,
647 1631 913 1695 gravissimo
949 1632 1116 1680 scelere
1151 1650 1251 1680 sese
1285 1631 1501 1696 polluere.

182 1708 276 1756 Hoc
310 1725 414 1756 vero
449 1708 707 1773 periculum*
731 1708 904 1757 evidens
928 1708 1146 1766 diximus,
1176 1710 1313 1775 idque
1337 1708 1568 1773 multiplici

87 1802 141 1831 ex
164 1785 325 1850 capite.
356 1786 467 1832 Nam
495 1786 543 1831 in
569 1795 692 1833 tanta
715 1786 882 1833 civium
907 1786 1193 1834 multitudine
1218 1787 1369 1851 plures
1395 1801 1571 1848 semper

88 1871 195 1908 sunt
216 1861 262 1908 in
288 1879 419 1910 omne
442 1862 609 1909 malum
640 1862 857 1926 proclives
874 1901 884 1919 ,
912 1863 1147 1928 omnisque
1174 1877 1358 1927 prorsus
1383 1861 1569 1926 pudoris

89 1948 316 2002 expertes,
358 1938 436 2003 qui
471 1938 700 2002 religionis
736 1938 996 2004 proculcant
1029 1950 1287 2005 praecepta,
1315 1939 1379 1986 uti
1410 1938 1570 2003 quovis

88 2026 285 2080 tempore
307 2026 352 2063 et
374 2015 543 2081 ubique
576 2015 772 2064 locorum
808 2016 948 2063 tristis
983 2016 1254 2081 experientia
1279 2033 1360 2062 nos
1394 2015 1563 2062 edocet.

88 2093 257 2140 Horum
295 2110 507 2141 numerus
541 2093 703 2140 mirum
729 2093 775 2140 in
800 2094 981 2141 modum
1014 2093 1174 2141 crescit
1192 2131 1201 2149 ‚
1229 2110 1367 2158 quum
1392 2092 1569 2157 publica

88 2168 340 2234 praevalet,
368 2169 715 2234 dominaturque
748 2170 903 2235 opinio
939 2170 995 2217 de
1031 2169 1401 2216 indifferentismo
1434 2178 1570 2232 atque

87 2245 393 2294 incredulitate
421 2247 467 2294 in
501 2246 729 2310 religionis
764 2246 940 2311 negotio
976 2258 1200 2311 tamquam
1226 2245 1281 2293 de
1306 2244 1472 2292 saeculi
1505 2243 1569 2291 ci—

85 2322 280 2389 vilisque
325 2323 471 2372 cultus
521 2340 800 2388 progressu;
845 2341 983 2389 quum
1025 2324 1055 2370 ii
1086 2362 1094 2379 ‚
1133 2323 1211 2388 qui
1252 2322 1461 2387 publicae
1505 2321 1566 2368 rei

87 2398 262 2447 clavum
298 2410 489 2447 tractant
512 2400 627 2448 facto
656 2401 754 2466 ipso
789 2416 886 2448 eam
922 2400 1176 2465 opinionem
1211 2400 1475 2447 confirmant
1498 2414 1570 2445 so-

89 2476 342 2541 lidantque,
372 2493 510 2541 seque
542 2476 728 2524 hostiles
763 2476 964 2541 religioni
1009 2476 1154 2524 modis
1195 2475 1416 2523 omnibus'
1443 2487 1571 2540 prae-

89 2552 219 2609 bent;
241 2571 380 2618 quum
399 2553 645 2611 emissarii,
670 2571 783 2619 quos
802 2564 976 2609 vocant,
1000 2564 1221 2600 sectarum
1240 2569 1398 2600 nervos
1415 2564 1568 2600 omnes

90 2628 364 2677 christianae
389 2630 494 2677 fidei
514 2630 559 2676 in
580 2630 758 2695 populis
783 2629 1042 2695 praecidere
1066 2629 1352 2677 connituntur
1370 2628 1569 2675 iniici'en—

91 2714 158 2751 tes
192 2716 479 2771 serentesque
512 2706 760 2771 principia,
789 2723 905 2771 quae
928 2722 1110 2752 sensum
1137 2705 1391 2769 religiosum
1426 2715 1568 2752 exter-

91 2780 286 2838 minant,
315 2793 391 2829 aut
419 2784 706 2847 extinguunt,
747 2795 878 2847 prout
910 2793 1053 2831 aetate
1087 2783 1173 2831 hac
1206 2793 1356 2831 nostra
1380 2782 1474 2830 fieri
1501 2782 1568 2829 lu-
