1918 3186
283 178 340 224 50
549 191 629 222 un.
661 191 691 222 1.
719 188 833 221 sacr.
860 187 889 218 1.
920 185 971 216 ni:
1006 185 1178 218 uirium.
1208 185 1491 217 sacnmsnro.

279 269 521 332 theoloqict's
554 265 750 329 vulgavit
782 281 854 310 an.
878 264 1025 320 1562,
1056 274 1133 310 aut
1161 265 1283 310 1563
1323 264 1407 325 (2).
1431 262 1525 310 Hoc
1551 263 1596 310 in
1614 280 1748 330 opere

279 346 335 394 cl.
358 354 512 392 auctor
534 343 611 389 lib.
632 341 745 388 VIII.
769 357 867 405 cap.
890 340 939 386 V.
963 350 1080 388 totus
1107 341 1152 388 in
1181 357 1233 388 eo
1261 350 1348 397 est,
1382 350 1431 388 ut
1458 339 1634 388 evincat
1664 358 1752 389 non

280 420 418 467 alium
454 418 586 465 huius
622 415 886 464 sacramenti
917 416 1167 464 ministrum
1206 433 1334 472 esse,
1373 425 1450 463 aut
1482 433 1583 463 esse
1618 432 1753 480 posse

278 506 453 560 praeter
492 510 631 542 unum
675 491 974 548 sacerdotem,
1013 492 1090 556 qui
1130 491 1439 540 benedictione
1483 491 1751 540 christianos

279 571 488 633 coniuges
522 586 649 619 sacro
683 567 860 617 foedere
889 567 1090 632 copulat,
1119 584 1360 631 eorumque
1383 585 1650 615 consensum
1675 585 1755 615 seu

278 656 551 694 contractum
586 645 730 693 elevat
762 644 819 692 ad
859 644 1120 707 dignitatem
1148 644 1444 700 sacramenti,
1482 644 1670 706 gratiam
1702 662 1755 692 ex

279 740 413 786 opere
445 731 628 786 operato
661 721 968 785 impertiendo.
999 719 1128 775 Quod
1159 737 1263 768 vero
1291 720 1446 767 attinet
1471 720 1527 768 ad
1558 720 1757 785 nuptiale

280 799 436 847 foedus
471 798 783 863 quodcumque
809 797 906 844 sine
934 795 1196 843 sacerdotali
1230 796 1535 846 benedictione
1567 797 1752 854 initum,

280 876 336 926 ad
359 863 528 924 merum
545 873 789 922 naturalem
806 872 1070 937 civilemque
1087 880 1357 922 contractum
1376 873 1754 923 amandatSuam

280 951 396 999 hanc
429 950 693 999 sententiam
725 950 823 1014 ipse
855 948 1027 1013 pariter
1053 947 1285 998 Guilielmo
1323 948 1593 1013 parisiensi,
1626 950 1758 997 *Petro

283 1026 539 1081 Paludano‚
572 1025 708 1073 immo
739 1041 843 1073 vero
876 1024 1039 1088 et‘ipsi
1070 1042 1107 1073 s,
1132 1023 1326 1073 Thomae
1359 1023 1538 1071 tribuit·

379 1101 460 1152 Ast
492 1118 723 1165 perperam
749 1120 759 1157 ;
803 1099 1026 1164 siquidem
1057 1099 1140 1146 etsi
1174 1098 1435 1147 Guilielmus
1479 1116 1758 1164 summopere

284 1177 563 1224 commendet
602 1176 952 1226 benedictionem
1002 1175 1320 1225 sacerdotalem
1361 1176 1405 1222 in
1440 1175 1609 1239 nuptiis
1643 1176 1758 1224 cele-

282 1253 465 1300 brandis
481 1291 491 1309 ‚
523 1263 715 1301 attamen
738 1262 843 1300 eam
859 1269 946 1300 non
971 1251 1106 1299 habet
1127 1252 1190 1299 uti
1215 1252 1498 1300 essentialem
1522 1252 1578 1300 ad
1600 1270 1755 1301 verum

285 1329 643 1377 constituendum
687 1329 940 1392 coniugium
956 1367 966 1383 ,
1004 1339 1047 1376 et
1078 1328 1134 1376 ad
1164 1339 1488 1376 sacramentum
1521 1329 1760 1377 conficien-

282 1405 404 1453 dum.
434 1406 544 1453 Nam
575 1406 674 1470 ipse
705 1416 855 1470 aperte
888 1405 1043 1453 statuit
1074 1405 1332 1468 coniugium
1359 1416 1402 1453 et
1428 1416 1757 1453 sacramentum

283 1481 452 1529 haberi·
468 1499 548 1545 per
578 1481 723 1530 solum
751 1481 1104 1530 contrahentium
1127 1498 1423 1539 consensum,
1451 1499 1504 1530 ex
1526 1499 1616 1547 quo
1640 1492 1762 1546 patet

282 1556 633 1604 benedictionem
668 1557 724 1604 ab
763 1574 815 1604 eo
855 1556 1020 1621 requiri
1053 1556 1109 1603 ad
1145 1556 1439 1620 integritatem
1467 1595 1478 1614 ‚
1520 1568 1655 1622 atque
1695 1557 1760 1605 uti

283 1650 449 1682 meram
483 1635 846 1688 convenientiam,
886 1633 1118 1689 ut'aiunt;
1156 1633 1338 1680 minime
1365 1650 1470 1681 vero
1496 1634 1562 1680 uti
1590 1644 1758 1697 partem

283 1709 682 1774 essentialem-qua
706 1717 1031 1758 'sacramentum
1055 1710 1349 1757 constituatur
1363 1747 1373 1766 ‚
1395 1710 1461 1757 uti
1479 1719 1653 1757 constat
1667 1720 1760 1757 tum

284 1802 337 1833 ex
372 1786 618 1834 rationibus
653 1803 766 1851 quas
800 1786 1002 1843 adduc-it,
1030 1785 1334 1851 exemplisque
1357 1786 1521 1850 quibus
1544 1786 1683 1833 utitur
1703 1785 1760 1833 ad

285 1879 375 1908 rem
411 1871 566 1919 suam,
605 1873 697 1910 tum
725 1880 779 1910 ex
811 1862 1024 1911 orationis
1059 1879 1189 1910 serie.

382 1938 510 1994 Quod
543 1948 593 1988 ut
623 1939 879 1987 evincamus
908 1977 918 1996 ‚
956 1939 1065 1987 satis
1106 1938 1235 1987 nobis
1268 1939 1351 1986 erit
1391 1938 1527 1987 verba
1560 1938 1760 1986 eiusdem

285 2015 477 2063 auctoris
501 2015 547 2062 in
572 2015 767 2063 medium
800 2015 982 2072 afferre,
1012 2026 1061 2063 ut
1083 2015 1179 2063 eius
1209 2032 1419 2078 germana
1447 2032 1573 2062 mens
1598 2014 1759 2063 melius

288 2090 569 2154 percipiatur.
608 2091 680 2139 Sic
721 2091 855 2155 igitur
893 2091 1047 2139 scribit
1089 2091 1350 2139 Guilielmus
1399 2091 1443 2138 in
1494 2109 1651 2156 opusc.
1696 2091 1760 2137 De

287 2167 554 2215 matrimonio
581 2185 680 2232 cap.
694 2169 767 2215 vl.
789 2169 853 2215 De
877 2169 1105 2215 sanctitate
1126 2169 1408 2215 matrimonii.
1428 2167 1607 2215 «Habet
1625 2166 1759 2214 etiam

287 2243 620 2291 matrimonium
647 2263 730 2292 non
758 2263 919 2308 param
951 2245 1199 2293 sanctitatis
1234 2262 1287 2292 ex
1319 2243 1651 2300 benedictione,
1689 2243 1758 2290 vel

382 2377 427 2418 (2)
445 2378 598 2410 Nonnulli
626 2378 767 2420 primum
794 2378 892 2411 fuisse
916 2380 979 2412 boc
999 2380 1081 2411 Cani
1099 2388 1181 2421 opus
1201 2380 1368 2420 vulgatum
1383 2387 1437 2412 an.
1455 2382 1543 2411 1562.
1556 2377 1758 2418 existimant,

286 2428 341 2460 alii
359 2436 436 2461 vero
456 2437 507 2461 an.
529 2434 617 2462 1563.
633 2431 753 2462 Verum
773 2431 923 2471 componi
946 2432 1082 2471 possunt
1104 2431 1166 2463 hae
1186 2431 1362 2464 sententiae
1377 2429 1490 2471 exiis,
1506 2436 1591 2470 quae
1613 2428 1760 2462 scribunt

286 2490 339 2521 pp.
359 2482 474 2519 Quetif
492 2482 525 2515 et
546 2482 671 2516 Ecbard
691 2483 724 2514 in
742 2483 976 2524 scriptoribus
1000 2482 1132 2516 ordinis
1149 2483 1434 2524 praedicatorum
1453 2482 1489 2514 in
1510 2483 1571 2514 art.
1590 2481 1759 2514 Melchtor

290 2535 405 2566 Canus
424 2536 504 2581 torn.
520 2537 562 2568 ΙΙ.
577 2544 650 2578 pag.
670 2538 753 2577 177.;
771 2536 832 2568 hoc
852 2545 935 2578 opus
954 2536 1157 2578 privilegium
1173 2536 1392 2577 impressionis
1411 2534 1553 2567 obtinuit
1568 2534 1691 2567 Matriti
1705 2534 1759 2567 die

288 2589 338 2618 27.
358 2588 491 2628 Augusti
517 2593 606 2622 1562.
621 2590 654 2621 et
667 2589 783 2621 iterum
797 2588 854 2632 die
866 2593 917 2622 22.
934 2597 1010 2621 nov.
1023 2588 1167 2621 eiusdem
1179 2587 1274 2629 anni3
1291 2587 1414 2620 editum
1427 2588 1534 2619 autem
1551 2587 1600 2619 est
1615 2587 1758 2620 Salman-

287 2640 370 2672 tioee'
388 2641 474 2681 typis
493 2642 690 2683 elegantibus
709 2642 744 2675 in
765 2642 823 2675 fol.
842 2650 895 2675 an.
914 2646 1004 2676 1563.
1021 2651 1087 2683 quo
1106 2641 1220 2674 eodem
1229 2649 1314 2673 anuo
1330 2640 1384 2673 die
1401 2645 1449 2673 11.
1467 2640 1634 2673 novembr.
1648 2640 1760 2673 habita

287 2693 337 2726 est
365 2701 443 2737 sess.
471 2697 585 2728 XXIV.
611 2705 702 2729 conc.
728 2695 916 2737 tridentini,
943 2695 992 2728 uti
1017 2696 1130 2728 notum
1155 2695 1205 2727 est
1231 2703 1270 2728 ex
1297 2694 1431 2727 historia
1456 2693 1545 2726 card.
1566 2693 1759 2726 Pallavicini

289 2744 346 2778 lib.
362 2747 477 2778 xxlll.
495 2756 566 2788 cap.
589 2753 619 2781 9.
636 2758 669 2780 n.
689 2753 737 2782 15.
758 2749 814 2781 ubi
828 2748 942 2786 scribit
952 2748 1050 2790 paulo
1064 2749 1139 2780 ante
1153 2755 1274 2781 annum
1294 2756 1360 2788 quo
1378 2747 1489 2779 datum
1511 2746 1572 2779 suit
1588 2755 1606 2778 a
1620 2746 1758 2781 concilio

291 2796 454 2830 decretum
472 2797 513 2830 (le
538 2800 751 2833 matrimoniis
769 2800 976 2835 clandestinis
996 2802 1122 2834 Canum
1143 2808 1223 2840 opus
1249 2807 1342 2831 suum
1362 2798 1520 2839 vulgasse.
