1912 3180
327 164 418 211 304
591 175 672 208 mn.
701 174 731 206 1.
759 170 873 206 sacr.
901 171 1073 205 Atrum.
1102 171 1154 205 nn
1188 170 1364 205 numu.
1391 153 1538 206 civim?

326 271 495 319 gemus.
531 253 580 298 In
616 251 691 299 tali
727 251 861 314 igitur
895 268 1042 298 rerum
1077 249 1359 307 conditione,
1398 250 1507 315 quid
1542 252 1727 310 mirum,
1756 254 1794 302 si

328 331 474 395 plures
509 327 816 384 inveniantur,
844 328 938 392 qui,
967 344 1068 375 cum
1103 327 1248 390 agitur
1269 327 1326 374 de
1349 327 1564 375 ecclesiae
1597 328 1793 391 legibus,

325 423 402 453 eas
421 406 602 470 impune
619 405 976 469 praevaricentur
991 443 1001 461 ,
1023 404 1314 469 pessumdent
1331 414 1464 469 atque
1481 405 1799 453 contemnant?

327 482 500 530 Gloriae
534 482 680 547 potius
715 481 803 529 sibi
837 481 1005 529 ducunt
1039 481 1099 528 ita
1123 499 1173 528 se
1197 498 1370 545 gerere,
1398 499 1565 546 eosque
1588 482 1796 539 irrident,

326 558 404 623 qui
438 558 602 606 vellent
635 575 712 606 eos
747 557 804 605 ab
839 557 923 605 hac
958 557 1181 605 sentiendi
1227 557 1479 622 agendique
1522 558 1690 605 ratione
1723 558 1801 606 de·

330 634 509 682 ducere.

425 710 568 759 Semel
592 727 645 758 ac
668 720 815 759 autem
840 708 1028 757 nexibus
1051 708 1257 757 civilibus
1281 710 1556 775 nuptialibus
1581 710 1802 757 eiusmodi

330 787 533 836 homines
558 804 607 835 se
631 787 890 842 irretierint,
917 784 1102 832 difficile
1124 785 1304 833 omnino
1337 797 1405 833 est
1437 796 1487 833 ut
1519 786 1577 833 ab
1611 786 1668 833 iis
1703 803 1803 833 sese

328 864 570 921 extricent,
608 863 847 928 praecipue
882 861 920 909 si
955 861 1013 909 ad
1049 871 1222 926 tempus
1263 861 1446 927 aliquod
1490 861 1662 927 absque
1700 879 1806 909 con—

330 940 542 988 scientiae
566 941 653 987 iam
678 939 872 1003 sopitae,
899 938 1070 1003 diuque
1087 948 1363 1004 contemptae
1380 956 1544 1002 angore
1566 939 1804 1003 coniugum

333 1034 455 1065 more
488 1015 773 1065 convixerint.
810 1014 926 1062 Hinc
959 1015 1047 1061 rari
1081 1014 1320 1062 admodum
1356 1026 1484 1071 sunt,
1523 1016 1600 1080 qui
1634 1016 1691 1062 de
1724 1032 1807 1063 suo

331 1104 450 1141 statu
493 1093 674 1140 tandem
718 1102 877 1139 exeant
908 1109 960 1139 ac
1001 1091 1268 1157 resipiscant
1301 1092 1357 1139 ad
1391 1092 1554 1140 bonam
1598 1092 1768 1155 frugem
1792 1130 1803 1148 ,

331 1181 464 1234 atque
497 1168 826 1216 matrimonium
861 1185 992 1215 suum
1026 1185 1175 1216 coram
1209 1168 1398 1217 ecclesia
1432 1179 1576 1215 ratum
1610 1168 1803 1224 faciant,

333 1262 414 1292 seu
448 1244 597 1309 potius
632 1261 734 1292 vere
768 1243 934 1291 ineant.
975 1244 1180 1309 Plerique
1211 1245 1329 1291 enim
1348 1282 1358 1301 ,
1387 1254 1464 1292 aut
1496 1244 1708 1310 culpabili
1732 1261 1810 1291 ne-

331 1321 572 1385 gligentia,
610 1331 687 1369 aut
719 1321 915 1384 religiosi
950 1338 1113 1369 sensus
1148 1321 1322 1368 defectu
1344 1359 1354 1377 ,
1392 1331 1469 1368 aut
1502 1321 1636 1368 etiam
1670 1320 1810 1368 eccle—

327 1398 430 1446 siae
475 1408 753 1463 contemptu,
793 1408 870 1445 aut
903 1398 1057 1445 timore
1091 1398 1361 1464 quandoque
1393 1398 1620 1446 mundano
1654 1398 1806 1455 ducti,

335 1491 391 1521 ne
407 1474 464 1521 ab
488 1473 690 1521 eiusdem
715 1473 854 1536 frugis
880 1473 1135 1520 hominibus
1161 1473 1286 1538 parvi
1312 1474 1624 1532 aestimentur,
1646 1492 1673 1522 a
1690 1474 1811 1521 chri—

333 1550 470 1597 stiani
497 1550 693 1598 muneris
728 1549 876 1598 officio
912 1549 1199 1614 adimplendo
1233 1549 1484 1606 abstinent,
1514 1550 1634 1598 civili
1657 1551 1811 1598 coniu-

334 1627 409 1691 gio
441 1627 652 1674 contenti.

431 1704 618 1760 Verum,
657 1704 778 1768 quod
813 1704 960 1752 adhuc
995 1703 1190 1752 deterius
1225 1715 1320 1761 est,
1358 1722 1459 1752 cum
1495 1704 1668 1770 puellae
1701 1704 1812 1752 deli—

335 1780 519 1828 catioris
560 1780 859 1828 conscientiae
893 1797 994 1828 esse
1028 1780 1231 1837 soleant,
1270 1798 1358 1829 non
1395 1781 1531 1829 semel
1565 1799 1592 1829 a
1626 1781 1812 1846 perditis

335 1857 558 1904 eiusmodi
592 1856 849 1905 hominibus
883 1857 1183 1921 decipiuntur.
1220 1858 1331 1905 Nam
1360 1868 1410 1905 ut
1435 1875 1512 1905 eas
1538 1858 1728 1923 primum
1754 1858 1812 1905 ad

337 1933 491 1981 civiles
516 1933 695 1998 nuptias
719 1933 955 1990 inducant,
984 1933 1249 2003 pollicentur
1272 1952 1321 1982 se
1344 1945 1446 1999 post
1468 1935 1644 1983 civilem
1667 1946 1813 1983 actum

340 2009 527 2058 inituros
562 2027 663 2058 esse
698 2010 954 2073 coniugium
988 2027 1137 2058 coram
1178 2010 1398 2068 ecclesia;
1439 2022 1675 2076 postquam
1708 2028 1814 2059 vero

337 2103 487 2134 coram
530 2087 793 2150 magistratu
837 2087 1154 2143 constiterunt,
1195 2104 1282 2134 non
1318 2087 1451 2135 modo
1494 2088 1643 2136 datam
1681 2088 1814 2135 fidem

340 2181 428 2211 non
452 2162 668 2219 liberant,
698 2163 776 2211 sed
802 2163 1063 2229 pugnaciter
1086 2174 1276 2211 renuunt
1298 2163 1355 2211 ad
1379 2164 1612 2212 ecclesiam
1636 2182 1686 2212 se
1709 2182 1814 2212 con—

341 2240 452 2287 ferre
475 2278 485 2298 ,
523 2240 607 2288 rati
641 2240 887 2303 legitimum
923 2240 1194 2305 plenumque
1229 2258 1330 2288 esse
1364 2241 1653 2304 coniugium,
1693 2241 1813 2307 quod

337 2334 488 2365 coram
522 2316 782 2379 magistratu
816 2327 1143 2365 contraxerunt.
1176 2318 1348 2366 Exinde
1383 2318 1456 2374 fit,
1495 2328 1543 2364 ut
1576 2318 1727 2364 infelix
1762 2336 1815 2366 ac

341 2393 475 2441 nimis
509 2393 689 2440 credula
724 2393 872 2457 puella
906 2411 986 2441 nec
1021 2394 1164 2458 possit
1188 2412 1267 2459 per
1297 2395 1531 2459 repudium
1566 2412 1616 2442 se
1649 2394 1705 2441 ab
1740 2395 1816 2443 illo

341 2468 511 2516 solvere
546 2487 682 2525 nexu,
709 2480 752 2516 et
774 2469 908 2517 vidua
932 2469 1193 2553 priusquam
1218 2487 1327 2517 uxor
1350 2470 1510 2518 debeat
1535 2487 1811 2555 permanere,

341 2562 395 2591 eo
418 2545 538 2609 quod
562 2545 632 2592 lex
655 2563 753 2593 eam
777 2556 906 2609 cogat
926 2545 1158 2593 convivere
1174 2556 1217 2592 et
1233 2545 1490 2593 cohabitare
1511 2564 1611 2593 cum
1635 2547 1731 2595 viro
1754 2548 1816 2596 ci-

344 2621 488 2669 viliter
515 2623 672 2679 ducto⁷
707 2640 853 2688 neque
881 2623 1050 2688 possit,
1085 2633 1296 2670 renuente
1331 2623 1620 2681 conscientia,
1649 2626 1718 2672 sui
1741 2641 1814 2672 co-

345 2697 464 2760 piam
511 2700 738 2763 praeberc.
788 2701 904 2748 Hinc
945 2700 1144 2765 undique
1186 2699 1406 2764 angustiis
1438 2711 1482 2747 et
1517 2700 1814 2748 anxietatibus

344 2774 549 2823 maximis
585 2776 864 2839 praemitur3
909 2777 1021 2825 inter
1062 2776 1201 2840 legem
1236 2788 1279 2824 et
1312 2776 1628 2826 conscientiam
1671 2777 1815 2841 posita
