1918 3186
255 229 325 261 xvi
854 224 1083 257 Pitumnum
1093 246 1099 254 .

255 325 351 357 sem
379 323 470 371 ope
503 307 755 361 traderem,
788 315 833 352 et
865 304 1084 353 adversus
1114 304 1332 352 ecclesiae
1363 304 1518 350 hostes
1547 318 1723 365 propu-

256 401 460 449 gnarem.

353 461 488 517 Quod
512 469 797 523 postremum
827 460 876 506 in
908 474 1041 506 causa
1071 458 1263 506 fortasse
1287 459 1403 511 erit,
1432 468 1483 505 ut
1510 474 1726 520 quorum-

251 539 365 585 ·dam
397 538 638 584 hominum
672 536 849 598 linguas
872 543 919 582 et
941 551 1077 582 voces
1099 537 1244 581 vitare
1276 536 1461 597 penitus
1495 551 1588 582 non
1620 551 1724 598 pos-

258 615 368 667 sim,
401 622 538 675 atque
564 628 726 659 eorum
752 613 973 666 maxime,
1008 612 1090 673 qui
1118 627 1214 658 non
1245 612 1408 659 eadem
1438 609 1727 660 institutione

259 690 429 738 eruditi
462 690 615 735 minus
647 704 791 751 aeque
826 689 910 735 hac
936 704 1075 750 super
1100 704 1151 735 re
1180 689 1239 735 de
1271 689 1571 736 ecclesiastica
1596 699 1727 752 pote-

259 775 376 814 state
400 775 445 813 et
468 767 569 812 iure
601 766 879 828 apostolicae
908 765 1028 812 sedis
1056 766 1308 827 opinantur
1340 781 1392 813 ac
1426 767 1646 813 sentiunt.
1669 768 1728 814 lis

259 858 371 891 vero
403 844 482 905 qui
519 841 763 889 obfirmata
798 843 939 889 animi
980 844 1204 905 pravitate
1244 845 1497 891 contrarias
1537 859 1729 908 prorsus
1789 871 1811 884 ⁷-

259 921 503 983 opiniones
525 927 779 973 sectantur,
800 920 973 981 quique
999 919 1086 966 hac
1102 921 1201 982 ipsa
1224 921 1271 966 in
1300 920 1402 967 luce
1420 937 1511 984 qua
1529 923 1729 969 vivimus

259 1013 343 1062 per
376 1012 608 1043 summum
630 996 757 1043 nefas
781 998 952 1059 rogatis
976 997 1156 1059 legibus
1187 1007 1278 1044 tam
1305 1013 1445 1060 grave
1474 1007 1518 1046 et
1548 999 1730 1062 pericu-

260 1075 415 1121 losum
430 1073 608 1120 bellum
629 1073 849 1122 adversus
870 1073 1109 1122 ecclesiam
1137 1085 1459 1129 commovent,
1486 1077 1534 1121 in
1559 1084 1729 1137 quanta

260 1152 434 1200 invidia
461 1151 643 1197 futurus
667 1152 775 1205 sim,
797 1167 891 1198 non
910 1161 977 1199 est
1000 1168 1083 1199 cur
1107 1152 1285 1199 dicam:
1309 1146 1408 1214 ipse
1426 1153 1564 1215 plane
1583 1155 1732 1200 sentio

262 1240 399 1293 atque
430 1231 656 1292 intelligo.
695 1231 782 1277 Sed
816 1230 874 1276 de
910 1231 1000 1278 hoc
1032 1231 1275 1277 hominum
1306 1246 1501 1292 genere,
1529 1232 1611 1293 qui
1636 1245 1732 1276 non

261 1315 418 1355 rerum
449 1303 769 1369 ignoratione,
818 1308 897 1355 sed
926 1302 1164 1354 ‘obstinati
1207 1309 1345 1354 animi
1383 1309 1497 1355 vitio
1529 1309 1735 1355 veritatis

262 1383 590 1448 splendoribus
626 1393 829 1432 mentem
876 1385 1162 1437 occludunt,
1207 1384 1432 1431 sollicitus
1466 1384 1605 1447 plane
1638 1401 1734 1432 non

262 1476 372 1508 ero:
409 1463 599 1508 caeteris
633 1470 699 1508 sat
730 1463 843 1508 mihi
875 1462 1040 1508 videor
1075 1461 1302 1524 profuisse
1333 1462 1370 1507 si
1406 1475 1546 1508 omne
1579 1477 1736 1508 meum

265 1537 471 1584 studium
496 1546 632 1599 atque
654 1555 867 1601 operam,
894 1555 985 1601 qua
1009 1540 1208 1586 maxime
1241 1540 1372 1600 potui
1409 1540 1736 1601 perspicuitate

263 1615 310 1659 in
341 1613 459 1660 hanc
494 1617 811 1663 tractationem
847 1616 1142 1663 contulerim.

358 1691 584 1753 Equidem
615 1693 660 1738 in
695 1693 965 1756 theologicis
1000 1695 1113 1740 meis
1144 1692 1532 1755 praelectionibus
1560 1729 1570 1746 ,
1615 1709 1735 1756 quae

262 1766 406 1828 vulgo
441 1768 849 1823 circumferuntur,
881 1770 941 1816 de
966 1770 1058 1816 hoc
1087 1769 1253 1825 eodem
1288 1779 1562 1832 argumento
1596 1780 1736 1832 prout

262 1843 470 1890 instituta
508 1845 754 1892 methodus
799 1845 1091 1908 postulabat,
1136 1848 1228 1893 iam
1265 1855 1396 1895 antea
1431 1849 1731 1909 scripseram:

265 1919 345 1965 sed
385 1935 437 1967 ea
478 1919 664 1968 brevius
693 1921 886 1970 fortasse
907 1959 919 1977 ,
957 1938 1010 1970 ac
1042 1925 1243 1970 strictius
1278 1923 1399 1970 dicta
1427 1924 1577 1972 videri
1604 1933 1755 1986 pote--¹

265 2005 397 2050 runt,
427 2005 474 2044 et
506 1999 650 2059 magis
683 1998 742 2046 ad
770 2009 943 2047 ceteras
972 2010 1125 2063 partes
1152 2016 1292 2062 quam
1317 1999 1375 2048 ad
1397 2000 1669 2062 dignitatem
1692 2009 1738 2047 et

267 2073 616 2135 amplitudinem
642 2077 924 2124 tractationis
950 2077 1311 2125 accommodata.
1331 2078 1488 2139 ltaque
1505 2093 1563 2124 eo
1585 2076 1738 2124 liben-

266 2149 373 2195 tiori
399 2150 554 2196 animo
577 2150 701 2198 hunc
722 2152 918 2199 alterum
943 2152 1153 2201 laborem
1178 2154 1380 2215 suscepi,
1400 2153 1530 2215 quod
1552 2161 1734 2214 gratum

266 2222 484 2270 omnibus
515 2240 591 2271 me
629 2225 857 2275 facturum
890 2237 1126 2291 putarem,
1163 2230 1199 2275 si
1233 2244 1354 2291 quae
1388 2228 1462 2275 vel
1498 2227 1738 2274 brevitatis

267 2314 399 2346 causa
418 2309 566 2347 essent
584 2303 718 2349 missa
731 2338 742 2356 ‚
760 2304 832 2351 vel
852 2319 970 2366 quae
996 2306 1159 2352 maiori
1184 2312 1372 2365 egerent
1397 2303 1707 2350 declaratione
1723 2338 1733 2355 ‚

266 2375 341 2421 vel
376 2391 495 2438 quae
532 2377 737 2424 conditio
769 2388 1034 2442 temporum
1071 2389 1117 2427 et
1150 2380 1393 2427 necessitas
1439 2379 1694 2442 postularet
1723 2415 1733 2432 ‚

267 2450 412 2498 fusius
443 2453 489 2498 in
518 2453 609 2500 hoc
637 2469 778 2516 opere
814 2455 1060 2502 adiicerem
1094 2461 1146 2502 ac
1178 2457 1478 2503 cumularem.
1502 2457 1653 2517 Atque
1676 2457 1738 2502 ita

268 2526 366 2575 duo
400 2544 507 2576 sane
541 2531 636 2592 egi,
667 2546 785 2592 quae
815 2531 1052 2587 volebam;
1075 2540 1127 2578 ut
1152 2547 1270 2578 nova
1294 2532 1406 2578 haec
1435 2534 1648 2578 tractatio
1671 2531 1740 2577 al-

268 2609 415 2650 teram
447 2604 576 2652 illam
613 2621 732 2668 quae
769 2606 951 2654 extabat
984 2607 1237 2669 compleret
1278 2616 1415 2669 atque
1453 2606 1694 2669 perficeret
1725 2642 1735 2659 ,

270 2680 499 2743 simulque
526 2682 745 2729 adversus
777 2683 1011 2746 religionis
1042 2684 1197 2731 hostes
1224 2699 1312 2746 pro
1331 2700 1382 2730 re
1401 2684 1624 2730 catholica
1648 2699 1740 2745 qua

271 2771 454 2818 possem
493 2773 583 2820 ope
613 2758 866 2807 obiicerem
898 2775 973 2807 me
1013 2769 1150 2823 atque
1183 2775 1487 2823 opponerem.
1523 2761 1659 2815 Quod
1702 2761 1739 2807 si

268 2833 496 2896 quaedam
545 2835 737 2885 fortasse
785 2846 1030 2885 occurrent
1077 2839 1125 2884 in
1173 2836 1342 2900 qujbus
1389 2853 1484 2884 non
1531 2837 1740 2884 eamdem
