<?xml version="1.0" encoding="UTF-8"?>
<!DOCTYPE html PUBLIC "-//W3C//DTD XHTML 1.0 Transitional//EN"
    "http://www.w3.org/TR/xhtml1/DTD/xhtml1-transitional.dtd">
<html xmlns="http://www.w3.org/1999/xhtml" xml:lang="en" lang="en">
 <head>
  <title>
</title>
<meta http-equiv="Content-Type" content="text/html;charset=utf-8" />
  <meta name='ocr-system' content='tesseract 3.04.00' />
  <meta name='ocr-capabilities' content='ocr_page ocr_carea ocr_par ocr_line ocrx_word'/>
</head>
<body>
  <div class='ocr_page' id='page_1' title='image "a603380701perruoft_0032.png"; bbox 0 0 1918 3186; ppageno 0'>
   <div class='ocr_carea' id='block_1_1' title="bbox 278 181 1473 228">
    <p class='ocr_par' dir='ltr' id='par_1_1' title="bbox 278 181 1473 228">
     <span class='ocr_line' id='line_1_1' title="bbox 278 181 1473 228; baseline -0.001 -1"><span class='ocrx_word' id='word_1_1' title='bbox 278 181 334 227; x_wconf 68' lang='lat'><strong>¹0</strong></span> <span class='ocrx_word' id='word_1_2' title='bbox 541 197 619 228; x_wconf 78' lang='lat' dir='ltr'><strong>Lm.</strong></span> <span class='ocrx_word' id='word_1_3' title='bbox 651 197 679 227; x_wconf 82' lang='lat'><strong>1.</strong></span> <span class='ocrx_word' id='word_1_4' title='bbox 712 196 824 227; x_wconf 82' lang='lat' dir='ltr'><strong>SEGT.</strong></span> <span class='ocrx_word' id='word_1_5' title='bbox 855 197 884 226; x_wconf 88' lang='lat'><strong>1.</strong></span> <span class='ocrx_word' id='word_1_6' title='bbox 915 196 966 226; x_wconf 70' lang='grc' dir='ltr'><strong>ΒΕ</strong></span> <span class='ocrx_word' id='word_1_7' title='bbox 991 194 1162 228; x_wconf 65' lang='lat' dir='ltr'><strong>numu.</strong></span> <span class='ocrx_word' id='word_1_8' title='bbox 1193 194 1473 228; x_wconf 73' lang='lat' dir='ltr'><strong>SACRAMENTO.</strong></span> 
     </span>
    </p>
   </div>
   <div class='ocr_carea' id='block_1_2' title="bbox 271 273 1751 2007">
    <p class='ocr_par' dir='ltr' id='par_1_2' title="bbox 274 273 1741 412">
     <span class='ocr_line' id='line_1_2' title="bbox 274 273 1741 337; baseline 0.003 -18"><span class='ocrx_word' id='word_1_9' title='bbox 274 273 486 321; x_wconf 85' lang='lat' dir='ltr'><strong>habentes</strong></span> <span class='ocrx_word' id='word_1_10' title='bbox 527 291 607 329; x_wconf 87' lang='lat' dir='ltr'><strong>ea,</strong></span> <span class='ocrx_word' id='word_1_11' title='bbox 648 290 762 337; x_wconf 85' lang='lat' dir='ltr'><strong>quae</strong></span> <span class='ocrx_word' id='word_1_12' title='bbox 796 273 840 317; x_wconf 91' lang='lat' dir='ltr'><strong>in</strong></span> <span class='ocrx_word' id='word_1_13' title='bbox 886 274 1173 320; x_wconf 82' lang='lat' dir='ltr'><strong>sacramentis</strong></span> <span class='ocrx_word' id='word_1_14' title='bbox 1214 273 1544 336; x_wconf 71' lang='lat' dir='ltr'><strong>significantur,</strong></span> <span class='ocrx_word' id='word_1_15' title='bbox 1584 275 1741 323; x_wconf 88' lang='lat' dir='ltr'><strong>virtute</strong></span> 
     </span>
     <span class='ocr_line' id='line_1_3' title="bbox 274 347 1461 412; baseline -0.001 -17"><span class='ocrx_word' id='word_1_16' title='bbox 274 349 451 396; x_wconf 83' lang='lat' dir='ltr'><strong>caelesti</strong></span> <span class='ocrx_word' id='word_1_17' title='bbox 486 348 579 395; x_wconf 91' lang='lat' dir='ltr'><strong>fieri</strong></span> <span class='ocrx_word' id='word_1_18' title='bbox 612 349 735 409; x_wconf 76' lang='lat'>(25),</span> <span class='ocrx_word' id='word_1_19' title='bbox 761 367 783 391; x_wconf 87' lang='lat'>»</span> <span class='ocrx_word' id='word_1_20' title='bbox 811 359 859 394; x_wconf 93' lang='lat' dir='ltr'><strong>ut</strong></span> <span class='ocrx_word' id='word_1_21' title='bbox 892 347 1002 395; x_wconf 88' lang='lat' dir='ltr'><strong>alios</strong></span> <span class='ocrx_word' id='word_1_22' title='bbox 1039 359 1308 412; x_wconf 80' lang='lat' dir='ltr'><strong>praeteream</strong></span> <span class='ocrx_word' id='word_1_23' title='bbox 1346 350 1461 410; x_wconf 79' lang='lat'>(26).</span> 
     </span>
    </p>

    <p class='ocr_par' dir='ltr' id='par_1_3' title="bbox 271 422 1751 1702">
     <span class='ocr_line' id='line_1_4' title="bbox 307 422 1745 489; baseline 0.001 -18"><span class='ocrx_word' id='word_1_24' title='bbox 307 456 312 459; x_wconf 96' lang='lat'>-</span> <span class='ocrx_word' id='word_1_25' title='bbox 345 425 580 472; x_wconf 55' lang='lat' dir='ltr'><strong>*Eamdem</strong></span> <span class='ocrx_word' id='word_1_26' title='bbox 603 440 703 471; x_wconf 87' lang='lat' dir='ltr'><strong>esse</strong></span> <span class='ocrx_word' id='word_1_27' title='bbox 728 423 1012 471; x_wconf 83' lang='lat' dir='ltr'><strong>iacobitarum</strong></span> <span class='ocrx_word' id='word_1_28' title='bbox 1037 436 1079 471; x_wconf 92' lang='lat' dir='ltr'><strong>et</strong></span> <span class='ocrx_word' id='word_1_29' title='bbox 1102 422 1332 489; x_wconf 82' lang='lat' dir='ltr'><strong>ceptorum</strong></span> <span class='ocrx_word' id='word_1_30' title='bbox 1358 425 1511 482; x_wconf 87' lang='lat' dir='ltr'><strong>fidem,</strong></span> <span class='ocrx_word' id='word_1_31' title='bbox 1535 425 1660 473; x_wconf 89' lang='lat' dir='ltr'><strong>testis</strong></span> <span class='ocrx_word' id='word_1_32' title='bbox 1677 435 1745 473; x_wconf 88' lang='lat' dir='ltr'><strong>est</strong></span> 
     </span>
     <span class='ocr_line' id='line_1_5' title="bbox 275 500 1739 565; baseline 0.001 -19"><span class='ocrx_word' id='word_1_33' title='bbox 275 501 490 565; x_wconf 81' lang='lat' dir='ltr'><strong>Iosephus</strong></span> <span class='ocrx_word' id='word_1_34' title='bbox 519 500 787 547; x_wconf 85' lang='lat' dir='ltr'><strong>Abudaenus</strong></span> <span class='ocrx_word' id='word_1_35' title='bbox 811 500 855 546; x_wconf 91' lang='lat' dir='ltr'><strong>in</strong></span> <span class='ocrx_word' id='word_1_36' title='bbox 880 501 1093 565; x_wconf 84' lang='lat' dir='ltr'><strong>opusculo</strong></span> <span class='ocrx_word' id='word_1_37' title='bbox 1115 501 1172 548; x_wconf 89' lang='lat' dir='ltr'><strong>de</strong></span> <span class='ocrx_word' id='word_1_38' title='bbox 1196 518 1345 548; x_wconf 88' lang='lat' dir='ltr'><strong>eorum</strong></span> <span class='ocrx_word' id='word_1_39' title='bbox 1377 501 1593 549; x_wconf 88' lang='lat' dir='ltr'><strong>institutis</strong></span> <span class='ocrx_word' id='word_1_40' title='bbox 1621 503 1739 564; x_wconf 79' lang='lat'><strong>(27).</strong></span> 
     </span>
     <span class='ocr_line' id='line_1_6' title="bbox 275 575 1746 641; baseline 0.001 -20"><span class='ocrx_word' id='word_1_41' title='bbox 275 576 406 622; x_wconf 87' lang='lat' dir='ltr'><strong>Addit</strong></span> <span class='ocrx_word' id='word_1_42' title='bbox 438 592 541 622; x_wconf 83' lang='lat' dir='ltr'><strong>vero</strong></span> <span class='ocrx_word' id='word_1_43' title='bbox 573 575 905 622; x_wconf 87' lang='lat' dir='ltr'><strong>eruditissimus</strong></span> <span class='ocrx_word' id='word_1_44' title='bbox 939 575 1010 622; x_wconf 83' lang='lat' dir='ltr'><strong>his</strong></span> <span class='ocrx_word' id='word_1_45' title='bbox 1045 576 1303 639; x_wconf 87' lang='lat' dir='ltr'><strong>praesertim</strong></span> <span class='ocrx_word' id='word_1_46' title='bbox 1339 576 1384 622; x_wconf 90' lang='lat' dir='ltr'><strong>in</strong></span> <span class='ocrx_word' id='word_1_47' title='bbox 1418 576 1552 623; x_wconf 88' lang='lat' dir='ltr'><strong>rebus</strong></span> <span class='ocrx_word' id='word_1_48' title='bbox 1583 577 1746 641; x_wconf 87' lang='lat' dir='ltr'><strong>Ioseph</strong></span> 
     </span>
     <span class='ocr_line' id='line_1_7' title="bbox 271 651 1748 718; baseline 0.003 -22"><span class='ocrx_word' id='word_1_49' title='bbox 271 652 422 698; x_wconf 87' lang='lat' dir='ltr'>Simon</span> <span class='ocrx_word' id='word_1_50' title='bbox 457 651 749 699; x_wconf 88' lang='lat' dir='ltr'><strong>Assemanus:</strong></span> <span class='ocrx_word' id='word_1_51' title='bbox 783 672 804 695; x_wconf 85' lang='lat'>«</span> <span class='ocrx_word' id='word_1_52' title='bbox 826 651 890 697; x_wconf 91' lang='lat' dir='ltr'><strong>Ad</strong></span> <span class='ocrx_word' id='word_1_53' title='bbox 926 662 1201 699; x_wconf 88' lang='lat' dir='ltr'><strong>sacramenta</strong></span> <span class='ocrx_word' id='word_1_54' title='bbox 1229 652 1348 717; x_wconf 91' lang='lat' dir='ltr'><strong>quod</strong></span> <span class='ocrx_word' id='word_1_55' title='bbox 1378 664 1567 717; x_wconf 83' lang='lat' dir='ltr'><strong>spectat,</strong></span> <span class='ocrx_word' id='word_1_56' title='bbox 1600 663 1748 718; x_wconf 85' lang='lat' dir='ltr'><strong>septe—</strong></span> 
     </span>
     <span class='ocr_line' id='line_1_8' title="bbox 274 726 1747 793; baseline 0.003 -21"><span class='ocrx_word' id='word_1_57' title='bbox 274 727 446 774; x_wconf 82' lang='lat' dir='ltr'><strong>narium</strong></span> <span class='ocrx_word' id='word_1_58' title='bbox 471 744 619 774; x_wconf 91' lang='lat' dir='ltr'><strong>eorum</strong></span> <span class='ocrx_word' id='word_1_59' title='bbox 646 744 891 783; x_wconf 78' lang='lat' dir='ltr'><strong>numerum,</strong></span> <span class='ocrx_word' id='word_1_60' title='bbox 914 727 1061 791; x_wconf 90' lang='lat' dir='ltr'><strong>qualis</strong></span> <span class='ocrx_word' id='word_1_61' title='bbox 1085 726 1140 774; x_wconf 92' lang='lat' dir='ltr'><strong>ab</strong></span> <span class='ocrx_word' id='word_1_62' title='bbox 1164 728 1352 776; x_wconf 86' lang='lat' dir='ltr'><strong>ecelesia</strong></span> <span class='ocrx_word' id='word_1_63' title='bbox 1375 728 1593 776; x_wconf 85' lang='lat' dir='ltr'><strong>catholiea</strong></span> <span class='ocrx_word' id='word_1_64' title='bbox 1616 746 1747 793; x_wconf 81' lang='lat' dir='ltr'><strong>agno-</strong></span> 
     </span>
     <span class='ocr_line' id='line_1_9' title="bbox 273 802 1747 868; baseline 0.001 -18"><span class='ocrx_word' id='word_1_65' title='bbox 273 803 432 858; x_wconf 77' lang='lat' dir='ltr'>scitur,</span> <span class='ocrx_word' id='word_1_66' title='bbox 461 804 579 867; x_wconf 89' lang='lat' dir='ltr'><strong>apud</strong></span> <span class='ocrx_word' id='word_1_67' title='bbox 612 802 823 850; x_wconf 80' lang='lat' dir='ltr'><strong>iaeobitas</strong></span> <span class='ocrx_word' id='word_1_68' title='bbox 853 814 1183 863; x_wconf 81' lang='lat' dir='ltr'><strong>sacrosanctum</strong></span> <span class='ocrx_word' id='word_1_69' title='bbox 1212 820 1313 851; x_wconf 87' lang='lat' dir='ltr'><strong>esse</strong></span> <span class='ocrx_word' id='word_1_70' title='bbox 1342 803 1481 868; x_wconf 88' lang='lat' dir='ltr'><strong>liquet</strong></span> <span class='ocrx_word' id='word_1_71' title='bbox 1508 821 1561 852; x_wconf 87' lang='lat' dir='ltr'><strong>ex</strong></span> <span class='ocrx_word' id='word_1_72' title='bbox 1595 821 1747 852; x_wconf 85' lang='lat' dir='ltr'><strong>eorum</strong></span> 
     </span>
     <span class='ocr_line' id='line_1_10' title="bbox 272 878 1749 945; baseline 0.001 -21"><span class='ocrx_word' id='word_1_73' title='bbox 272 878 509 926; x_wconf 70' lang='lat' dir='ltr'><strong>ritualibus</strong></span> <span class='ocrx_word' id='word_1_74' title='bbox 543 890 586 926; x_wconf 90' lang='lat' dir='ltr'><strong>et</strong></span> <span class='ocrx_word' id='word_1_75' title='bbox 619 879 948 944; x_wconf 82' lang='lat' dir='ltr'><strong>pontificalibus</strong></span> <span class='ocrx_word' id='word_1_76' title='bbox 988 879 1143 935; x_wconf 87' lang='lat' dir='ltr'><strong>libris,</strong></span> <span class='ocrx_word' id='word_1_77' title='bbox 1181 896 1370 944; x_wconf 91' lang='lat' dir='ltr'><strong>quorum</strong></span> <span class='ocrx_word' id='word_1_78' title='bbox 1410 880 1635 945; x_wconf 87' lang='lat' dir='ltr'><strong>exemplar</strong></span> <span class='ocrx_word' id='word_1_79' title='bbox 1668 881 1749 927; x_wconf 84' lang='lat' dir='ltr'><strong>Mi-</strong></span> 
     </span>
     <span class='ocr_line' id='line_1_11' title="bbox 271 954 1750 1019; baseline 0.001 -18"><span class='ocrx_word' id='word_1_80' title='bbox 271 955 442 1002; x_wconf 73' lang='lat' dir='ltr'><strong>chaelis</strong></span> <span class='ocrx_word' id='word_1_81' title='bbox 470 957 565 1017; x_wconf 76' lang='lat'>(28)</span> <span class='ocrx_word' id='word_1_82' title='bbox 600 955 875 1019; x_wconf 80' lang='lat' dir='ltr'><strong>patriarchae</strong></span> <span class='ocrx_word' id='word_1_83' title='bbox 899 955 1157 1002; x_wconf 86' lang='lat' dir='ltr'><strong>auctoritate</strong></span> <span class='ocrx_word' id='word_1_84' title='bbox 1180 955 1347 1002; x_wconf 87' lang='lat' dir='ltr'><strong>editum</strong></span> <span class='ocrx_word' id='word_1_85' title='bbox 1371 954 1587 1003; x_wconf 88' lang='lat' dir='ltr'><strong>habemus</strong></span> <span class='ocrx_word' id='word_1_86' title='bbox 1612 956 1658 1002; x_wconf 93' lang='lat' dir='ltr'><strong>in</strong></span> <span class='ocrx_word' id='word_1_87' title='bbox 1682 956 1750 1002; x_wconf 83' lang='lat' dir='ltr'><strong>hi-</strong></span> 
     </span>
     <span class='ocr_line' id='line_1_12' title="bbox 274 1026 1749 1097; baseline 0.002 -21"><span class='ocrx_word' id='word_1_88' title='bbox 274 1030 492 1078; x_wconf 82' lang='lat' dir='ltr'><strong>bliotheca</strong></span> <span class='ocrx_word' id='word_1_89' title='bbox 525 1031 745 1097; x_wconf 57' lang='lat' dir='ltr'><strong>vationum</strong></span> <span class='ocrx_word' id='word_1_90' title='bbox 785 1030 961 1093; x_wconf 83' lang='lat' dir='ltr'><strong>longum</strong></span> <span class='ocrx_word' id='word_1_91' title='bbox 985 1041 1132 1078; x_wconf 87' lang='lat' dir='ltr'><strong>autem</strong></span> <span class='ocrx_word' id='word_1_92' title='bbox 1157 1029 1232 1078; x_wconf 85' lang='lat' dir='ltr'><strong>hic</strong></span> <span class='ocrx_word' id='word_1_93' title='bbox 1258 1031 1368 1078; x_wconf 81' lang='lat' dir='ltr'><strong>foret</strong></span> <span class='ocrx_word' id='word_1_94' title='bbox 1391 1026 1620 1078; x_wconf 81' lang='lat' dir='ltr'><strong>recensere</strong></span> <span class='ocrx_word' id='word_1_95' title='bbox 1651 1031 1749 1079; x_wconf 87' lang='lat' dir='ltr'><strong>eius</strong></span> 
     </span>
     <span class='ocr_line' id='line_1_13' title="bbox 273 1107 1750 1171; baseline 0.001 -18"><span class='ocrx_word' id='word_1_96' title='bbox 273 1107 418 1169; x_wconf 84' lang='lat' dir='ltr'><strong>gentis</strong></span> <span class='ocrx_word' id='word_1_97' title='bbox 447 1107 709 1171; x_wconf 87' lang='lat' dir='ltr'><strong>scriptorum</strong></span> <span class='ocrx_word' id='word_1_98' title='bbox 738 1124 894 1171; x_wconf 83' lang='lat' dir='ltr'><strong>opera,</strong></span> <span class='ocrx_word' id='word_1_99' title='bbox 922 1124 1038 1171; x_wconf 91' lang='lat' dir='ltr'><strong>quae</strong></span> <span class='ocrx_word' id='word_1_100' title='bbox 1068 1117 1343 1154; x_wconf 82' lang='lat' dir='ltr'><strong>sacramenta</strong></span> <span class='ocrx_word' id='word_1_101' title='bbox 1373 1107 1586 1154; x_wconf 81' lang='lat' dir='ltr'><strong>eeclesiae</strong></span> <span class='ocrx_word' id='word_1_102' title='bbox 1614 1118 1658 1154; x_wconf 90' lang='lat' dir='ltr'><strong>et</strong></span> <span class='ocrx_word' id='word_1_103' title='bbox 1681 1107 1750 1154; x_wconf 85' lang='lat' dir='ltr'><strong>di-</strong></span> 
     </span>
     <span class='ocr_line' id='line_1_14' title="bbox 272 1180 1747 1238; baseline 0.001 -9"><span class='ocrx_word' id='word_1_104' title='bbox 272 1180 375 1229; x_wconf 80' lang='lat' dir='ltr'><strong>vina</strong></span> <span class='ocrx_word' id='word_1_105' title='bbox 410 1182 554 1230; x_wconf 84' lang='lat' dir='ltr'><strong>officia</strong></span> <span class='ocrx_word' id='word_1_106' title='bbox 586 1183 730 1230; x_wconf 84' lang='lat' dir='ltr'><strong>doctis</strong></span> <span class='ocrx_word' id='word_1_107' title='bbox 774 1183 1104 1230; x_wconf 85' lang='lat' dir='ltr'><strong>commentariis</strong></span> <span class='ocrx_word' id='word_1_108' title='bbox 1140 1182 1439 1238; x_wconf 86' lang='lat' dir='ltr'><strong>illustrarunt,</strong></span> <span class='ocrx_word' id='word_1_109' title='bbox 1476 1193 1526 1230; x_wconf 92' lang='lat' dir='ltr'><strong>ut</strong></span> <span class='ocrx_word' id='word_1_110' title='bbox 1559 1184 1747 1230; x_wconf 88' lang='lat' dir='ltr'><strong>loannes</strong></span> 
     </span>
     <span class='ocr_line' id='line_1_15' title="bbox 271 1256 1749 1323; baseline 0.001 -18"><span class='ocrx_word' id='word_1_111' title='bbox 271 1256 506 1314; x_wconf 74' lang='lat' dir='ltr'><strong>Dar-ensis,</strong></span> <span class='ocrx_word' id='word_1_112' title='bbox 535 1259 678 1306; x_wconf 89' lang='lat' dir='ltr'><strong>Moses</strong></span> <span class='ocrx_word' id='word_1_113' title='bbox 708 1259 959 1323; x_wconf 80' lang='lat' dir='ltr'><strong>Barcepha‚</strong></span> <span class='ocrx_word' id='word_1_114' title='bbox 994 1259 1235 1323; x_wconf 86' lang='lat' dir='ltr'><strong>Dionysius</strong></span> <span class='ocrx_word' id='word_1_115' title='bbox 1266 1258 1597 1315; x_wconf 85' lang='lat' dir='ltr'><strong>Barsalibaeus‚</strong></span> <span class='ocrx_word' id='word_1_116' title='bbox 1628 1258 1749 1306; x_wconf 84' lang='lat' dir='ltr'><strong>laco-</strong></span> 
     </span>
     <span class='ocr_line' id='line_1_16' title="bbox 273 1333 1742 1400; baseline -0.001 -20"><span class='ocrx_word' id='word_1_117' title='bbox 273 1334 356 1381; x_wconf 87' lang='lat' dir='ltr'><strong>bus</strong></span> <span class='ocrx_word' id='word_1_118' title='bbox 396 1333 696 1397; x_wconf 82' lang='lat' dir='ltr'><strong>Tagritensis,</strong></span> <span class='ocrx_word' id='word_1_119' title='bbox 736 1335 968 1397; x_wconf 81' lang='lat' dir='ltr'><strong>Gregorius</strong></span> <span class='ocrx_word' id='word_1_120' title='bbox 1003 1334 1329 1381; x_wconf 86' lang='lat' dir='ltr'><strong>Bar-hebraeus</strong></span> <span class='ocrx_word' id='word_1_121' title='bbox 1364 1334 1531 1400; x_wconf 86' lang='lat' dir='ltr'><strong>aliique</strong></span> <span class='ocrx_word' id='word_1_122' title='bbox 1569 1336 1686 1397; x_wconf 81' lang='lat'>(29).</span> <span class='ocrx_word' id='word_1_123' title='bbox 1720 1355 1742 1378; x_wconf 86' lang='lat'>»</span> 
     </span>
     <span class='ocr_line' id='line_1_17' title="bbox 272 1409 1751 1474; baseline 0 -19"><span class='ocrx_word' id='word_1_124' title='bbox 272 1411 386 1456; x_wconf 84' lang='lat' dir='ltr'><strong>Sane</strong></span> <span class='ocrx_word' id='word_1_125' title='bbox 411 1410 467 1457; x_wconf 91' lang='lat' dir='ltr'><strong>de</strong></span> <span class='ocrx_word' id='word_1_126' title='bbox 495 1410 774 1458; x_wconf 87' lang='lat' dir='ltr'><strong>matrimonio</strong></span> <span class='ocrx_word' id='word_1_127' title='bbox 808 1421 1031 1474; x_wconf 84' lang='lat' dir='ltr'><strong>tamquam</strong></span> <span class='ocrx_word' id='word_1_128' title='bbox 1061 1410 1116 1456; x_wconf 92' lang='lat' dir='ltr'><strong>de</strong></span> <span class='ocrx_word' id='word_1_129' title='bbox 1141 1427 1245 1457; x_wconf 87' lang='lat' dir='ltr'><strong>vero</strong></span> <span class='ocrx_word' id='word_1_130' title='bbox 1270 1420 1547 1457; x_wconf 88' lang='lat' dir='ltr'><strong>sacramento</strong></span> <span class='ocrx_word' id='word_1_131' title='bbox 1570 1427 1596 1456; x_wconf 87' lang='lat' dir='ltr'><strong>a</strong></span> <span class='ocrx_word' id='word_1_132' title='bbox 1619 1409 1751 1456; x_wconf 77' lang='lat' dir='ltr'><strong>Chri-</strong></span> 
     </span>
     <span class='ocr_line' id='line_1_18' title="bbox 273 1485 1748 1533; baseline 0 -1"><span class='ocrx_word' id='word_1_133' title='bbox 273 1497 342 1533; x_wconf 86' lang='lat' dir='ltr'><strong>sto</strong></span> <span class='ocrx_word' id='word_1_134' title='bbox 374 1486 562 1533; x_wconf 87' lang='lat' dir='ltr'><strong>Domino</strong></span> <span class='ocrx_word' id='word_1_135' title='bbox 596 1486 799 1533; x_wconf 84' lang='lat' dir='ltr'><strong>instituto</strong></span> <span class='ocrx_word' id='word_1_136' title='bbox 832 1485 1013 1533; x_wconf 89' lang='lat' dir='ltr'><strong>disserit</strong></span> <span class='ocrx_word' id='word_1_137' title='bbox 1052 1485 1378 1532; x_wconf 87' lang='lat' dir='ltr'><strong>Bar-hebraeus</strong></span> <span class='ocrx_word' id='word_1_138' title='bbox 1416 1485 1500 1533; x_wconf 88' lang='lat' dir='ltr'><strong>sub</strong></span> <span class='ocrx_word' id='word_1_139' title='bbox 1535 1485 1662 1533; x_wconf 88' lang='lat' dir='ltr'><strong>titulo</strong></span> <span class='ocrx_word' id='word_1_140' title='bbox 1685 1486 1748 1532; x_wconf 85' lang='lat' dir='ltr'><strong>De</strong></span> 
     </span>
     <span class='ocr_line' id='line_1_19' title="bbox 271 1561 1749 1625; baseline 0 -17"><span class='ocrx_word' id='word_1_141' title='bbox 271 1563 543 1625; x_wconf 78' lang='lat' dir='ltr'><strong>sponsalibus</strong></span> <span class='ocrx_word' id='word_1_142' title='bbox 572 1563 693 1625; x_wconf 84' lang='lat'>(30),</span> <span class='ocrx_word' id='word_1_143' title='bbox 724 1579 805 1608; x_wconf 86' lang='lat' dir='ltr'><strong>nec</strong></span> <span class='ocrx_word' id='word_1_144' title='bbox 835 1578 922 1609; x_wconf 90' lang='lat' dir='ltr'><strong>non</strong></span> <span class='ocrx_word' id='word_1_145' title='bbox 953 1561 1201 1609; x_wconf 85' lang='lat' dir='ltr'><strong>Abu-Isaac</strong></span> <span class='ocrx_word' id='word_1_146' title='bbox 1229 1561 1439 1608; x_wconf 88' lang='lat' dir='ltr'><strong>Benassal</strong></span> <span class='ocrx_word' id='word_1_147' title='bbox 1466 1562 1512 1608; x_wconf 87' lang='lat' dir='ltr'><strong>in</strong></span> <span class='ocrx_word' id='word_1_148' title='bbox 1538 1561 1749 1609; x_wconf 83' lang='lat' dir='ltr'><strong>Nomoca-</strong></span> 
     </span>
     <span class='ocr_line' id='line_1_20' title="bbox 271 1638 1572 1702; baseline -0.001 -18"><span class='ocrx_word' id='word_1_149' title='bbox 271 1655 376 1684; x_wconf 81' lang='lat' dir='ltr'><strong>none</strong></span> <span class='ocrx_word' id='word_1_150' title='bbox 411 1638 494 1686; x_wconf 87' lang='lat' dir='ltr'><strong>sub</strong></span> <span class='ocrx_word' id='word_1_151' title='bbox 528 1638 654 1686; x_wconf 90' lang='lat' dir='ltr'><strong>titulo</strong></span> <span class='ocrx_word' id='word_1_152' title='bbox 679 1639 740 1684; x_wconf 82' lang='lat' dir='ltr'><strong>De</strong></span> <span class='ocrx_word' id='word_1_153' title='bbox 774 1638 1047 1702; x_wconf 76' lang='lat' dir='ltr'><strong>sponsalibus</strong></span> <span class='ocrx_word' id='word_1_154' title='bbox 1082 1648 1122 1684; x_wconf 80' lang='lat' dir='ltr'><strong>et</strong></span> <span class='ocrx_word' id='word_1_155' title='bbox 1153 1639 1424 1684; x_wconf 80' lang='lat' dir='ltr'><strong>matrimonio</strong></span> <span class='ocrx_word' id='word_1_156' title='bbox 1457 1639 1572 1699; x_wconf 82' lang='lat'>(31).</span> 
     </span>
    </p>

    <p class='ocr_par' dir='ltr' id='par_1_4' title="bbox 272 1712 1749 2007">
     <span class='ocr_line' id='line_1_21' title="bbox 367 1712 1742 1778; baseline 0.001 -19"><span class='ocrx_word' id='word_1_157' title='bbox 367 1715 431 1760; x_wconf 88' lang='lat' dir='ltr'><strong>De</strong></span> <span class='ocrx_word' id='word_1_158' title='bbox 464 1714 605 1778; x_wconf 85' lang='lat' dir='ltr'><strong>coptis</strong></span> <span class='ocrx_word' id='word_1_159' title='bbox 641 1713 844 1760; x_wconf 87' lang='lat' dir='ltr'><strong>iacobitis</strong></span> <span class='ocrx_word' id='word_1_160' title='bbox 870 1713 1052 1778; x_wconf 89' lang='lat' dir='ltr'><strong>speciali</strong></span> <span class='ocrx_word' id='word_1_161' title='bbox 1079 1714 1247 1761; x_wconf 89' lang='lat' dir='ltr'><strong>ratione</strong></span> <span class='ocrx_word' id='word_1_162' title='bbox 1274 1713 1500 1761; x_wconf 90' lang='lat' dir='ltr'><strong>disserens</strong></span> <span class='ocrx_word' id='word_1_163' title='bbox 1530 1712 1742 1761; x_wconf 85' lang='lat' dir='ltr'><strong>Sollerius</strong></span> 
     </span>
     <span class='ocr_line' id='line_1_22' title="bbox 272 1789 1746 1854; baseline 0 -19"><span class='ocrx_word' id='word_1_164' title='bbox 272 1789 382 1837; x_wconf 83' lang='lat' dir='ltr'><strong>haec</strong></span> <span class='ocrx_word' id='word_1_165' title='bbox 409 1789 566 1836; x_wconf 88' lang='lat' dir='ltr'><strong>habet:</strong></span> <span class='ocrx_word' id='word_1_166' title='bbox 600 1807 621 1835; x_wconf 86' lang='lat'>«</span> <span class='ocrx_word' id='word_1_167' title='bbox 647 1791 763 1836; x_wconf 87' lang='lat' dir='ltr'><strong>Inter</strong></span> <span class='ocrx_word' id='word_1_168' title='bbox 787 1801 1061 1837; x_wconf 84' lang='lat' dir='ltr'><strong>sacramenta</strong></span> <span class='ocrx_word' id='word_1_169' title='bbox 1084 1806 1237 1837; x_wconf 84' lang='lat' dir='ltr'><strong>verum</strong></span> <span class='ocrx_word' id='word_1_170' title='bbox 1262 1801 1305 1836; x_wconf 90' lang='lat' dir='ltr'><strong>et</strong></span> <span class='ocrx_word' id='word_1_171' title='bbox 1329 1790 1555 1854; x_wconf 89' lang='lat' dir='ltr'><strong>proprium</strong></span> <span class='ocrx_word' id='word_1_172' title='bbox 1580 1789 1746 1836; x_wconf 91' lang='lat' dir='ltr'><strong>habere</strong></span> 
     </span>
     <span class='ocr_line' id='line_1_23' title="bbox 275 1865 1749 1930; baseline 0 -18"><span class='ocrx_word' id='word_1_173' title='bbox 275 1865 419 1913; x_wconf 86' lang='lat' dir='ltr'><strong>locum</strong></span> <span class='ocrx_word' id='word_1_174' title='bbox 458 1866 870 1928; x_wconf 85' lang='lat' dir='ltr'><strong>(matrimonium),</strong></span> <span class='ocrx_word' id='word_1_175' title='bbox 900 1878 949 1913; x_wconf 91' lang='lat' dir='ltr'><strong>ut</strong></span> <span class='ocrx_word' id='word_1_176' title='bbox 982 1878 1154 1914; x_wconf 85' lang='lat' dir='ltr'><strong>caetera</strong></span> <span class='ocrx_word' id='word_1_177' title='bbox 1181 1866 1400 1922; x_wconf 87' lang='lat' dir='ltr'><strong>omittam,</strong></span> <span class='ocrx_word' id='word_1_178' title='bbox 1433 1883 1485 1912; x_wconf 85' lang='lat' dir='ltr'><strong>ex</strong></span> <span class='ocrx_word' id='word_1_179' title='bbox 1515 1881 1568 1913; x_wconf 88' lang='lat' dir='ltr'><strong>eo</strong></span> <span class='ocrx_word' id='word_1_180' title='bbox 1598 1876 1749 1930; x_wconf 86' lang='lat' dir='ltr'><strong>aperte</strong></span> 
     </span>
     <span class='ocr_line' id='line_1_24' title="bbox 272 1942 1749 2007; baseline 0 -19"><span class='ocrx_word' id='word_1_181' title='bbox 272 1942 526 1999; x_wconf 86' lang='lat' dir='ltr'><strong>conficitur,</strong></span> <span class='ocrx_word' id='word_1_182' title='bbox 552 1942 670 2007; x_wconf 89' lang='lat' dir='ltr'><strong>quod</strong></span> <span class='ocrx_word' id='word_1_183' title='bbox 698 1943 908 1990; x_wconf 86' lang='lat' dir='ltr'><strong>sacerdos</strong></span> <span class='ocrx_word' id='word_1_184' title='bbox 935 1942 1203 1990; x_wconf 87' lang='lat' dir='ltr'><strong>nubentibus</strong></span> <span class='ocrx_word' id='word_1_185' title='bbox 1229 1943 1471 1999; x_wconf 84' lang='lat' dir='ltr'><strong>assistens,</strong></span> <span class='ocrx_word' id='word_1_186' title='bbox 1499 1952 1542 1989; x_wconf 90' lang='lat' dir='ltr'><strong>et</strong></span> <span class='ocrx_word' id='word_1_187' title='bbox 1565 1958 1749 1989; x_wconf 84' lang='lat' dir='ltr'><strong>consue-</strong></span> 
     </span>
    </p>
   </div>
   <div class='ocr_carea' id='block_1_3' title="bbox 271 2065 1751 2845">
    <p class='ocr_par' dir='ltr' id='par_1_5' title="bbox 271 2065 1751 2369">
     <span class='ocr_line' id='line_1_25' title="bbox 365 2065 1751 2107; baseline -0.003 -10"><span class='ocrx_word' id='word_1_188' title='bbox 365 2065 433 2105; x_wconf 80' lang='lat'>(25)</span> <span class='ocrx_word' id='word_1_189' title='bbox 455 2066 580 2097; x_wconf 82' lang='lat' dir='ltr'><strong>Etenim</strong></span> <span class='ocrx_word' id='word_1_190' title='bbox 591 2067 783 2097; x_wconf 80' lang='lat' dir='ltr'><strong>Assemanus</strong></span> <span class='ocrx_word' id='word_1_191' title='bbox 800 2067 880 2098; x_wconf 88' lang='lat' dir='ltr'><strong>tom.</strong></span> <span class='ocrx_word' id='word_1_192' title='bbox 898 2067 953 2098; x_wconf 88' lang='grc' dir='ltr'><strong>ΙΙΙ.</strong></span> <span class='ocrx_word' id='word_1_193' title='bbox 970 2065 1134 2098; x_wconf 74' lang='lat' dir='ltr'><strong>Bibliolh.</strong></span> <span class='ocrx_word' id='word_1_194' title='bbox 1149 2067 1270 2097; x_wconf 73' lang='lat' dir='ltr'><strong>orient.</strong></span> <span class='ocrx_word' id='word_1_195' title='bbox 1285 2067 1366 2107; x_wconf 84' lang='lat' dir='ltr'><strong>part.</strong></span> <span class='ocrx_word' id='word_1_196' title='bbox 1382 2067 1422 2096; x_wconf 86' lang='lat' dir='ltr'><strong>ll.</strong></span> <span class='ocrx_word' id='word_1_197' title='bbox 1434 2072 1506 2106; x_wconf 78' lang='lat' dir='ltr'><strong>pag.</strong></span> <span class='ocrx_word' id='word_1_198' title='bbox 1521 2065 1642 2105; x_wconf 80' lang='lat' dir='ltr'>CCXL.</span> <span class='ocrx_word' id='word_1_199' title='bbox 1656 2071 1751 2104; x_wconf 76' lang='lat' dir='ltr'><strong>agens</strong></span> 
     </span>
     <span class='ocr_line' id='line_1_26' title="bbox 276 2115 1748 2158; baseline -0.001 -11"><span class='ocrx_word' id='word_1_200' title='bbox 276 2116 316 2147; x_wconf 85' lang='lat' dir='ltr'><strong>de</strong></span> <span class='ocrx_word' id='word_1_201' title='bbox 332 2117 570 2157; x_wconf 78' lang='lat' dir='ltr'><strong>syrochaldaeis</strong></span> <span class='ocrx_word' id='word_1_202' title='bbox 588 2115 797 2157; x_wconf 76' lang='lat' dir='ltr'><strong>nestorianis,</strong></span> <span class='ocrx_word' id='word_1_203' title='bbox 808 2117 864 2158; x_wconf 87' lang='lat' dir='ltr'><strong>qui</strong></span> <span class='ocrx_word' id='word_1_204' title='bbox 876 2117 1107 2150; x_wconf 85' lang='lat' dir='ltr'><strong>commentaria</strong></span> <span class='ocrx_word' id='word_1_205' title='bbox 1120 2116 1292 2149; x_wconf 84' lang='lat' dir='ltr'><strong>ediderunt</strong></span> <span class='ocrx_word' id='word_1_206' title='bbox 1304 2116 1390 2148; x_wconf 80' lang='lat' dir='ltr'><strong>circa</strong></span> <span class='ocrx_word' id='word_1_207' title='bbox 1405 2118 1526 2158; x_wconf 83' lang='lat' dir='ltr'><strong>septem</strong></span> <span class='ocrx_word' id='word_1_208' title='bbox 1538 2115 1748 2154; x_wconf 77' lang='lat' dir='ltr'><strong>sacramenta,</strong></span> 
     </span>
     <span class='ocr_line' id='line_1_27' title="bbox 274 2167 1749 2209; baseline 0 -9"><span class='ocrx_word' id='word_1_209' title='bbox 274 2169 307 2201; x_wconf 92' lang='lat' dir='ltr'><strong>in</strong></span> <span class='ocrx_word' id='word_1_210' title='bbox 326 2178 464 2209; x_wconf 83' lang='lat' dir='ltr'><strong>quorum</strong></span> <span class='ocrx_word' id='word_1_211' title='bbox 487 2178 622 2202; x_wconf 88' lang='lat' dir='ltr'><strong>numero</strong></span> <span class='ocrx_word' id='word_1_212' title='bbox 641 2170 884 2203; x_wconf 85' lang='lat' dir='ltr'><strong>matrimonium</strong></span> <span class='ocrx_word' id='word_1_213' title='bbox 904 2169 1075 2203; x_wconf 84' lang='lat' dir='ltr'><strong>includunt</strong></span> <span class='ocrx_word' id='word_1_214' title='bbox 1092 2194 1101 2209; x_wconf 91' lang='lat'>,</span> <span class='ocrx_word' id='word_1_215' title='bbox 1127 2170 1210 2202; x_wconf 85' lang='lat' dir='ltr'><strong>inter</strong></span> <span class='ocrx_word' id='word_1_216' title='bbox 1231 2170 1312 2202; x_wconf 84' lang='lat' dir='ltr'><strong>alios</strong></span> <span class='ocrx_word' id='word_1_217' title='bbox 1333 2170 1365 2201; x_wconf 86' lang='lat' dir='ltr'><strong>hi</strong></span> <span class='ocrx_word' id='word_1_218' title='bbox 1379 2169 1420 2201; x_wconf 76' lang='lat' dir='ltr'><strong>ab</strong></span> <span class='ocrx_word' id='word_1_219' title='bbox 1435 2177 1474 2202; x_wconf 83' lang='lat' dir='ltr'><strong>eo</strong></span> <span class='ocrx_word' id='word_1_220' title='bbox 1488 2167 1679 2201; x_wconf 68' lang='lat' dir='ltr'><strong>nominatim</strong></span> <span class='ocrx_word' id='word_1_221' title='bbox 1703 2176 1749 2200; x_wconf 86' lang='lat' dir='ltr'><strong>re-</strong></span> 
     </span>
     <span class='ocr_line' id='line_1_28' title="bbox 275 2222 1749 2264; baseline -0.003 -7"><span class='ocrx_word' id='word_1_222' title='bbox 275 2224 463 2257; x_wconf 76' lang='lat' dir='ltr'><strong>censentur:</strong></span> <span class='ocrx_word' id='word_1_223' title='bbox 484 2224 611 2264; x_wconf 83' lang='lat' dir='ltr'><strong>Narses,</strong></span> <span class='ocrx_word' id='word_1_224' title='bbox 627 2225 793 2264; x_wconf 83' lang='lat' dir='ltr'><strong>Hananus,</strong></span> <span class='ocrx_word' id='word_1_225' title='bbox 807 2225 871 2256; x_wconf 89' lang='lat' dir='ltr'><strong>Ios.</strong></span> <span class='ocrx_word' id='word_1_226' title='bbox 889 2225 1060 2264; x_wconf 52' lang='lat' dir='ltr'><strong>immunita,</strong></span> <span class='ocrx_word' id='word_1_227' title='bbox 1075 2226 1138 2256; x_wconf 86' lang='lat' dir='ltr'><strong>los.</strong></span> <span class='ocrx_word' id='word_1_228' title='bbox 1152 2224 1348 2263; x_wconf 77' lang='lat' dir='ltr'><strong>Adiabenus,</strong></span> <span class='ocrx_word' id='word_1_229' title='bbox 1358 2222 1532 2256; x_wconf 80' lang='lat' dir='ltr'><strong>Ebediesus</strong></span> <span class='ocrx_word' id='word_1_230' title='bbox 1543 2222 1749 2260; x_wconf 79' lang='lat' dir='ltr'><strong>Musulanus‚</strong></span> 
     </span>
     <span class='ocr_line' id='line_1_29' title="bbox 274 2275 1746 2318; baseline -0.001 -11"><span class='ocrx_word' id='word_1_231' title='bbox 274 2278 319 2307; x_wconf 94' lang='lat' dir='ltr'><strong>lo.</strong></span> <span class='ocrx_word' id='word_1_232' title='bbox 337 2275 568 2317; x_wconf 82' lang='lat' dir='ltr'><strong>Phinphonsis‚</strong></span> <span class='ocrx_word' id='word_1_233' title='bbox 584 2276 743 2308; x_wconf 83' lang='lat' dir='ltr'><strong>Abraham</strong></span> <span class='ocrx_word' id='word_1_234' title='bbox 758 2277 946 2318; x_wconf 85' lang='lat' dir='ltr'><strong>Bar-Liphe,</strong></span> <span class='ocrx_word' id='word_1_235' title='bbox 958 2276 1112 2318; x_wconf 75' lang='lat' dir='ltr'><strong>cyriacus</strong></span> <span class='ocrx_word' id='word_1_236' title='bbox 1130 2276 1268 2317; x_wconf 84' lang='lat' dir='ltr'><strong>Nisibis,</strong></span> <span class='ocrx_word' id='word_1_237' title='bbox 1293 2278 1340 2308; x_wconf 87' lang='lat'><strong>10.</strong></span> <span class='ocrx_word' id='word_1_238' title='bbox 1353 2275 1556 2316; x_wconf 78' lang='lat' dir='ltr'><strong>Bar-Abgan,</strong></span> <span class='ocrx_word' id='word_1_239' title='bbox 1574 2275 1659 2307; x_wconf 72' lang='lat' dir='ltr'><strong>Elias</strong></span> <span class='ocrx_word' id='word_1_240' title='bbox 1675 2276 1746 2307; x_wconf 79' lang='lat' dir='ltr'><strong>Bar-</strong></span> 
     </span>
     <span class='ocr_line' id='line_1_30' title="bbox 271 2329 764 2369; baseline 0.002 -9"><span class='ocrx_word' id='word_1_241' title='bbox 271 2329 421 2369; x_wconf 57' lang='lat' dir='ltr'><strong>chanus&#39;,</strong></span> <span class='ocrx_word' id='word_1_242' title='bbox 444 2329 600 2369; x_wconf 82' lang='lat' dir='ltr'><strong>Georgius</strong></span> <span class='ocrx_word' id='word_1_243' title='bbox 621 2330 764 2361; x_wconf 79' lang='lat' dir='ltr'><strong>Arbelae.</strong></span> 
     </span>
    </p>

    <p class='ocr_par' dir='ltr' id='par_1_6' title="bbox 369 2380 1110 2424">
     <span class='ocr_line' id='line_1_31' title="bbox 369 2380 1110 2424; baseline -0.001 -9"><span class='ocrx_word' id='word_1_244' title='bbox 369 2382 436 2423; x_wconf 81' lang='grc'>(26)</span> <span class='ocrx_word' id='word_1_245' title='bbox 457 2380 542 2416; x_wconf 84' lang='lat' dir='ltr'><strong>lbid.</strong></span> <span class='ocrx_word' id='word_1_246' title='bbox 562 2382 642 2414; x_wconf 87' lang='lat' dir='ltr'><strong>tomi</strong></span> <span class='ocrx_word' id='word_1_247' title='bbox 661 2385 719 2415; x_wconf 73' lang='grc' dir='ltr'><strong>ΙΙΙ,</strong></span> <span class='ocrx_word' id='word_1_248' title='bbox 735 2384 818 2424; x_wconf 81' lang='lat' dir='ltr'><strong>part.</strong></span> <span class='ocrx_word' id='word_1_249' title='bbox 835 2385 861 2415; x_wconf 89' lang='lat'><strong>1.</strong></span> <span class='ocrx_word' id='word_1_250' title='bbox 877 2391 950 2424; x_wconf 78' lang='lat' dir='ltr'><strong>pag.</strong></span> <span class='ocrx_word' id='word_1_251' title='bbox 967 2387 1027 2416; x_wconf 74' lang='grc'><strong>356</strong></span> <span class='ocrx_word' id='word_1_252' title='bbox 1042 2391 1110 2423; x_wconf 86' lang='lat' dir='ltr'><strong>seq.</strong></span> 
     </span>
    </p>

    <p class='ocr_par' dir='ltr' id='par_1_7' title="bbox 370 2434 1119 2475">
     <span class='ocr_line' id='line_1_32' title="bbox 370 2434 1119 2475; baseline 0 -9"><span class='ocrx_word' id='word_1_253' title='bbox 370 2434 435 2474; x_wconf 82' lang='lat'><strong>(27)</strong></span> <span class='ocrx_word' id='word_1_254' title='bbox 457 2434 552 2472; x_wconf 86' lang='lat' dir='ltr'><strong>Quod</strong></span> <span class='ocrx_word' id='word_1_255' title='bbox 572 2434 690 2467; x_wconf 85' lang='lat' dir='ltr'><strong>oxonii</strong></span> <span class='ocrx_word' id='word_1_256' title='bbox 706 2434 804 2466; x_wconf 83' lang='lat' dir='ltr'><strong>latine</strong></span> <span class='ocrx_word' id='word_1_257' title='bbox 818 2434 939 2475; x_wconf 85' lang='lat' dir='ltr'><strong>prodiit</strong></span> <span class='ocrx_word' id='word_1_258' title='bbox 957 2441 1010 2466; x_wconf 88' lang='lat' dir='ltr'><strong>an.</strong></span> <span class='ocrx_word' id='word_1_259' title='bbox 1030 2437 1119 2466; x_wconf 83' lang='grc'>1675.</span> 
     </span>
    </p>

    <p class='ocr_par' dir='ltr' id='par_1_8' title="bbox 273 2484 1751 2623">
     <span class='ocr_line' id='line_1_33' title="bbox 369 2484 1749 2527; baseline -0.001 -8"><span class='ocrx_word' id='word_1_260' title='bbox 369 2487 436 2527; x_wconf 79' lang='grc'>(28)</span> <span class='ocrx_word' id='word_1_261' title='bbox 458 2487 519 2521; x_wconf 85' lang='lat' dir='ltr'><strong>Hie</strong></span> <span class='ocrx_word' id='word_1_262' title='bbox 543 2486 679 2519; x_wconf 75' lang='lat' dir='ltr'><strong>Michael</strong></span> <span class='ocrx_word' id='word_1_263' title='bbox 704 2489 916 2527; x_wconf 70' lang='lat' dir='ltr'><strong>cognomento</strong></span> <span class='ocrx_word' id='word_1_264' title='bbox 938 2495 1086 2527; x_wconf 75' lang='lat' dir='ltr'><strong>maqnus</strong></span> <span class='ocrx_word' id='word_1_265' title='bbox 1100 2486 1132 2518; x_wconf 91' lang='lat' dir='ltr'><strong>in</strong></span> <span class='ocrx_word' id='word_1_266' title='bbox 1152 2487 1235 2518; x_wconf 84' lang='lat' dir='ltr'><strong>serie</strong></span> <span class='ocrx_word' id='word_1_267' title='bbox 1257 2486 1515 2527; x_wconf 77' lang='lat' dir='ltr'><strong>patriarcharum</strong></span> <span class='ocrx_word' id='word_1_268' title='bbox 1537 2484 1749 2518; x_wconf 75' lang='lat' dir='ltr'><strong>iacobitarum</strong></span> 
     </span>
     <span class='ocr_line' id='line_1_34' title="bbox 273 2537 1751 2579; baseline -0.002 -8"><span class='ocrx_word' id='word_1_269' title='bbox 273 2539 467 2571; x_wconf 79' lang='lat' dir='ltr'><strong>centesimus</strong></span> <span class='ocrx_word' id='word_1_270' title='bbox 480 2539 598 2570; x_wconf 85' lang='lat' dir='ltr'><strong>claruit</strong></span> <span class='ocrx_word' id='word_1_271' title='bbox 613 2539 698 2571; x_wconf 77' lang='lat' dir='ltr'><strong>circa</strong></span> <span class='ocrx_word' id='word_1_272' title='bbox 712 2547 764 2570; x_wconf 85' lang='lat' dir='ltr'><strong>an.</strong></span> <span class='ocrx_word' id='word_1_273' title='bbox 782 2543 858 2571; x_wconf 83' lang='lat'><strong>1190</strong></span> <span class='ocrx_word' id='word_1_274' title='bbox 886 2538 1039 2579; x_wconf 80' lang='lat' dir='ltr'><strong>Adeoque</strong></span> <span class='ocrx_word' id='word_1_275' title='bbox 1052 2547 1115 2570; x_wconf 87' lang='lat' dir='ltr'><strong>sec.</strong></span> <span class='ocrx_word' id='word_1_276' title='bbox 1128 2540 1197 2569; x_wconf 82' lang='grc' dir='ltr'><strong>ΧΙΙ.</strong></span> <span class='ocrx_word' id='word_1_277' title='bbox 1208 2538 1269 2570; x_wconf 79' lang='lat' dir='ltr'><strong>noc</strong></span> <span class='ocrx_word' id='word_1_278' title='bbox 1279 2537 1446 2569; x_wconf 85' lang='lat' dir='ltr'><strong>ritualium</strong></span> <span class='ocrx_word' id='word_1_279' title='bbox 1460 2537 1624 2578; x_wconf 82' lang='lat' dir='ltr'><strong>exemplar</strong></span> <span class='ocrx_word' id='word_1_280' title='bbox 1646 2546 1751 2568; x_wconf 75' lang='lat' dir='ltr'><strong>exara-</strong></span> 
     </span>
     <span class='ocr_line' id='line_1_35' title="bbox 273 2592 421 2623; baseline 0 -1"><span class='ocrx_word' id='word_1_281' title='bbox 273 2593 343 2623; x_wconf 86' lang='lat' dir='ltr'><strong>tum</strong></span> <span class='ocrx_word' id='word_1_282' title='bbox 363 2592 421 2623; x_wconf 83' lang='lat' dir='ltr'><strong>est.</strong></span> 
     </span>
    </p>

    <p class='ocr_par' dir='ltr' id='par_1_9' title="bbox 273 2641 1748 2729">
     <span class='ocr_line' id='line_1_36' title="bbox 370 2641 1748 2685; baseline -0.001 -9"><span class='ocrx_word' id='word_1_283' title='bbox 370 2643 437 2683; x_wconf 81' lang='lat'>(29)</span> <span class='ocrx_word' id='word_1_284' title='bbox 460 2643 623 2676; x_wconf 74' lang='lat' dir='ltr'><strong>Biblioth.</strong></span> <span class='ocrx_word' id='word_1_285' title='bbox 644 2645 752 2676; x_wconf 76' lang='lat' dir='ltr'><strong>orien.</strong></span> <span class='ocrx_word' id='word_1_286' title='bbox 767 2645 846 2676; x_wconf 83' lang='lat' dir='ltr'><strong>tom.</strong></span> <span class='ocrx_word' id='word_1_287' title='bbox 864 2645 904 2675; x_wconf 86' lang='grc' dir='ltr'><strong>ΙΙ.</strong></span> <span class='ocrx_word' id='word_1_288' title='bbox 917 2645 1057 2675; x_wconf 77' lang='lat' dir='ltr'><strong>Disserl.</strong></span> <span class='ocrx_word' id='word_1_289' title='bbox 1075 2643 1118 2675; x_wconf 84' lang='lat' dir='ltr'><strong>de</strong></span> <span class='ocrx_word' id='word_1_290' title='bbox 1129 2642 1344 2685; x_wconf 67' lang='lat' dir='ltr'><strong>monophytts</strong></span> <span class='ocrx_word' id='word_1_291' title='bbox 1359 2651 1391 2674; x_wconf 93' lang='lat' dir='ltr'><strong>n.</strong></span> <span class='ocrx_word' id='word_1_292' title='bbox 1407 2644 1447 2674; x_wconf 84' lang='lat' dir='ltr'><strong>V.</strong></span> <span class='ocrx_word' id='word_1_293' title='bbox 1465 2641 1508 2674; x_wconf 85' lang='lat' dir='ltr'><strong>de</strong></span> <span class='ocrx_word' id='word_1_294' title='bbox 1521 2644 1748 2674; x_wconf 71' lang='lat' dir='ltr'><strong>sacramentis</strong></span> 
     </span>
     <span class='ocr_line' id='line_1_37' title="bbox 273 2696 447 2729; baseline -0.006 0"><span class='ocrx_word' id='word_1_295' title='bbox 273 2696 447 2729; x_wconf 63' lang='lat' dir='ltr'><strong>ecclesiae.</strong></span> 
     </span>
    </p>

    <p class='ocr_par' dir='ltr' id='par_1_10' title="bbox 370 2750 1681 2792">
     <span class='ocr_line' id='line_1_38' title="bbox 370 2750 1681 2792; baseline 0 -11"><span class='ocrx_word' id='word_1_296' title='bbox 370 2751 434 2790; x_wconf 81' lang='lat'><strong>(30)</strong></span> <span class='ocrx_word' id='word_1_297' title='bbox 457 2752 492 2782; x_wconf 89' lang='lat' dir='ltr'><strong>In</strong></span> <span class='ocrx_word' id='word_1_298' title='bbox 519 2751 618 2783; x_wconf 81' lang='lat' dir='ltr'><strong>Libro</strong></span> <span class='ocrx_word' id='word_1_299' title='bbox 633 2753 890 2790; x_wconf 73' lang='lat' dir='ltr'><strong>Directiomtm,</strong></span> <span class='ocrx_word' id='word_1_300' title='bbox 916 2759 970 2783; x_wconf 80' lang='lat' dir='ltr'><strong>seu</strong></span> <span class='ocrx_word' id='word_1_301' title='bbox 996 2752 1151 2792; x_wconf 79' lang='lat' dir='ltr'><strong>Epitome</strong></span> <span class='ocrx_word' id='word_1_302' title='bbox 1174 2750 1483 2782; x_wconf 69' lang='lat' dir='ltr'><strong>ecclesiasticorum.</strong></span> <span class='ocrx_word' id='word_1_303' title='bbox 1498 2758 1681 2782; x_wconf 82' lang='lat' dir='ltr'><strong>canonum.</strong></span> 
     </span>
    </p>

    <p class='ocr_par' dir='ltr' id='par_1_11' title="bbox 369 2804 751 2845">
     <span class='ocr_line' id='line_1_39' title="bbox 369 2804 751 2845; baseline -0.005 -8"><span class='ocrx_word' id='word_1_304' title='bbox 369 2804 434 2842; x_wconf 83' lang='lat'><strong>(31)</strong></span> <span class='ocrx_word' id='word_1_305' title='bbox 457 2806 542 2836; x_wconf 85' lang='lat' dir='ltr'><strong>Part.</strong></span> <span class='ocrx_word' id='word_1_306' title='bbox 564 2806 602 2835; x_wconf 85' lang='lat'><strong>11.</strong></span> <span class='ocrx_word' id='word_1_307' title='bbox 622 2814 691 2845; x_wconf 83' lang='lat' dir='ltr'><strong>cap.</strong></span> <span class='ocrx_word' id='word_1_308' title='bbox 714 2807 751 2836; x_wconf 86' lang='grc' dir='ltr'><strong>ΙΙ.</strong></span> 
     </span>
    </p>
   </div>
  </div>
 </body>
</html>
