1912 3180
352 220 443 252 cn.
468 221 525 252 lv.
548 220 600 253 DE
618 220 774 254 ARGUH.
794 221 869 254 Pno
889 221 992 254 aar.
1009 222 1060 254 DE
1078 221 1203 255 uun.
1221 222 1304 262 CIV.
1326 223 1419 256 ΛΒΤ.
1443 223 1505 255 111.
1594 209 1682 254 439

228 308 272 367 et
306 297 507 346 mulieris
549 309 723 363 praeter
767 310 1092 347 sacramentum
1125 300 1506 357 coniunctionem,
1553 316 1689 349 cums-

227 387 394 428 cnnoui:
428 390 551 423 nrm:
586 391 736 423 cwms
766 391 883 424 rums
902 391 944 423 vl
962 392 1120 424 menn
1139 414 1149 432 ,
1187 375 1301 422 nihil
1335 376 1455 424 aliud
1482 393 1583 424 esse
1600 378 1687 424 nisi

228 460 399 516 turpem
426 461 559 516 atque
580 451 803 499 exitialem
826 467 1143 503 coNcummwu
1167 452 1225 501 ab
1253 453 1443 502 ecclesia
1465 464 1689 519 tantopere

229 526 513 585 damnatum,
551 543 604 576 ac
636 528 822 593 proinde
854 546 882 575 a
913 530 1135 593 coniuqali
1175 530 1340 594 foedere
1379 541 1691 578 sacramentum

228 604 430 667 separari
452 622 686 668 numquam
702 622 827 669 posse
849 606 977 667 (121)
991 625 1032 651 .»

325 680 440 728 Hinc
472 691 592 746 patet
618 681 727 746 quid
757 681 1112 747 respondendum
1147 682 1206 730 sit
1238 682 1364 730 alteri
1399 684 1584 740 oratori,
1613 683 1691 748 qui

228 755 329 804 ideo
355 755 497 820 legem
531 766 676 804 tuetur
708 774 808 805 esse
840 757 1132 814 catholicam,
1164 757 1272 822 quia
1304 758 1355 805 de
1386 758 1470 823 fide
1503 775 1592 806 non
1626 768 1695 806 est

175 844 177 847 ⁴
230 832 432 880 doctrina
454 870 465 890 ‚
501 850 617 898 quae
650 832 707 881 de
738 844 964 882 contractu
998 850 1051 882 ao
1084 845 1360 882 sacramento
1401 852 1536 882 unam
1581 852 1695 882 eam-

231 908 422 973 demque
455 927 548 957 rem
582 909 750 966 efficit,
788 920 832 957 et
872 910 979 974 quia
1013 910 1232 957 contraria
1271 910 1404 958 etiam
1444 910 1597 974 opinio
1628 920 1697 958 est

229 985 340 1030 satis
373 984 600 1031 catholica.
641 985 856 1032 Nimirum
890 985 1092 1033 doctrina
1110 1023 1120 1041 ,
1160 1001 1276 1050 quae
1309 985 1366 1032 de
1399 995 1624 1033 contractu
1654 996 1699 1032 et

233 1071 510 1108 sacramento
536 1079 671 1108 unam
697 1061 987 1126 eamdemque
1006 1079 1096 1108 rem
1114 1061 1254 1109 efficit
1267 1072 1335 1109 est
1350 1061 1551 1109 doctrina
1572 1079 1693 1117 vera,

233 1146 379 1193 certa,
419 1147 464 1185 et
496 1137 740 1194 catholica,
778 1155 831 1185 ac
864 1137 1025 1185 tradita
1053 1147 1312 1202 assertaque
1340 1137 1619 1193 solemniter,
1651 1148 1700 1185 ut

233 1211 365 1260 modo
396 1213 615 1271 vidimus,
641 1213 697 1260 ab
716 1213 961 1277 apostolica
991 1212 1098 1260 sede
1123 1213 1244 1260 iuxta
1277 1224 1538 1277 perpetuum
1566 1212 1701 1260 eoele-

236 1289 330 1335 siae
364 1306 546 1336 sensum
580 1290 625 1335 in
660 1289 878 1353 coniugiis
914 1289 1274 1336 christianorum.
1298 1289 1392 1336 Hoc
1425 1288 1554 1336 nobis
1590 1288 1699 1336 satis

234 1374 316 1411 est.
351 1364 397 1410 Si
431 1382 521 1429 qua
555 1365 613 1412 sit
646 1364 829 1412 tolerata
862 1364 1154 1429 quorumdam
1188 1364 1340 1429 opinio
1373 1364 1619 1420 contraria,
1648 1381 1701 1410 ea

234 1449 303 1486 est
332 1439 475 1503 falsa,
512 1439 741 1487 doctrinae
772 1439 1043 1503 apostolicae
1071 1439 1191 1487 sedis
1217 1439 1478 1494 adversans,
1503 1456 1584 1486 neo
1603 1456 1703 1503 pro-

235 1515 339 1563 inde
370 1517 478 1563 satis
511 1516 748 1571 catholica,
787 1516 877 1564 imo
911 1515 1032 1563 nullo
1066 1516 1199 1563 modo
1232 1515 1451 1563 catholica
1482 1526 1567 1563 est.

333 1591 462 1648 Quod
495 1591 676 1639 demum
710 1591 820 1639 alter
854 1603 1001 1640 orator
1028 1591 1234 1657 protulit,
1257 1608 1416 1656 nempe
1435 1591 1576 1654 legem
1602 1608 1703 1655 pro-

236 1668 428 1733 positam
455 1685 543 1716 non
573 1667 697 1733 loqui
733 1667 821 1715 nisi
856 1667 912 1715 de
947 1667 1166 1731 coniugiis
1199 1667 1427 1731 leqitimis‚
1468 1665 1704 1714 concilium

235 1762 339 1793 vero
372 1744 429 1791 de
463 1744 536 1792 his
572 1762 660 1792 non
694 1744 943 1800 disserere,
978 1743 1094 1791 facili
1128 1744 1307 1806 negotio
1342 1742 1569 1790 refellitur.
1592 1742 1707 1790 Sane

236 1838 430 1886 quanam
467 1821 634 1869 ratione
664 1820 734 1868 lex
767 1820 889 1885 loqui
933 1830 1078 1885 potest
1110 1820 1166 1867 de
1198 1819 1416 1882 coniugiis
1459 1818 1667 1881 legitimis
1690 1856 1700 1874 ,

237 1897 277 1945 si
309 1896 400 1944 alia
433 1914 522 1944 non
561 1896 723 1943 dantur
765 1896 969 1959 coniugia
1009 1894 1207 1959 legitima
1249 1905 1421 1959 praeter
1461 1911 1512 1941 ea
1536 1932 1546 1949 ‚
1589 1911 1704 1957 quae

237 1991 387 2021 coram
420 1972 610 2021 ecclesia
642 1971 958 2020 celebrantur?
991 1972 1046 2019 At
1079 1972 1188 2020 forte
1218 1981 1364 2020 orator
1402 1987 1455 2017 ea
1493 1987 1602 2017 voce
1641 1969 1703 2017 si-

238 2049 452 2113 gnificare
483 2048 623 2097 voluit
656 2048 861 2111 coniugia
897 2048 1078 2112 leqalia,
1107 2063 1223 2111 quae
1248 2045 1417 2094 scilicet
1441 2063 1468 2092 a
1491 2044 1588 2092 sola
1611 2044 1705 2107 lege

239 2126 362 2174 civili
385 2126 642 2191 probantur.
676 2126 756 2173 Ast
780 2124 1001 2173 eiusmodi
1036 2124 1242 2186 coniugia
1280 2141 1368 2171 non
1404 2131 1706 2185 agnoscuntur

239 2203 297 2250 ab
331 2202 545 2259 ecclesia,
589 2219 705 2267 quae
739 2218 792 2249 ea
820 2201 971 2249 omnia
999 2200 1178 2248 omnino
1213 2200 1381 2264 respuit
1414 2209 1464 2246 ut
1499 2198 1623 2245 irrita
1656 2214 1708 2244 ao

241 2278 387 2327 nulla:
427 2289 560 2343 atque
582 2295 635 2325 ex
659 2277 744 2326 hoc
777 2277 877 2342 ipso
907 2287 1026 2342 patet
1054 2276 1325 2341 propositam
1342 2274 1484 2337 legem
1504 2289 1603 2320 esse
1623 2273 1708 2318 im-

241 2355 515 2420 probandam
550 2364 773 2419 tamquam
808 2352 1189 2407 antieatholicam‚
1227 2360 1375 2415 utpote
1408 2366 1522 2414 quae
1557 2359 1710 2396 aucto-

243 2430 360 2479 ritati
399 2429 673 2478 oecumenici
706 2428 884 2477 concilii
918 2428 1194 2476 adversetur.

340 2508 492 2572 ltaque
518 2506 603 2553 hoo
627 2523 804 2570 semper
832 2506 920 2552 alta
943 2515 1089 2552 mente
1112 2513 1335 2568 repostum
1359 2500 1599 2549 tenendum
1622 2509 1705 2555 est,

246 2599 333 2630 non
369 2582 458 2630 alia
490 2581 586 2629 dari
621 2598 725 2629 vera
759 2597 810 2628 ac
843 2580 1041 2643 legitima
1075 2578 1309 2641 coniugia,
1349 2593 1483 2641 quam
1513 2591 1628 2639 quae
1654 2573 1709 2621 ab

244 2657 433 2706 ecclesia
461 2657 659 2704 admissa
685 2666 790 2704 sunt
811 2673 864 2704 ac
890 2654 1091 2720 probata.
1121 2655 1173 2700 ln
1192 2653 1286 2701 illis
1305 2652 1439 2715 igitur
1456 2649 1711 2714 regionibus

342 2778 429 2819 (¹21)
452 2779 507 2811 Pu
519 2779 586 2811 IX.
603 2779 644 2810 P.
661 2778 709 2810 M.
723 2778 819 2811 Acta.
838 2778 908 2810 Par.
922 2777 949 2809 1.
969 2782 980 2811 ι
998 2780 1066 2809 855.
1081 2785 1111 2817 p.
1130 2779 1200 2808 ³8⁸.
1217 2774 1367 2809 Altocut.
1384 2775 1420 2806 in
1437 2773 1572 2806 consi-31.
1588 2772 1706 2804 secret,

242 2829 353 2864 habita
365 2830 419 2863 die
431 2832 482 2864 ²7.
494 2831 581 2872 sept.
598 2834 686 2863 1852.
