1912 3180
278 209 370 242 cir.
389 208 446 240 ιν.
465 209 519 242 nr.
536 207 694 242 Ancum.
711 208 788 240 1¹80
808 208 912 242 men
930 209 982 242 nr.
1000 209 1335 243 nnn.e1v.An·r.
1354 210 1415 243 ιιι.
1521 197 1611 243 39Ἶ

142 287 389 345 innuimus,
412 289 704 354 proprietates
728 288 993 353 praecipuas
1016 288 1245 336 constituit
1267 288 1491 353 coniugii,
1519 291 1614 336 uni·
1648 280 1651 284 ⁵

144 374 276 413 tatem
309 364 480 414 scilicet
508 374 551 414 et
580 365 1028 420 indissolubilitatem;
1056 365 1222 432 quibus
1250 365 1373 414 nulla
1401 383 1612 432 umquam

141 452 336 506 potestas
366 442 580 505 derogare
605 441 746 490 valuit
778 441 973 488 humana
996 444 1114 505 (79).
1137 443 1339 491 Indidem
1364 443 1614 493 contractus

140 518 534 566 divino—naturalis
569 519 785 582 originem
818 518 1089 566 matrimonii
1125 520 1357 569 constituit
1392 521 1437 568 in
1471 523 1615 570 omni·

137 593 223 642 bus
255 594 378 641 Adae
407 595 620 658 posteris,
649 611 730 642 nec
753 612 780 641 a
803 593 899 658 lege
922 594 1118 642 humana
1141 597 1334 660 positiva
1370 597 1607 663 dependet,

140 670 295 734 Leges,
326 688 443 736 quae
466 671 679 736 deinceps
706 671 752 718 in
781 671 989 719 societate
1022 671 1142 719 circa
1160 674 1430 737 ‘coniugium
1454 676 1614 724 consti-

139 755 259 794 tutae
287 756 417 802 sunt,
446 764 689 812 numquam
718 747 867 811 ipsum
897 746 1113 811 attingere
1146 748 1192 794 in
1227 765 1311 796 sua
1343 761 1502 798 natura
1536 768 1614 816 po-

139 832 319 869 tuerunt
342 860 352 878 ,
397 823 476 871 sed
511 822 655 870 solum
690 823 891 871 eiusdem
931 822 1125 887 coniugii
1160 823 1344 873 effectus
1378 826 1423 872 in
1456 826 1614 875 ordine

137 898 195 946 ad
242 899 513 947 societatem.
555 899 670 947 Sane
703 915 804 947 cum
850 914 1097 947 consensus
1131 899 1296 948 efficiat
1339 911 1612 950 contractum

137 974 439 1037 coniugalem,
461 985 505 1022 et
522 974 596 1021 hic
614 974 806 1040 pendeat
832 974 890 1022 ab
923 975 1071 1023 animo
1094 976 1448 1024 contrahentium
1464 1014 1476 1034 ,
1505 994 1613 1042 quo·

137 1050 271 1099 modo
304 1061 458 1116 posset
485 1042 708 1098 humanus
736 1050 964 1115 legislator
989 1051 1109 1099 hunc
1135 1055 1407 1100 contractum
1432 1053 1519 1101 sibi
1545 1071 1612 1101 ar·

137 1146 295 1193 rogare
315 1166 326 1186 ,
366 1145 466 1176 oum
506 1127 563 1176 ab
599 1128 796 1176 interiori
830 1127 1069 1176 voluntatis
1103 1139 1203 1176 actu
1237 1129 1447 1193 pendeat,
1477 1140 1612 1195 atque

138 1205 185 1252 in
214 1215 434 1270 potestate
468 1205 528 1253 sit
560 1205 752 1269 partium
777 1204 823 1252 in
847 1205 1144 1253 eonscientiae
1168 1205 1288 1261 foro,
1318 1206 1413 1254 sive
1436 1206 1482 1253 in
1505 1223 1611 1254 eon-

138 1281 351 1330 cubinatu
371 1319 382 1338 ,
421 1281 517 1330 sive
550 1282 596 1328 in
630 1299 733 1329 vero
766 1281 1048 1329 matrimonio
1082 1281 1243 1345 degere
1281 1281 1420 1344 (80)?

233 1357 342 1405 Cum
368 1357 503 1421 igitur
520 1357 724 1406 Christus
748 1357 868 1406 hunc
890 1357 1313 1405 divino-naturalem
1336 1368 1608 1406 contractum

134 1434 193 1482 ad
225 1434 486 1498 dignitatem
521 1434 784 1482 sacramenti
819 1434 963 1482 evexit
994 1451 1074 1499 per
1114 1434 1404 1482 adiectionem
1440 1435 1608 1498 gratiae

138 1527 264 1567 suae,
282 1510 400 1557 nihil
419 1511 536 1558 circa
553 1511 649 1558 eius
668 1510 870 1558 intimam
894 1511 1142 1558 immutavit
1159 1522 1362 1558 naturam
1374 1549 1385 1568 ,
1405 1511 1608 1576 adeoque

135 1604 237 1636 eum
260 1586 374 1634 nihil
398 1587 444 1633 in
470 1586 554 1635 hac
578 1603 625 1634 re
648 1587 821 1634 dederit
842 1604 1053 1652 umquam
1089 1587 1294 1652 potestati
1325 1587 1579 1653 principum
1593 1625 1603 1644 ,

139 1680 222 1711 nec
238 1662 374 1711 ullam
399 1662 626 1728 principes
645 1663 690 1709 in
708 1680 810 1711 eum
834 1663 1011 1728 penitus
1035 1663 1289 1719 habuerint,
1316 1674 1394 1711 aut
1416 1662 1610 1711 habeant

138 1749 401 1803 potestatem
427 1749 601 1803 praeter
623 1738 763 1795 illam,
791 1755 908 1804 quae
930 1738 1078 1787 adhuc
1095 1740 1142 1785 in
1160 1739 1273 1804 ipsis
1296 1749 1365 1787 est
1379 1756 1433 1786 ac
1455 1756 1608 1803 perse-

135 1826 281 1871 verat3
320 1826 457 1863 restat
478 1825 528 1862 ut
550 1813 718 1862 nullam
742 1814 876 1862 aliam
899 1825 1067 1879 partem
1091 1815 1179 1863 sibi
1203 1832 1410 1878 arrogare
1433 1814 1609 1879 possint

138 1890 226 1938 nisi
259 1908 372 1947 eam,
411 1907 526 1955 quae
558 1889 735 1953 attingit
767 1890 952 1938 effeetus
986 1891 1226 1938 exteriores
1261 1901 1305 1937 et
1335 1890 1504 1938 civiles.

230 2019 295 2060 (79)
318 2019 411 2057 Quod
434 2011 602 2061 perspicue
621 2019 779 2060 expressit
799 2019 877 2051 Pius
897 2020 953 2051 vl.
970 2018 1003 2050 in
1019 2018 1087 2050 suis
1102 2017 1220 2051 litteris
1234 2018 1276 2050 ad
1295 2017 1481 2060 episcopum
1495 2018 1609 2059 Agriae

131 2073 216 2106 datis
232 2078 280 2106 11.
296 2073 357 2105 lul.
378 2075 463 2105 1789.
479 2073 513 2104 in
528 2072 647 2114 quibus
662 2072 835 2114 praemissa
851 2071 962 2103 divina
985 2071 1182 2104 matrimonii
1206 2071 1421 2112 institutione,
1437 2072 1483 2104 ita
1503 2080 1611 2113 prose·

136 2127 366 2168 quitur.‹=Quo
379 2126 547 2159 manifeste
561 2128 660 2167 patet,
671 2125 917 2158 matrimonium
929 2125 979 2158 vel
995 2125 1027 2157 in
1039 2124 1110 2166 ipso
1123 2127 1210 2157 statu
1228 2127 1379 2164 naturae,
1394 2134 1432 2157 ac
1447 2133 1524 2158 sane
1537 2126 1614 2157 ante

134 2180 239 2212 multo
255 2188 352 2221 quam
367 2179 407 2211 ad
423 2180 553 2221 proprie
569 2179 648 2211 dicti
662 2179 856 2211 sacramenti
869 2179 1058 2219 dignitatem
1072 2179 1277 2220 eveheretur,
1289 2178 1336 2211 sic
1347 2178 1504 2210 divinitus
1517 2178 1608 2210 insti·

135 2233 242 2265 tutum
261 2240 348 2272 esse,
365 2233 402 2264 ut
420 2240 530 2264 secum
555 2232 670 2264 arferat
691 2233 881 2272 perpetuum
903 2230 1223 2272 indissolubilemque
1243 2240 1381 2270 nexum,
1401 2231 1457 2271 qui
1473 2229 1610 2271 proinde

133 2285 223 2317 nulla
238 2285 327 2318 civili
343 2286 411 2326 iege
425 2285 508 2318 solvi
524 2286 633 2325 queat.
644 2286 759 2325 ltaque
771 2285 846 2317 licet
857 2283 1147 2317 sacramenti-ratio
1162 2293 1182 2316 a
1197 2284 1404 2317 matrimonio
1416 2275 1541 2324 seiungi
1552 2291 1608 2316 va·

132 2338 214 2379 leat,
237 2338 328 2371 velut
349 2339 432 2371 inter
457 2337 623 2378 infideles,
639 2337 747 2369 adhuc
762 2337 917 2370 tamenin
932 2337 988 2369 tali
1000 2337 1225 2377 matrimonio,
1247 2336 1406 2378 siquidem
1427 2344 1539 2368 verum
1561 2337 1611 2369 est

133 2392 376 2423 matrinionimn
385 2416 394 2432 ,
410 2393 551 2433 perstare
567 2390 674 2430 debet,
686 2390 883 2431 omninoque
898 2392 1019 2431 perstat
1032 2391 1205 2432 perpetuus
1218 2389 1272 2422 ine
1287 2398 1400 2428 nexus,
1413 2389 1469 2430 qui
1478 2398 1497 2421 a
1508 2389 1613 2430 prima

131 2444 255 2485 origine
268 2444 380 2477 divino
401 2444 470 2476 iure
483 2444 690 2476 matrimonio
709 2443 754 2475 ita
771 2443 941 2482 adhaeret,
957 2445 994 2475 ut
1010 2444 1089 2475 nuni
1104 2443 1212 2475 subsit
1223 2443 1312 2475 civiti
1330 2443 1514 2483 potestati.»

232 2499 299 2539 (80)
320 2500 367 2531 De
380 2498 442 2530 hoc
455 2498 644 2538 argumento
657 2498 729 2530 t'use
743 2498 776 2529 et
787 2505 826 2529 ex
842 2497 987 2538 professo
1006 2505 1138 2537 agemus
1153 2497 1185 2528 in
1200 2497 1301 2529 altero
1322 2496 1419 2528 libro.
1433 2497 1584 2529 Ceterum
1595 2520 1606 2537 ,

132 2551 159 2583 si
174 2550 227 2583 cui
245 2551 353 2583 minus
366 2551 507 2583 arrideat
524 2551 602 2582 haec
617 2551 787 2590 sententia,
799 2559 896 2590 quam
912 2552 1020 2591 postea
1035 2548 1254 2589 excutiemus,
1271 2549 1302 2581 in
1317 2550 1468 2590 promptu
1481 2557 1607 2590 semper

135 2605 184 2636 est
199 2605 381 2645 raeponsio,
396 2603 485 2645 quod
499 2611 555 2644 per
564 2602 762 2635 evectionem
774 2604 958 2635 contractus
971 2602 1152 2642 coniugalis
1161 2601 1202 2634 ad
1215 2602 1405 2643 dignitatem
1415 2602 1608 2635 sacramenti

133 2665 152 2688 a
167 2657 298 2689 Christo
313 2658 451 2698 iactam;
472 2658 534 2690 hoc
548 2657 618 2698 ipso
634 2656 876 2689 matrimonium
900 2658 1138 2688 sacramentum
1151 2664 1171 2687 a
1183 2655 1384 2696 principibus
1406 2654 1609 2689 subtractum

134 2719 153 2741 a
169 2709 298 2742 Christo
311 2711 372 2750 sit,
391 2719 430 2742 ac
447 2710 605 2751 principes
621 2709 678 2750 qui
691 2710 881 2750 profitentur
897 2709 1083 2749 religionem
1102 2709 1328 2749 christianam,
1345 2717 1463 2741 novam
1479 2708 1607 2741 relatio·

127 2770 200 2794 uem
217 2770 291 2803 erga
304 2762 473 2795 ecelesiam
490 2762 606 2794 habere
618 2786 628 2802 ,
649 2770 732 2802 quae
747 2770 811 2793 non
824 2761 902 2793 sinit
914 2769 969 2793 eos
984 2760 1016 2792 in
1029 2760 1170 2802 coniugii
1186 2761 1352 2793 vinculum
1366 2761 1500 2802 antiqua
1514 2761 1584 2793 iura
1594 2785 1604 2801 ,

132 2814 158 2845 si
174 2824 256 2854 quae
272 2823 414 2855 unquam
430 2815 627 2855 habuerunt,
645 2822 855 2854 conservare,
872 2815 907 2845 nt
922 2813 954 2845 iu
967 2813 1115 2854 pluribus
1130 2813 1219 2853 aliis,
1238 2815 1273 2846 ut
1287 2823 1346 2846 suo
1361 2814 1434 2847 loco
1449 2814 1604 2847 dicemus.
