1918 3186
378 213 467 245 CAP.
499 214 543 246 11.
576 214 626 245 DE
662 214 793 246 INSEP.
824 214 969 246 coNTn.
1001 214 1048 245 ΕΤ
1073 212 1187 245 SAcn.
1217 212 1307 244 ΛΒΤ.
1337 211 1381 244 11.
1518 196 1607 241 203

147 290 346 337 doctrina
376 291 485 338 haec
518 301 667 338 nostra
700 291 756 338 de
791 290 1166 354 inseparabilitate
1199 298 1445 338 contractus
1479 304 1506 335 a
1538 304 1612 335 sa-

147 377 370 414 cramento
395 367 439 412 in
464 367 667 429 coniugio
693 366 913 421 fidelium,
941 383 1028 413 non
1054 367 1312 415 inniteretur
1335 365 1422 413 nisi
1446 364 1610 412 liberae

147 442 373 506 opinioni,
413 459 570 506 quam,
611 442 734 490 salva
769 441 878 498 fide,
916 442 1150 506 omnisque
1182 442 1438 490 temeritatis
1472 451 1605 496 nota,

150 529 334 583 possent
367 518 498 583 plane
532 536 754 584 respuere.

242 595 445 642 Ceterum
470 612 551 643 nos
575 596 822 643 insistimus
855 595 989 643 veteri
1023 595 1332 659 communique
1364 594 1605 650 doctrinae,

145 687 279 735 quam
312 670 442 718 unice
473 688 621 718 veram
656 671 928 719 ostendimus
964 670 1221 735 praesertim
1262 680 1363 734 post
1401 680 1463 717 tot
1496 686 1604 717 rom.

145 745 403 810 pontificum
437 746 735 794 authenticam
769 745 1132 801 declarationem,
1170 755 1213 793 et
1246 745 1290 791 in
1325 761 1414 809 qua
1446 744 1609 792 clarius

147 822 407 887 firmiusque
440 823 656 870 catholica
690 823 887 871 doctrina
921 822 976 870 de
1010 821 1235 870 identitate
1277 830 1525 869 contractus
1567 832 1611 869 et

146 901 408 947 sacramenti
443 900 488 946 in
523 899 767 948 christiano
802 899 1006 963 coniugio
1039 898 1238 964 patescit.

243 977 324 1023 Per
358 975 474 1023 hanc
501 976 618 1023 enim
652 977 796 1024 omnis
829 975 1074 1024 occluditur
1105 973 1428 1023 ecclesiasticae
1461 983 1611 1020 aucto-

147 1051 290 1099 ritatis
324 1051 592 1099 adversariis
616 1051 831 1099 evadendi
857 1051 1025 1108 aditus,
1053 1067 1168 1117 quae
1189 1049 1368 1116 quidem
1393 1048 1608 1097 evadendi

144 1127 282 1175 libido
317 1128 558 1193 praecipua
590 1138 658 1175 est
694 1129 825 1185 ratio,
864 1127 921 1176 ob
956 1145 1089 1193 quam
1125 1127 1211 1193 ipsi
1246 1126 1455 1173 libentius
1500 1124 1607 1172 Cani

146 1204 373 1252 doctrinae
405 1204 701 1261 adhaereant,
739 1205 841 1252 licet
873 1205 1090 1252 immerito
1123 1216 1166 1251 et
1200 1203 1361 1250 iniuria
1400 1212 1461 1250 tot
1500 1201 1609 1249 insi-

145 1281 297 1344 gnium
333 1281 658 1345 theologorum,
687 1282 764 1347 qui
800 1299 896 1330 eam
930 1281 1117 1347 amplexi
1154 1289 1499 1346 propugnarunt.
