1912 3180
333 165 424 210 244
607 178 686 208 un.
717 177 746 207 1.
778 175 890 208 sacr.
919 177 1088 209 ALTERA.
1118 177 1169 208 nr:
1193 178 1364 210 immin.
1393 178 1532 211 mvm.

327 255 613 304 conventione
640 255 776 301 iuncti
812 265 939 317 sunt,
977 255 1147 319 absque
1180 255 1270 303 ullo
1303 256 1547 319 religionis,
1575 275 1691 322 quae
1713 276 1787 308 eos
1840 256 1842 259 ⁵

327 330 686 386 sanctificaverit,
725 331 987 378 interventu.

419 406 547 462 Quod
566 407 604 453 si
625 423 713 453 non
746 407 875 470 pauci
900 407 1031 454 etiam
1060 426 1112 455 ex
1139 408 1211 465 iis,
1241 409 1317 472 qui
1342 426 1395 456 ex
1418 410 1663 457 christiano
1687 428 1787 458 con-

323 482 441 545 iugio
469 492 756 547 procreantur
783 481 840 529 ob
865 483 1046 529 insitam
1070 501 1122 530 ex
1147 484 1371 548 primaeva
1395 485 1553 549 culpa,
1583 503 1672 550 qua
1694 504 1788 534 ma-

321 558 452 605 culati
489 569 754 615 nascuntur,
784 570 966 605 naturae
995 558 1301 616 infectionem,
1334 560 1390 607 ab
1413 561 1559 608 officio
1586 579 1690 625 erga
1713 580 1789 626 pa-

320 644 465 681 rentes
498 634 646 681 debito
679 634 959 689 desciscunt;
989 634 1027 680 si
1053 635 1114 698 pii
1141 636 1408 700 quandoque
1443 637 1529 701 ipsi
1565 638 1785 700 genitores

321 709 377 756 de
411 709 731 767 inobedientia,
765 710 1004 775 protervia,
1039 726 1091 756 ac
1123 711 1241 756 mala
1273 711 1464 758 filiorum
1499 713 1649 760 indole
1682 731 1787 761 con-

318 796 595 849 queruntur;
636 787 674 833 si
710 803 796 833 non
837 785 1114 832 obstantibus
1149 786 1386 850 praesidiis
1420 787 1627 834 omnibus
1661 788 1786 834 auxi-

316 861 506 927 liisque,
541 879 654 927 quae
689 880 714 909 a
753 861 966 924 religione
998 861 1293 926 proveniunt,
1334 861 1459 908 liberi
1496 880 1647 927 parum
1684 881 1785 929 pro-

317 936 502 993 ficiunt,
543 954 596 983 ac
624 954 756 1002 saepe
790 954 891 983 cum
926 936 1184 983 adolescunt
1206 937 1379 1001 peiores
1402 937 1534 994 fiunt;
1562 938 1671 1002 quid
1694 939 1782 986 iam

316 1012 399 1059 erit
432 1013 752 1076 expectandum
789 1029 814 1058 a
845 1011 979 1069 filiis,
1018 1012 1095 1076 qui
1131 1023 1292 1059 norunt
1331 1030 1379 1060 se
1418 1023 1544 1060 natos
1586 1032 1686 1062 esse
1730 1032 1782 1062 ex

314 1088 552 1135 fornicaria
586 1088 932 1145 consuetudine,
962 1105 1040 1135 seu
1070 1106 1096 1134 a
1129 1088 1411 1153 parentibus,
1449 1090 1527 1153 qui
1562 1090 1681 1138 nullo
1714 1109 1783 1139 re-

312 1163 493 1226 ligionis
530 1181 665 1211 sensu
692 1164 970 1220 afficiuntur,
999 1165 1088 1211 imo
1122 1181 1302 1211 sensum
1335 1164 1534 1227 religioni
1560 1166 1647 1230 ipsi
1676 1184 1782 1214 con-

311 1240 492 1286 trarium
528 1238 872 1304 praeseferunt?
906 1240 1102 1287 Profecto
1125 1278 1134 1296 ,
1182 1240 1258 1304 qui
1304 1240 1523 1287 eiusmodi
1563 1242 1779 1304 originem

313 1326 570 1373 traxerunt,
609 1308 662 1363 ac
695 1315 805 1362 tales
842 1316 957 1363 nacti
992 1325 1096 1363 sunt
1127 1316 1345 1379 genitores
1379 1333 1460 1364 nec
1492 1333 1545 1363 ea
1578 1334 1667 1381 qua
1700 1335 1780 1382 par

310 1400 428 1438 esset
460 1391 696 1440 dilectione
730 1401 1055 1458 prosequentur
1082 1429 1091 1447 ,
1142 1408 1286 1456 neque
1319 1391 1376 1438 iis
1410 1391 1584 1440 sincero
1617 1393 1778 1441 affectu

308 1465 623 1530 obsequentur.

401 1542 665 1589 Addendum
701 1542 820 1607 quod
856 1554 1085 1607 parentes,
1124 1542 1280 1607 quales
1317 1543 1438 1589 iuxta
1462 1544 1523 1590 rei
1548 1545 1775 1591 veritatem

306 1619 378 1666 hic
412 1610 732 1684 descripsimus
750 1657 760 1676 ,
796 1620 961 1666 nullam
985 1630 1060 1667 aut
1083 1637 1195 1684 pene
1229 1619 1395 1667 nullam
1426 1619 1597 1667 soleant
1625 1637 1774 1668 curam

304 1712 455 1758 gerere
481 1696 583 1760 piae
618 1695 937 1751 institutionis,
967 1695 1174 1780 filiosque
1197 1706 1489 1742 consuescant
1523 1696 1770 1759 negligere,

303 1781 346 1818 et
375 1771 497 1819 nullo
531 1789 606 1819 eos
638 1762 731 1819 sive
764 1771 898 1819 verbo
939 1772 1033 1819 sive
1059 1772 1260 1838 exemplo
1291 1772 1484 1819 excitare
1518 1772 1574 1818 ad
1610 1782 1774 1819 rectam

300 1848 418 1894 vitae
446 1847 659 1895 rationem
693 1847 932 1894 efficaciter
954 1848 1142 1912 possint.
1166 1849 1343 1912 Ecquos
1366 1847 1697 1932 condiscipulos
1721 1865 1773 1895 ac

301 1923 477 1970 sodales
495 1923 714 1970 eiusmodi
739 1924 959 1986 genitores
978 1923 1084 1970 filiis
1103 1923 1377 1988 praebebunt
1401 1924 1513 1980 suis,
1541 1923 1629 1970 nisi
1653 1923 1773 1971 eius-

299 1999 400 2046 dem
417 1999 720 2046 conditionis
709 2017 755 2045 1n
778 1999 944 2045 malum
975 1995 1191 2063 proclives
1210 2017 1263 2047 ac
1280 1999 1400 2047 vitiis
1423 1999 1644 2047 irretitos?
1661 2000 1769 2046 Cum

299 2084 444 2122 autem
477 2067 582 2122 mali
612 2092 712 2122 cum
737 2075 867 2122 malis
897 2070 1223 2133 consociantur,
1252 2076 1437 2142 pessimi
1462 2093 1617 2123 omnes
1648 2076 1768 2123 brevi

299 2151 417 2198 fient.
1654 2167 1660 2172 ·

395 2229 527 2275 Porro
562 2229 642 2275 filii
678 2229 723 2275 in
761 2239 1062 2277 transversum
1097 2231 1207 2286 acti,
1248 2230 1294 2276 in
1324 2230 1435 2276 vitia
1469 2229 1628 2284 effusi,
1666 2228 1768 2274 libi-

295 2303 415 2351 dinis
448 2305 695 2369 mancipia,
734 2305 918 2368 maligni
946 2306 1115 2353 fructus
1140 2323 1192 2352 ex
1222 2300 1340 2352 mala
1370 2304 1527 2352 arbore
1551 2303 1768 2367 prodeun-

294 2388 388 2435 tes,
438 2389 624 2427 eruntne
667 2380 749 2427 rite
789 2381 1019 2445 dispositi,
1059 2391 1104 2428 et
1138 2399 1190 2429 eo
1224 2382 1373 2428 animo
1405 2379 1681 2444 comparati,
1718 2390 1769 2427 ut

295 2453 504 2502 honorem
534 2455 734 2503 deferant
761 2457 1018 2521 parentibus
1038 2457 1132 2503 suis
1148 2494 1157 2512 ,
1181 2456 1328 2521 iisque
1339 2451 1538 2502 debitam
1555 2454 1766 2501 obedien-

293 2530 399 2576 tiam
434 2531 695 2595 praebeant,
735 2549 788 2579 ac
822 2542 1053 2596 paternam
1100 2532 1403 2579 auctoritatem
1445 2526 1725 2578 reVereantur
1741 2530 1766 2576 i>

293 2605 400 2651 Puto
437 2607 682 2663 neminem,
723 2608 793 2654 cui
830 2617 1055 2672 comperta
1090 2607 1158 2654 sit³
1182 2607 1431 2654 communis
1466 2606 1673 2654 iuvenum
1711 2623 1765 2653 ac

292 2678 635 2727 adolescentium
669 2682 828 2745 agendi
867 2682 993 2739 ratio,
1027 2681 1071 2728 id
1114 2681 1199 2729 sibi
1242 2681 1536 2745 persuadere,
1570 2681 1761 2745 aliisque

291 2754 481 2802 suadere
516 2774 665 2819 posse.
1568 2777 1571 2780 ·
