1912 3180
355 197 444 228 en.
469 198 497 228 1.
522 198 573 229 ni:
599 198 771 228 mrum.
801 197 949 229 civuis
984 198 1159 230 numu.
1190 197 1281 228 Aur.
1311 198 1351 228 v.
1506 182 1594 226 245

226 277 279 322 Et
313 276 423 322 haec
457 275 636 339 quidem
671 276 717 321 in
747 293 800 322 ea
828 275 1095 339 hypothesi,
1135 275 1255 340 quod
1284 275 1362 340 qui
1398 276 1463 322 sic
1492 291 1598 322 con—

131 351 250 414 iugio
282 351 402 398 civili
439 351 681 413 funguntur
715 350 759 395 in
794 367 935 413 eoque
970 351 1064 397 solo
1098 352 1345 398 consistunt
1372 368 1424 398 ac
1453 368 1598 415 perse-

128 438 296 482 verant,
325 443 475 474 secum
500 442 676 489 semper
699 424 863 471 liberos
891 426 1105 473 retineant
1120 465 1130 483 ,
1151 438 1207 495 ‘ut
1230 426 1596 492 qualemcumque

128 502 184 549 de
213 503 268 548 iis
300 518 450 548 curam
478 511 647 563 gerant.
671 500 750 547 Ast
772 511 1079 565 praeterquam
1094 540 1103 558 ,
1126 503 1245 566 quod
1265 503 1427 550 nedum
1445 503 1597 568 aliquo

126 594 229 639 ergo
265 576 381 623 filios
418 576 590 623 sincero
621 586 803 640 paterno
837 575 996 622 affectu
1030 577 1254 634 feruntur,
1277 595 1363 626 non
1384 578 1521 626 semel
1544 596 1596 626 eo

125 652 392 708 deveniunt,
432 661 479 698 ut
516 669 592 699 eos
627 652 806 699 omnino
842 652 1063 699 deserant.
1102 653 1260 700 Notum
1295 654 1414 701 enim
1448 666 1517 702 est
1550 655 1594 701 in

124 729 302 792 magnis
338 729 596 793 praesertim
632 728 819 775 urbibus
853 728 1107 776 huiusmodi
1132 740 1339 793 parentes
1357 730 1430 777 vix
1449 742 1594 778 natam

125 804 321 852 sobolem
353 804 410 851 ad
437 804 616 868 publica
651 804 1022 868 brephotrophia,
1055 822 1171 869 quae
1192 816 1378 861 vocant,
1405 806 1591 863 deferre,

124 882 218 929 sive
243 882 348 946 quia
373 882 526 929 nolunt
550 881 744 928 taedium
769 881 1062 929 institutionis
1087 881 1253 937 subire,
1274 881 1330 928 ob
1348 882 1590 938 molestias,

122 975 235 1022 quas
270 974 419 1004 secum
449 957 549 1021 ipsa
582 957 716 1004 trahit
739 995 748 1013 ,
788 958 883 1004 sive
917 957 1023 1021 quia
1057 956 1274 1004 interdum
1312 957 1374 1003 rei
1412 957 1596 1003 familia-

123 1034 184 1080 ris
219 1033 438 1095 angustiis
474 1044 762 1097 premuntur,
802 1033 1131 1098 praesidiisque
1164 1033 1220 1080 ad
1255 1050 1352 1080 eam
1389 1033 1592 1080 alendam

121 1109 436 1157 destituuntur.
468 1110 696 1156 Praeterea
714 1127 813 1156 cum
834 1109 1001 1174 passim
1023 1109 1135 1156 inter
1152 1109 1369 1156 eiusmodi
1389 1121 1592 1173 parentes

120 1186 319 1233 oriantur
351 1185 580 1250 querelae,
610 1186 751 1248 iurgia
779 1197 910 1250 atque
939 1186 1145 1242 dissidia,
1175 1196 1354 1250 propter
1377 1203 1492 1250 quae
1516 1203 1595 1250 pa-

120 1262 245 1309 cifice
282 1262 475 1326 amplius
510 1261 640 1309 simul
671 1263 931 1310 commorari
962 1280 1047 1309 non
1072 1274 1282 1326 possunt,
1321 1262 1378 1309 ab
1406 1262 1592 1309 invicem

120 1338 391 1402 supposititii
422 1338 638 1385 eiusmodi
675 1339 886 1401 coniuges
924 1349 1200 1403 separantur.
1230 1340 1338 1384 Tum
1362 1356 1466 1386 vero
1490 1356 1591 1402 pro-

119 1414 209 1469 les,
245 1424 322 1460 aut
355 1414 533 1461 omnino
572 1414 658 1461 sibi
700 1414 964 1479 relinquitur
986 1452 995 1470 ‚
1034 1425 1110 1461 aut
1145 1415 1266 1461 oneri
1314 1415 1398 1462 erit
1428 1414 1592 1462 alteru—

119 1489 229 1536 trius
258 1489 484 1552 coniugis,
512 1501 588 1536 aut
616 1507 713 1537 eam
737 1490 869 1536 etiam
897 1501 1100 1554 parentes
1122 1491 1236 1537 inter
1253 1507 1302 1538 se
1320 1491 1585 1554 partiuntur.

121 1564 348 1629 Quidquid
393 1564 552 1612 horum
592 1566 822 1628 contigerit
849 1604 858 1621 ,
908 1566 953 1612 id
997 1583 1171 1630 semper
1210 1566 1381 1614 eveniet
1424 1566 1590 1629 ingenti

119 1641 392 1689 auctoritatis
432 1646 599 1689 iactura
634 1659 883 1707 magnoque
917 1643 1111 1690 familiae
1146 1643 1423 1691 detrimento.

212 1717 385 1764 Etenim
415 1717 454 1764 si
484 1719 662 1765 omnino
690 1718 910 1765 deseritur
944 1718 1088 1783 proles
1125 1736 1175 1766 ac
1209 1719 1296 1766 sibi
1330 1719 1418 1783 ipsi
1455 1719 1587 1766 relin—

118 1793 284 1856 quitur,
315 1793 435 1840 nulla
469 1805 652 1858 paterna
685 1795 941 1842 auctoritate
971 1795 1181 1852 suffulta,
1209 1795 1583 1860 quemadmodum

118 1868 352 1917 frondosae
373 1869 513 1926 vites,
531 1869 652 1917 nullo
686 1870 986 1918 sustentaculo
1010 1871 1240 1927 suffultae,
1272 1888 1407 1934 super
1430 1882 1588 1918 terram

119 1954 319 2007 reptant,
364 1945 424 1992 ita
467 1945 614 2009 proles
650 1945 735 2010 ipsi
771 1945 857 1992 sibi
894 1945 1046 1992 relicta
1088 1946 1200 1993 iacet
1231 1947 1582 2011 quodammodo,

117 2036 169 2066 ac
193 2018 322 2084 primi
348 2019 512 2084 praeda
543 2021 646 2077 erit,
675 2032 722 2068 ut
746 2021 807 2067 ita
830 2021 1000 2076 dicam,
1031 2022 1306 2085 occupantis.
1337 2022 1586 2086 Numquam

117 2096 234 2142 enim
259 2096 420 2143 desunt
447 2098 523 2161 qui
548 2108 772 2161 tamquam
798 2114 993 2161 aucupes
1018 2114 1069 2143 ac
1093 2098 1223 2161 periti
1252 2109 1482 2145 venatores
1507 2098 1589 2145 cir-

114 2182 334 2228 cumeant,
363 2182 412 2218 ut
447 2172 511 2219 sic
543 2172 796 2237 deperditos
832 2172 972 2228 filios,
1003 2183 1079 2220 aut
1115 2172 1231 2219 filias
1267 2173 1354 2219 sibi
1389 2173 1589 2220 alliciant

114 2247 246 2294 malis
280 2247 450 2294 artibus
467 2286 476 2304 ,
505 2248 650 2313 iisque
673 2260 896 2312 tamquam
921 2248 1128 2296 vitiorum
1153 2248 1324 2295 idoneis
1349 2248 1586 2296 istrumen—

112 2324 170 2370 tis
200 2324 394 2388 pessime
423 2324 674 2372 abutantur.
694 2324 821 2380 Quod
846 2325 884 2372 si
904 2335 1028 2388 pater
1051 2342 1163 2372 onus
1187 2324 1392 2371 habuerit
1417 2325 1584 2373 sobolis

112 2399 345 2447 universae
364 2438 373 2455 ,
420 2400 609 2463 negotiis
642 2399 881 2447 distractus
904 2410 952 2446 ut
977 2399 1213 2463 plurimum
1249 2417 1387 2464 quum
1411 2400 1495 2456 sit,
1533 2418 1585 2448 ac

111 2474 231 2522 domi
264 2475 504 2523 consistere
544 2486 758 2540 nequeat,
788 2486 864 2522 aut
897 2474 1086 2531 nullam,
1127 2484 1204 2521 aut
1236 2475 1438 2538 exiguam
1477 2493 1583 2540 ope—

112 2567 202 2596 ram
236 2551 360 2598 dabit
389 2551 525 2616 prolis
563 2551 851 2608 institutioni;
881 2552 920 2598 si
943 2568 1046 2598 vero
1080 2568 1177 2597 eam
1212 2551 1456 2599 committat
1479 2569 1581 2600 con—

112 2624 256 2673 ductis
297 2616 581 2675 mercenariis
621 2628 822 2675 eiusdem
857 2645 908 2675 ac
943 2628 1041 2691 ipse
1074 2626 1334 2691 probitatis,
1363 2644 1434 2674 res
1466 2640 1582 2675 certe

113 2718 199 2748 non
233 2703 392 2751 melius
426 2704 571 2760 cedet3
612 2704 750 2752 multo
783 2715 927 2751 autem
969 2703 1116 2749 minus
1152 2703 1191 2750 si
1225 2702 1358 2750 aliam
1394 2703 1581 2768 proleta-

114 2777 221 2823 riam
243 2778 376 2826 ducat
401 2798 578 2828 uxorem
594 2819 603 2834 ,
633 2798 747 2845 quae
771 2791 919 2843 utpote
948 2779 1151 2844 privigna
1170 2818 1179 2835 ,
1208 2778 1389 2827 alterius
1415 2791 1457 2828 et
1481 2780 1581 2847 qui-
