1918 3186
231 238 321 269 cn.
345 239 373 268 1.
398 234 491 269 Am.
515 237 545 268 1.
567 235 620 268 DE
642 235 843 268 vamum
867 236 1042 269 SAcRAu.
1067 235 1119 268 EX
1144 236 1259 269 mccl..
1285 236 1429 269 DOCTR.
1536 221 1590 267 11

126 324 194 363 tas
228 331 383 380 preces
417 312 609 362 recitans
622 351 632 371 ‚
663 314 903 361 identidem
930 326 1099 380 repetat
1122 315 1311 380 gratiam
1337 314 1597 363 contrahen-

126 391 246 439 tibus
278 408 331 439 ex
365 407 419 438 ea
452 389 735 455 susceptione
767 390 974 437 conferri.
1013 390 1175 438 Omnia
1203 391 1406 440 ordinate
1440 391 1598 456 proce-

123 467 236 516 dunt
257 487 268 514 :
299 465 654 532 ..praemittuntur
683 465 921 530 -sponsalia
945 504 955 523 ‚
991 478 1206 515 caventur
1242 466 1560 532 impedimenta
1580 503 1592 523 ‚

125 543 308 591 mutuus
341 557 587 590 consensus
610 552 654 589 et
676 542 925 606 acceptatio
952 559 1163 606 expresse
1188 542 1491 600 declarantur,
1518 542 1600 591 iis-

123 637 212 684 que
235 619 316 667 rite
339 617 554 682 peractis,
582 617 832 665 celebratur
853 618 1014 674 missa,
1043 618 1128 666 sub
1152 619 1281 666 cuius
1305 619 1442 666 finem
1468 635 1601 684 spon-

123 712 204 746 sus
230 706 439 759 uterque,
466 694 645 759 praevie
670 693 925 751 confessus,
954 710 1127 741 sacram
1151 694 1474 743 eucharistiam
1491 695 1600 742 muis-

121 772 203 836 pit‚
225 782 269 818 et
291 771 337 817 in
363 788 473 835 pace
495 770 746 817 dimittitur.
770 770 888 827 Quid
912 770 987 817 hic
1010 770 1067 817 ad
1092 772 1359 818 sacramenti
1384 771 1598 819 rationem

119 846 279 896 deesse
315 848 455 895 velint
492 847 661 903 critici,
701 846 823 894 haud
863 845 1071 912 equidem
1109 848 1361 912 assequor;
1408 848 1447 895 si
1487 847 1597 913 quid

120 923 302 972 aliunde
324 935 477 989 peccet
501 935 729 989 ceptorum
754 923 1027 987 ignorantia,
1058 923 1103 970 id
1129 941 1274 988 neque
1297 923 1424 979 huic,
1448 919 1599 988 neque

120 1001 221 1050 aliis
255 999 548 1049 sacramentis
588 1000 898 1047 detrimentum
939 999 1099 1048 afferre
1138 1016 1272 1064 posse
1311 999 1598 1065 perspicuum

120 1089 190 1126 est
222 1079 339 1140 (32).
367 1097 389 1123 u
416 1077 515 1125 Alia
550 1076 680 1141 plura
710 1075 852 1123 videri
882 1086 1071 1141 possunt
1096 1076 1218 1141 apud
1247 1076 1594 1132 Renaudotium,

120 1171 237 1220 quae
262 1152 542 1202 orientalium
570 1153 768 1201 omnium
796 1164 1054 1218 perpetuam
1076 1153 1425 1201 >consensionem
1455 1154 1501 1200 in
1531 1170 1600 1201 re—

118 1230 342 1278 censendo
376 1228 584 1292 coniugio
613 1229 729 1275 inter
754 1239 923 1294 septem
958 1239 1235 1277 sacramenta
1263 1246 1289 1276 a
1316 1228 1496 1277 Christo
1529 1230 1597 1275 in-

119 1307 274 1355 stituta
306 1303 677 1354 manifestissime
707 1305 948 1353 ostendunt
981 1307 1096 1368 (33).
1555 1306 1557 1308 ’

216 1382 298 1429 His
334 1381 505 1446 aliquid
533 1381 727 1428 adiicere
751 1380 875 1427 lubet
900 1398 954 1428 ex
981 1380 1172 1428 ecclesia
1199 1398 1380 1428 armena
1409 1381 1467 1428 ad
1495 1397 1600 1428 con-

122 1458 397 1505 stituendum
433 1457 677 1521 pleniorem
702 1456 985 1504 orientalium
1012 1457 1210 1505 omnium
1235 1457 1597 1505 communionum

119 1551 387 1582 consensum
415 1534 533 1582 circa
555 1533 784 1581 veritatem
812 1534 1077 1581 sacramenti
1102 1533 1389 1582 matrimonii.
1418 1533 1602 1582 Constat

121 1627 251 1675 porro
276 1626 482 1658 armenos
504 1627 594 1657 una
617 1627 718 1657 cum
748 1610 907 1658 ceteris
938 1611 1240 1675 septenarium
1268 1611 1427 1676 quavis
1458 1622 1600 1658 aetate

120 1696 495 1734 sacramentorum
520 1703 753 1733 numerum
779 1686 1020 1735 admisisse
1043 1697 1086 1734 et
1108 1686 1357 1735 credidisse
1380 1687 1531 1734 omnia
1555 1698 1598 1734 et

121 1762 300 1827 singula
323 1780 349 1809 a
373 1762 551 1810 Christo
578 1763 796 1810 instituta.
832 1763 970 1822 Cuius
998 1763 1308 1812 affirmationis
1331 1764 1491 1812 vadem
1520 1764 1600 1811 da-

121 1856 221 1887 mus
251 1839 605 1887 infensissimum
632 1840 848 1888 ecclesiae
871 1839 1117 1889 catholicae
1145 1841 1319 1890 hostem
1348 1852 1482 1906 atque
1507 1858 1601 1888 mo-

122 1915 432 1981 nophysiticae
458 1916 699 1965 haereseos
724 1929 1018 1982 promotorem
1046 1917 1310 1966 acerrimum
1333 1918 1595 1973 Vartanum‚

125 1991 201 2055 qui
235 1991 280 2038 in
308 1993 482 2040 monitis
511 1993 569 2040 ad
602 2011 796 2041 armenos
826 1993 937 2042 haec
972 1994 1144 2042 scribit:
1179 1994 1388 2041 «Paulus
1421 2003 1601 2059 aposto-

122 2065 192 2114 lus
226 2067 498 2132 discipulum
527 2087 658 2117 suum
688 2070 954 2136 Dionysium
989 2071 1046 2118 de
1079 2082 1248 2135 septem
1276 2069 1493 2119 ecclesiae
1526 2086 1600 2118 sa.-

121 2143 362 2191 cramentis
393 2145 585 2192 erudivit
622 2148 719 2208 (34)
739 2185 750 2203 ,
781 2167 805 2191 »
838 2158 882 2194 et
916 2148 1101 2194 iterum:
1141 2147 1384 2211 «Septem,
1423 2146 1594 2212 inquit,

123 2218 339 2266 ecclesiae
383 2230 659 2267 sacramenta
704 2220 866 2284 iugiter
907 2239 1179 2270 exercemus.
1229 2221 1600 2270 Christianismus

123 2295 241 2342 enim
269 2295 314 2341 in
341 2306 511 2360 septem
541 2295 758 2344 ecclesiae
787 2297 1077 2345 sacramentis
1106 2297 1260 2346 nititur
1287 2300 1404 2361 (35).
1431 2317 1454 2343 »
1480 2299 1603 2345 Enu—

219 2431 284 2471 (32)
299 2433 386 2463 Acta
397 2433 549 2463 sanctor.
568 2430 715 2464 Bolland.
735 2432 854 2465 mensis
866 2432 949 2472 junii
967 2433 1047 2467 tom.
1061 2435 1100 2465 V.
1112 2434 1146 2466 in
1159 2433 1336 2475 appendice
1349 2433 1391 2466 ad
1406 2431 1605 2474 patriarchas

124 2483 289 2516 alexandr.
312 2485 360 2515 De
382 2485 489 2525 ceptis
510 2483 668 2516 iacebitis
690 2484 767 2516 sect.
793 2485 850 2516 m.
872 2486 920 2517 De
944 2486 1122 2527 captorum
1141 2479 1369 2519 sacr-aniculis
1392 2487 1426 2517 et
1449 2480 1597 2517 ieiuniis.

121 2534 234 2577 §.224
250 2545 323 2578 pag.
343 2540 396 2569 147

219 2590 285 2630 (33)
308 2592 367 2631 Op.
386 2590 442 2622 cit.
461 2593 510 2623 De
530 2590 774 2632 laperpetuite
787 2591 829 2623 de
844 2591 946 2631 lasci
968 2594 1047 2623 tom.
1063 2594 1102 2623 V.
1120 2592 1175 2623 liv.
1197 2593 1250 2623 Vl.
1266 2592 1319 2623 ch.
1334 2592 1388 2623 lv.

222 2642 288 2683 (3⁴)
310 2643 389 2683 Cap.
415 2644 441 2674 1.

221 2695 287 2735 (35)
307 2696 388 2736 Cap.
404 2697 460 2727 vt.
478 2697 586 2733 Quum
601 2697 763 2729 vai-tanus
775 2697 827 2728 bic
842 2698 1060 2729 armeniorum
1074 2697 1256 2737 episcopus,
1273 2698 1369 2738 prout
1384 2697 1505 2729 armeni
1521 2697 1603 2728 eius-

126 2755 188 2786 que
207 2747 326 2788 scripta
351 2749 531 2789 testantur,
554 2748 683 2782 duobus
704 2749 771 2782 sere
790 2750 865 2781 ante
888 2748 1017 2781 concilii
1039 2749 1198 2781 florentini
1220 2749 1467 2782 wichrationem
1489 2750 1606 2781 seculis

126 2807 223 2839 opera
250 2808 308 2832 sua
335 2800 493 2842 ediderit,
522 2803 610 2842 patet
634 2810 699 2842 qua
726 2802 935 2834 affirmaverit
960 2802 1087 2834 inscitia
1113 2801 1294 2835 Kemnitius
1311 2803 1344 2834 in
1369 2804 1494 2835 Exam.
1509 2811 1602 2834 conc.

128 2850 320 2884 Tridentini
334 2860 402 2892 par.
420 2854 461 2884 n.
478 2862 550 2892 cap.
569 2855 615 2885 De
630 2861 774 2886 numero
789 2855 997 2885 sacrament.
1012 2862 1082 2893 pag.
1102 2858 1150 2885 35.
1169 2867 1184 2882 «
1196 2855 1417 2897 septenarium
1433 2864 1602 2886 numerum
