1918 3186
298 164 357 209 64
555 179 634 211 Lm.
664 178 694 209 1.
723 175 835 208 SECT.
866 176 895 206 1.
923 173 975 206 DE
1012 175 1197 208 urant.
1220 175 1506 208 SAGRAMENTO.

298 257 444 303 thetiee
465 292 478 311 ,
523 266 571 303 ut
601 255 750 310 aiunt,
787 251 930 300 solum
977 252 1215 301 affirmavit
1257 263 1389 301 nutus
1430 254 1500 301 vel
1540 255 1669 318 signa
1709 253 1768 304 ad

296 330 621 379 conficiendum
651 327 906 391 coniugium
921 366 932 384 ‚
960 345 1040 376 seu
1065 340 1386 376 sacramentum
1421 346 1509 377 non
1543 330 1766 389 sufficere,

296 408 334 456 si
384 407 584 454 Christus
626 404 947 452 determinasset
995 405 1126 452 verba
1172 406 1229 453 ad
1271 416 1591 453 sacramentum
1636 407 1774 455 confi·-

299 482 505 531 ciendum
535 518 546 538 ‚
593 481 712 545 quod
754 481 853 545 ipse
893 498 981 529 non
1024 481 1231 528 admittit.
1274 481 1396 529 Idem
1436 481 1510 529 dic
1551 481 1608 530 de
1647 483 1774 531 Petro

296 557 566 613 Lombardo,
606 557 683 621 qui
721 556 874 604 scribit
906 574 994 604 non
1029 557 1231 605 sufficere
1260 557 1316 604 ad
1347 558 1693 615 matrimonium,
1732 559 1772 606 si

296 632 605 680 contrahentes
638 642 774 679 mente
807 632 1086 680 consentiant
1108 669 1118 687 ,
1157 643 1201 680 et
1235 632 1354 681 hunc
1385 651 1650 682 consensum
1685 651 1774 682 non

296 709 544 773 exprimant
561 708 709 756 verbis
726 708 797 756 vel
814 709 917 756 aliis
934 709 1061 755 certis
1077 710 1230 772 siquis.
1247 709 1320 757 Sic
1337 710 1470 757 etiam
1495 728 1534 758 s.
1553 710 1768 767 Thomas,

298 784 375 849 qui
405 783 709 840 «Dicendum,
742 784 909 848 inquit,
949 783 1069 848 quod
1104 785 1310 848 quamvis
1343 802 1432 833 non
1467 786 1644 850 possint
1671 795 1773 834 vota

296 876 380 906 sua
408 868 562 906 mutuo
589 858 738 906 verbis
769 858 879 905 tales
907 858 1083 920 (muti)
1111 859 1378 923 exprimere,
1409 863 1610 924 possunt
1625 870 1773 908 tamen

293 936 530 999 exprimere
561 935 756 990 nutibus,
785 944 825 981 et
848 934 969 982 tales.
985 944 1114 982 nutas
1132 952 1214 999 pro
1237 935 1378 982 verbis
1412 946 1766 1000 computantur.»

297 1010 381 1058 Ubi
411 1011 546 1075 igitur
571 1010 618 1057 hi
644 1021 844 1058 auctores
871 1010 1113 1058 docuerunt
1140 1028 1229 1058 non
1254 1011 1412 1059 confici
1448 1021 1772 1059 sacramentum

296 1086 567 1134 matrimonii
602 1086 711 1141 solis
745 1086 951 1144 nutibus,
999 1103 1099 1134 cum
1143 1104 1297 1135 omnes
1340 1088 1608 1136 contrarium
1653 1088 1775 1136 affir-

294 1172 415 1209 ment
437 1163 480 1224 (2
489 1163 531 1225 4)
554 1161 579 1208 P
1246 1205 1249 1207 Α

397 1237 550 1302 Neque
572 1237 700 1285 aliter
723 1237 862 1285 sensit
884 1239 960 1304 qui
986 1238 1154 1303 integro
1188 1249 1289 1304 post
1322 1239 1472 1287 seculo
1497 1239 1647 1288 floruit
1668 1239 1774 1288 Dio-

297 1312 455 1378 nysius
479 1313 790 1362 carthusianus
801 1315 897 1378 (25)
921 1315 967 1361 in
988 1316 1030 1362 4.
1049 1316 1168 1362 Sent.
1183 1315 1288 1363 dist.
1304 1316 1528 1380 26.qu.1.
1543 1315 1768 1364 scribens:

301 1387 430 1435 «Alii
454 1388 608 1436 dicunt
623 1427 633 1447 ,
661 1390 781 1455 quod
804 1391 947 1453 gratia
968 1390 1097 1438 datur
1121 1391 1166 1438 in
1190 1391 1470 1439 matrimonio
1504 1391 1673 1439 ratione
1700 1391 1774 1439 be-

302 1463 585 1513 nedictionis.
609 1503 617 1511 .
637 1503 647 1512 .
666 1466 744 1514 sed
770 1466 856 1514 hoc
884 1483 972 1514 non
998 1466 1139 1524 valet,
1172 1468 1383 1532 quoniam
1412 1467 1662 1515 benedictio
1697 1467 1774 1516 illa

297 1550 360 1586 est
388 1540 498 1604 quid
527 1542 838 1589 sacramentale
858 1578 870 1597 ,
909 1551 1231 1589 sacramentum
1265 1552 1411 1589 autem
1445 1553 1514 1590 est
1546 1542 1774 1591 efficacius

296 1615 354 1662 ad
372 1616 563 1664 dandam
581 1618 783 1701 gratiam,
811 1635 946 1701 quam
970 1617 1302 1665 sacramentale.
1325 1618 1579 1666 Benedictio
1597 1636 1773 1683 quoque

298 1707 385 1738 non
418 1691 548 1739 datur
581 1692 668 1739 nisi
704 1693 751 1739 in
786 1692 943 1758 primis
978 1693 1198 1757 nuptiis.»

392 1766 474 1814 His
509 1767 732 1816 coronidis
767 1768 909 1832 gratia
943 1768 1179 1817 nonnullos
1212 1768 1374 1816 addam
1403 1786 1456 1816 ex
1490 1740 1771 1816 scholasticis

298 1844 647 1906 posterioribus,
692 1845 768 1910 qui
812 1845 1038 1893 doctrinae
1079 1846 1292 1894 hactenus
1328 1845 1375 1892 in
1408 1845 1598 1893 ecclesia
1642 1845 1771 1893 unice

294 1918 462 1982 vigenti
496 1920 614 1967 circa
647 1920 909 1968 sacramenti
945 1921 1214 1968 matrimonii
1260 1920 1512 1967 ministrum
1555 1920 1770 1968 calculum

298 2011 426 2041 suum
449 1994 721 2052 adiecerunt,
745 1996 853 2061 quin
877 1995 946 2045 vel
964 1995 1059 2045 leve
1076 1996 1261 2044 dubium
1284 1996 1341 2043 de
1363 1996 1460 2043 eius
1478 1996 1661 2043 veritate
1677 2013 1771 2043 mo-

295 2080 439 2116 veant.
451 2070 615 2118 Horum
634 2070 833 2136 plerique
849 2071 917 2120 vel
937 2072 1037 2136 ipsa
1050 2071 1157 2119 Cani
1177 2081 1333 2128 aetate,
1347 2070 1414 2118 vel
1429 2070 1561 2135 paulo
1578 2080 1678 2136 post
1694 2070 1771 2117 sso—

298 2156 490 2203 ruerunt,
503 2164 583 2194 nec
595 2157 740 2195 tamen
759 2165 783 2195 a
803 2158 976 2212 recepta
988 2148 1034 2194 in
1048 2148 1237 2196 ecclesia
1250 2147 1468 2195 sente-ntia
1478 2147 1762 2194 deflexerunt.

394 2221 546 2286 Itaque
580 2222 740 2271 Paulus
770 2224 983 2272 Soncinas
1007 2224 1053 2271 in
1076 2225 1272 2289 Epitome
1296 2233 1459 2288 quaest.
1483 2221 1661 2269 loannis
1684 2221 1768 2270 Ca-

298 2295 435 2360 preoli
471 2297 517 2344 in
541 2299 593 2349 4.
623 2299 741 2346 Sent.
764 2299 869 2347 dist.
896 2301 971 2346 26.
996 2299 1218 2347 inficiatur
1246 2298 1365 2364 quod
1399 2298 1484 2345 hoc
1517 2314 1768 2345 sacramen-

297 2381 389 2418 tum
418 2373 737 2439 «dispensetur
758 2393 838 2439 per
866 2376 1092 2423 ministros
1126 2375 1365 2432 ecclesiae,
1394 2374 1610 2439 quianon
1634 2372 1768 2420 habet

299 2465 378 2511 pro
411 2441 595 2513 materia
630 2460 673 2499 et
707 2451 845 2499 forma
879 2451 969 2498 nisi
1005 2461 1148 2503 actum
1185 2441 1470 2515 suscipientis
1493 2451 1641 2512 (26).»

332 2611 334 2613 ‚
393 2572 458 2613 (24)
477 2573 527 2606 Cf.
545 2573 774 2617 Scotumssdist.
789 2578 839 2606 26.
856 2575 979 2615 quaest.
996 2573 1091 2605 unica
1111 2573 1473 2614 tom.lx.p.587.Petr.
1486 2571 1598 2604 Lomb.
1621 2572 1696 2605 dist.
1712 2575 1762 2605 27.

297 2622 326 2664 §.
340 2627 369 2656 3.
386 2626 433 2656 De
445 2633 609 2660 consensu
621 2628 684 2669 qui
697 2626 806 2668 efficit
826 2626 1129 2660 maernn.ed.1.ov.
1142 2635 1214 2668 pag.
1230 2629 1299 2659 439.
1310 2635 1336 2659 s.
1347 2627 1461 2659 Thom.
1479 2626 1520 2658 ad
1534 2626 1609 2659 dist.
1621 2629 1669 2659 27.
1685 2635 1717 2667 q.
1735 2631 1763 2659 ι.

300 2678 360 2710 art.
379 2682 408 2710 2.
425 2678 466 2710 ad
505 2703 512 2711 .

396 2731 463 2772 (25)
483 2684 544 2764 in.
566 2737 653 2767 1450.

395 2784 461 2825 (26)
483 2786 557 2824 Pag.
580 2791 645 2819 159.
662 2788 723 2820 col.
744 2794 752 2820 Ι
