1918 3186
381 235 470 266 cn.
499 235 557 267 vl.
585 236 638 267 na
661 234 794 266 issar.
824 235 970 267 coma.
1001 236 1049 267 m·
1074 235 1188 267 saca.
1216 235 1310 266 Aur.
1339 236 1369 266 1.
1520 220 1608 266 193

242 313 396 377 Itaque
419 312 513 359 sive
537 312 735 359 intimam
759 312 820 359 rei
846 323 1046 360 naturam
1062 351 1072 370 ,
1100 313 1196 360 sive
1217 312 1433 360 ecclesiae
1455 312 1618 360 doctri—

147 404 273 444 nam,
313 388 406 435 sive
437 388 615 434 demum
649 387 898 450 analogiam
933 400 1183 452 spectemus
1225 390 1489 437 sacramenti
1523 407 1620 436 ma÷

148 464 339 511 trimonii
363 480 464 511 cum
493 464 781 511 sacramentis
815 463 1028 529 reliquis,
1068 466 1383 513 concludamus
1418 476 1614 530 oportet,
1649 517 1653 521 ,

148 539 192 585 in
215 539 494 587 matrimonio
516 539 759 588 christiano
782 551 1054 587 contractum
1078 541 1324 604 legitimum
1351 559 1439 589 non
1466 541 1619 589 haberi

146 615 223 661 ubi
257 632 343 662 non
389 614 579 662 habetur
611 626 937 663 sacramentum
965 634 975 662 :
1014 616 1125 664 adeo
1159 617 1481 681 inseparabiles
1518 628 1625 664 sunt

146 691 258 739 ratio
281 702 532 739 contractus
567 702 610 738 et
644 693 755 739 ratio
790 692 1089 740 sacramenti!

705 835 981 872 ARTICULUS
1006 836 1054 871 11.

152 948 250 987 Data
281 950 397 988 etiam
427 951 585 988 veritate
618 952 826 988 sententiae
852 950 900 988 de
937 950 1132 989 sacerdote
1167 952 1396 990 sacramenti
1426 952 1622 990 Matrimo·

237 1015 292 1052 nii
331 1016 506 1053 ministro
525 1043 537 1065 ,
555 1039 557 1041 ·
574 1026 771 1065 perperam
805 1014 931 1053 adhuc
965 1015 1053 1053 inde
1086 1014 1249 1053 infertur
1281 1015 1478 1054 distinctio
1520 1018 1619 1055 inter

237 1082 479 1117 contractum
506 1083 545 1117 et
568 1083 849 1118 sacramentum
876 1080 917 1117 in
945 1081 1189 1118 matrimonio
1206 1079 1431 1119 christiano.

243 1219 627 1282 Supervacaneum
661 1220 802 1268 videri
837 1232 990 1285 posset
1023 1232 1123 1285 post
1155 1238 1230 1277 ea,
1259 1238 1375 1285 quae
1406 1220 1622 1268 hactenus

148 1295 388 1343 constituta
422 1305 541 1351 sunt,
569 1296 624 1343 de
646 1296 800 1343 eadem
836 1306 1070 1343 retractare
1103 1297 1345 1352 sententia,
1379 1314 1517 1361 quum
1549 1296 1625 1342 fir-

147 1371 233 1418 mis
267 1371 378 1418 adeo
412 1370 658 1435 solidisque
691 1372 963 1434 argumentis
997 1372 1345 1419 demonstratum
1381 1372 1463 1428 sit,
1502 1371 1625 1419 nulla

148 1446 317 1495 ratione
349 1446 595 1495 doctrinam
619 1448 676 1498 de
699 1447 927 1495 sacerdote
949 1465 1030 1494 ceu
1054 1448 1319 1495 sacramenti
1355 1447 1623 1495 matrimonii

148 1522 352 1570 ministro
387 1523 560 1570 admitti
602 1540 751 1587 posse.
781 1523 1001 1578 Quoniam
1037 1534 1183 1570 tamen
1205 1561 1216 1579 ‚
1254 1523 1332 1587 qui
1365 1523 1513 1571 animo
1546 1522 1626 1570 ob-

150 1598 311 1646 firmati
345 1610 450 1646 sunt
488 1600 534 1646 in
568 1616 621 1646 ea
655 1599 901 1663 protuenda
945 1600 1000 1646 ad
1044 1617 1299 1663 perversum
1340 1599 1473 1646 finem
1507 1616 1626 1646 asse-

149 1675 392 1739 quendum,
414 1693 548 1740 quem
566 1676 653 1724 sibi
672 1687 997 1741 proposuerunt
1018 1676 1295 1739 (cuiusmodi
1313 1686 1418 1723 sunt
1436 1675 1626 1740 pseudo-

149 1751 351 1815 politici,
389 1763 438 1799 ut
480 1770 562 1800 suo
604 1752 700 1800 loco
744 1752 1029 1814 videbimus)
1068 1770 1118 1800 se
1150 1752 1280 1800 facile
1324 1751 1629 1799 communiunt

150 1827 398 1875 extrinseca
420 1828 497 1875 illa
521 1828 856 1892 probabilitate,
878 1847 995 1894 quae
1012 1829 1157 1876 eidem
1183 1829 1427 1876 sententiae
1448 1827 1629 1875 obvenit

151 1901 208 1950 ob
235 1912 298 1950 tot
330 1902 650 1967 theologorum,
677 1904 756 1969 qui
779 1921 878 1952 eam
896 1905 1010 1956 „tuiti
1046 1914 1170 1960 sunt,
1208 1903 1542 1958 auctoritatem,
1582 1913 1626 1948 et

154 1989 333 2042 propter
365 1996 500 2043 quam
534 1980 800 2028 Benedictus
826 1981 934 2028 XIV.
958 1980 1068 2027 Cani
1098 1980 1360 2027 sententiam
1383 1980 1510 2026 valde
1529 1995 1634 2042 prm.

156 2054 340 2101 habilem
381 2056 654 2119 nuncupavit
681 2094 692 2111 ‚
737 2055 936 2118 cogimur
970 2056 1184 2104 adversus
1217 2071 1295 2102 eos
1313 2092 1322 2110 ‚
1361 2054 1438 2118 qui
1473 2053 1628 2103 eadem

153 2130 275 2178 abuti
321 2148 505 2194 pergere
547 2131 725 2187 volunt,
772 2132 904 2178 etiam
939 2131 1023 2179 hac
1056 2131 1102 2176 in
1136 2129 1375 2195 hypothesi
1410 2129 1629 2176 invectam

154 2205 482 2254 distinctionem
517 2223 699 2270 prorsus
734 2206 979 2254 eliminare.
1007 2207 1102 2254 Hac
1130 2206 1297 2253 ratione
1330 2205 1633 2269 praecidimus>

156 2281 278 2328 filum
302 2282 500 2330 cuiusvis
524 2281 900 2345 tergiversationis
917 2281 1122 2328 osoribus
1140 2280 1386 2328 catholicae
1403 2280 1630 2332 doctrinae

156 2375 210 2405 ne
243 2375 297 2406 ea
331 2357 389 2404 ad
423 2358 648 2422 propriam
673 2369 717 2404 et
740 2355 929 2404 aliorum
964 2357 1205 2420 perniciem
1239 2356 1361 2403 abuti
1394 2356 1585 2408 valeant.

251 2433 314 2479 Ne
346 2450 450 2480 vero
484 2433 528 2478 in
564 2451 611 2479 re
645 2432 756 2480 adeo
790 2432 915 2495 gravi
952 2431 1228 2478 desideretur
1260 2430 1512 2478 necessaria
1535 2448 1631 2494 per—

158 2509 396 2572 spicuitas,
435 2508 648 2556 nonnulla
693 2507 1014 2572 praemittenda
1045 2523 1146 2554 esse
1179 2506 1435 2553 censuimus
1469 2506 1527 2553 ad
1560 2506 1631 2553 di·—

157 2584 395 2633 cendorum
430 2585 788 2632 elucidationem.

254 2660 580 2708 Praemittimus
615 2662 766 2725 itaque
790 2662 834 2706 1.
854 2677 936 2707 nos
971 2660 1055 2705 hoc
1089 2658 1186 2706 loco
1219 2657 1440 2705 disserere
1462 2658 1519 2705 de
1541 2675 1630 2706 ma-

159 2733 377 2782 trimoniis
398 2735 519 2783 iuxta
535 2736 720 2784 formam
739 2753 766 2782 a
784 2734 1020 2783 tridentino
1040 2734 1357 2798 praescriptam
1375 2732 1625 2788 celebratis,

157 2819 234 2856 aut
266 2809 542 2858 celebrandis
576 2811 651 2857 ubi
686 2811 781 2857 eius
816 2810 1039 2858 decretum
1085 2808 1354 2873 publicatum
1389 2819 1480 2864 est„
1519 2809 1628 2856 Nam

1527 2895 1567 2925 13
