1912 3180
306 172 396 216 234
560 185 639 215 Lm.
670 184 700 215 1.
730 182 841 214 sacr.
874 183 1043 215 ALTERA.
1075 184 1125 214 na
1162 184 1334 216 nmium.
1372 184 1511 216 clviu.

304 263 408 310 ralis
449 261 695 309 honestatis
730 277 911 308 sensum
945 272 1138 319 exuant,
1183 272 1315 327 atque
1359 263 1637 327 coniugalem
1672 283 1776 314 con-

305 338 570 385 iunctionem
595 338 725 384 unice
754 348 953 403 spectent
972 340 1206 404 'tamquam
1244 349 1513 387 contractum
1545 341 1775 404 profanum
1812 387 1817 392 ,

303 415 358 461 ad
393 414 659 478 explendam
694 414 927 462 libidinem
962 416 1228 463 institutum.

397 490 577 538 Accedit
595 490 714 556 quod
734 490 815 548 illi,
837 492 915 556 qui
934 492 1154 539 eiusmodi
1172 491 1351 539 foedera
1369 492 1585 556 nuptialia
1603 493 1772 550 ineunt,

303 577 351 612 ut
369 566 415 611 in
435 565 491 614 iis
510 566 685 623 sistant,
710 585 854 632 neque
872 567 927 614 de
945 567 1195 615 renovando
1210 585 1430 616 consensu
1449 569 1495 614 in
1516 569 1627 616 facie
1644 570 1779 617 eccle-

303 643 396 689 siae
419 642 717 691 sollicitudine
739 644 831 690 ulla
853 654 1090 707 urgentur,
1119 662 1218 691 cum
1248 645 1338 692 sint
1368 645 1567 692 homines
1592 664 1774 710 prorsus

303 719 541 782 irreligiosi
560 720 770 785 vitiisque
789 720 961 775 irretiti,
978 737 1030 766 ac
1041 720 1225 784 proinde
1244 721 1411 767 nullam
1432 722 1774 769 sollicitudinem

303 806 462 858 gerunt
479 795 534 842 de
553 796 701 842 sutura
715 796 821 851 vita,
841 795 895 841 ad
915 812 1047 859 quam
1066 805 1142 842 aut
1160 813 1275 852 raro,
1294 805 1368 842 aut
1385 795 1635 844 nullatenus
1655 815 1778 844 men-

304 882 390 918 tem
433 880 705 918 convertunt.
734 871 843 917 Nam
872 870 1072 936 alioquin
1108 888 1351 935 numquam
1375 889 1422 918 se
1446 871 1522 918 illo
1556 872 1776 947 coniugali

303 947 422 995 civili
448 957 673 994 contractu
698 946 934 1009 illigarent,
957 965 1088 1012 quem
1114 948 1276 1013 optime
1300 960 1459 995 norunt
1488 966 1513 995 a
1537 938 1778 996 christiana

304 1024 517 1087 religione
545 1022 796 1088 reprobari,
826 1040 906 1070 nec
931 1041 1063 1089 posse
1086 1041 1355 1089 quemquam
1380 1024 1477 1072 sine
1500 1027 1621 1088 gravi
1645 1025 1778 1090 culpa

303 1099 428 1145 illum
465 1099 599 1154 inire,
634 1116 686 1148 ac
722 1098 768 1144 in
803 1115 855 1146 eo
890 1099 984 1146 solo
1019 1117 1291 1164 permanere.
1322 1101 1460 1147 Immo
1489 1110 1531 1147 et
1560 1100 1669 1147 illud
1700 1118 1778 1149 no-

302 1184 418 1231 runt,
447 1191 527 1222 nec
550 1173 735 1237 legitimi
759 1185 1008 1221 contractus
1044 1175 1258 1223 rationem
1284 1175 1382 1223 illas
1406 1175 1571 1238 legales
1600 1176 1776 1240 nuptias

303 1250 490 1307 habere,
521 1250 599 1297 sed
628 1250 760 1298 unice
793 1267 893 1298 esse
927 1268 1194 1298 consensum
1225 1251 1281 1298 ad
1314 1252 1551 1299 vivendum
1586 1252 1632 1298 in
1659 1261 1778 1299 statu

301 1326 517 1373 habituali
565 1326 888 1374 concubinatus
923 1337 966 1374 et
1000 1327 1303 1375 fornicationis
1345 1328 1439 1375 sive
1474 1328 1529 1374 ad
1565 1338 1772 1392 tempus,

303 1404 397 1450 sive
424 1403 469 1449 in
496 1413 773 1467 perpetuum.
800 1402 924 1458 Quae
958 1404 1152 1468 profecto
1181 1404 1418 1468 dispositio
1448 1404 1643 1450 animum
1677 1404 1778 1452 reli-

303 1480 476 1542 giosum
495 1496 546 1525 ac
565 1478 621 1525 de
641 1479 818 1543 propria
843 1479 985 1526 salute
1015 1481 1195 1526 anxium
1220 1480 1403 1526 minime
1426 1480 1586 1544 prodit.
1611 1480 1776 1545 Ecquis

302 1572 431 1620 porro
467 1554 626 1602 dixerit
659 1555 877 1603 eiusmodi
909 1555 1114 1603 homines
1143 1556 1278 1603 vitam
1303 1555 1465 1602 ducere
1489 1557 1543 1602 ad
1576 1556 1777 1620 publicae

304 1631 547 1679 honestatis
583 1648 780 1679 normam
815 1633 1106 1696 compositam
1126 1631 1150 1678 ⁶?

332 1741 334 1744 ψ
401 1708 629 1755 Praeterea
646 1707 724 1773 qui
748 1708 810 1754 ita
827 1718 978 1771 agunt,
1008 1707 1053 1754 in
1078 1707 1273 1755 omnium
1300 1708 1450 1755 oculos
1478 1707 1606 1754 facile
1631 1708 1777 1754 incur-

303 1794 427 1841 runt,
471 1783 581 1831 adeo
614 1794 662 1830 ut
697 1783 830 1831 etiam
864 1783 1038 1846 magnis
1081 1783 1125 1829 in
1165 1783 1349 1830 urbibus
1380 1783 1456 1829 ubi
1491 1783 1667 1829 facilius
1711 1795 1779 1831 est

302 1878 350 1907 se
395 1870 567 1923 tegere,
606 1870 752 1907 tamen
798 1877 898 1907 cum
942 1870 985 1906 et
1023 1869 1231 1922 cognatos
1268 1869 1311 1905 et
1350 1859 1515 1905 amicos
1558 1858 1774 1914 habeant,

304 1935 533 2000 paullatim
570 1935 746 2000 publice
790 1936 1086 1984 innotescunt.
1128 1936 1171 1981 Si
1210 1953 1313 1983 vero
1347 1934 1403 1981 de
1445 1935 1591 1999 parvis
1626 1945 1780 1998 agatur

303 2012 518 2069 urbibus,
547 2012 604 2059 de
627 2012 807 2077 oppidis
836 2012 980 2076 deque
1006 2011 1189 2068 villulis,
1223 2011 1268 2058 in
1298 2011 1462 2076 quibus
1486 2010 1655 2058 incolae
1679 2028 1778 2058 sese

304 2089 493 2137 invicem
515 2106 569 2135 ex
594 2089 773 2135 nomine
797 2098 1055 2151 agnoscunt,
1082 2087 1359 2152 impossibile
1382 2087 1562 2134 omnino
1580 2087 1692 2150 ipsis
1712 2097 1780 2133 est

301 2164 436 2212 latere
471 2182 523 2211 ac
560 2164 792 2211 infamiam
827 2163 1051 2229 publicam
1086 2163 1295 2226 effugere.
1326 2162 1470 2218 Quum
1507 2172 1669 2217 autem,
1698 2179 1779 2225 pu-

302 2240 409 2288 dore
434 2240 555 2289 omni
586 2239 773 2295 abiecto,
815 2257 912 2286 eam
949 2238 1311 2303 contempserint,
1349 2254 1400 2284 eo
1433 2236 1592 2283 melius
1629 2235 1778 2300 depre-

303 2316 555 2364 hendentur
582 2315 736 2362 ferinis
762 2332 838 2362 eos
868 2332 967 2363 esse
995 2314 1192 2363 moribus
1227 2331 1279 2360 ac
1313 2312 1535 2377 publicam
1571 2311 1780 2359 honesta-

306 2404 392 2440 tem
417 2392 652 2440 abiecisse.

390 2470 589 2534 ,Insuper
624 2484 753 2515 nemo
788 2469 1013 2531 negaverit
1041 2467 1268 2532 publicum
1292 2464 1551 2514 scandalum
1576 2463 1780 2528 publicae

304 2545 482 2592 officere
500 2544 739 2600 honestati,
757 2544 950 2609 aliisque
967 2560 1124 2590 ansam
1144 2542 1355 2607 praebere
1371 2540 1615 2605 pessimum
1634 2557 1780 2588 exem-

304 2620 424 2684 plum
454 2621 676 2668 imitandi.
701 2620 805 2668 Tale
822 2630 967 2668 autem
988 2619 1247 2667 scandalum
1273 2617 1523 2665 necessario
1548 2617 1774 2682 praebent,

303 2697 398 2760 qui,
431 2697 684 2761 posthabita
707 2697 922 2746 ecclesiae
946 2696 1058 2760 lege,
1089 2696 1266 2743 fictitias
1289 2694 1443 2742 civiles
1468 2694 1645 2759 nuptias
1680 2710 1780 2740 con-

309 2772 487 2819 trahunt
516 2811 525 2828 ,
576 2791 626 2819 ac
667 2784 835 2820 ceteros
877 2773 1004 2820 facile
1044 2781 1299 2837 permovent
1341 2771 1534 2835 pessimo
1580 2768 1779 2832 exemplo
