1912 3180
264 195 352 240 420
534 209 614 240 un.
645 207 674 239 1.
705 206 819 238 secr.
851 206 1021 238 ALTERA..
1048 205 1100 237 nr
1123 205 1299 238 mirmur.
1323 206 1463 239 crvlu.

917 344 965 406 §-
1009 343 1075 389 iv.

289 466 517 507 separabilitas
532 466 718 498 contractus
730 475 749 498 a
762 467 963 499 sacramento
978 475 1016 498 ac
1031 466 1198 498 distinctio
1214 466 1413 498 Matrimonii
1436 467 1571 508 legitimi
1586 469 1619 501 et
1635 469 1708 501 rati.

357 579 502 642 Longe
519 578 677 626 maiori
697 578 913 625 modestia
931 615 941 634 ,
963 595 1016 624 ac
1033 576 1202 623 meliori
1223 577 1414 624 artificio
1433 578 1628 642 prolege
1644 578 1741 626 dis-

261 654 398 701 seruit
416 664 588 711 orator,
612 654 690 719 qui
709 653 845 701 huius
863 670 1024 701 causae
1044 653 1090 698 in
1109 663 1268 700 senatu
1292 654 1453 700 relator
1477 653 1562 700 fuit
1583 655 1734 716 (107).

260 729 369 776 Eius
403 729 666 794 disceptatio
701 729 971 795 peculiarem
999 738 1192 775 meretur
1225 727 1572 776 discussionem.

357 805 628 852 Sententiam
654 805 752 870 ipse
776 812 970 850 sectatur
993 803 1318 851 divisibilitatis
1343 814 1596 851 contractus
1620 821 1647 851 a
1669 821 1742 852 sa-

263 891 511 939 cramento,
540 892 676 947 atque
707 881 819 928 ultro
845 879 1066 936 concedit,
1089 880 1210 945 quod
1229 880 1268 928 si
1285 897 1439 928 verum
1463 891 1582 928 esset
1604 897 1742 945 penes

261 956 506 1004 catholicos
534 956 706 1004 nullum
739 955 894 1002 haberi
925 955 1260 1003 matrimonium
1283 955 1483 1003 validum
1506 956 1596 1004 nisi
1621 955 1743 1021 quod

264 1034 309 1079 in
341 1033 453 1080 facie
489 1032 703 1080 ecclesiae
737 1031 1010 1087 celebratur,
1042 1031 1111 1079 lex
1140 1032 1411 1080 matrimonii
1442 1031 1589 1080 civilis
1625 1043 1744 1080 esset

263 1109 395 1173 plane
424 1108 754 1156 anticatholica.

363 1185 466 1241 Ast,
504 1201 660 1232 verum
698 1202 753 1232 ne
787 1195 887 1242 est,
926 1186 1106 1250 inquit,
1142 1186 1413 1233 connubium
1450 1187 1565 1234 inter
1592 1186 1746 1234 catho-

268 1261 378 1309 licos
413 1279 439 1308 a
473 1272 750 1309 sacramento
786 1262 985 1326 separari
1016 1279 1105 1309 non
1139 1261 1314 1327 posse?

362 1338 641 1386 Connubium
666 1349 735 1386 est
758 1349 1025 1386 contractus.
1051 1338 1281 1394 Quomodo
1300 1339 1437 1402 igitur
1453 1356 1533 1404 per
1549 1339 1744 1387 evectio-

267 1432 367 1462 nem
412 1415 549 1462 huius
583 1426 834 1463 contractus
870 1415 925 1462 ad
960 1415 1223 1479 dignitatem
1269 1415 1536 1464 sacramenti
1580 1415 1743 1462 factum

266 1502 366 1547 est,
410 1502 458 1537 ut
486 1491 796 1554 inseparabilis
832 1492 1021 1539 evaserit
1053 1509 1079 1538 a
1111 1502 1388 1539 sacramento
1410 1529 1420 1547 ‚
1460 1508 1513 1539 ac
1541 1490 1744 1539 sublatus

269 1568 402 1615 fuerit
436 1585 461 1614 a
497 1578 714 1633 potestate
743 1567 906 1615 civili?

366 1644 420 1690 Ut
454 1644 762 1691 ostenderetur
795 1643 1137 1709 inseparabilem
1171 1661 1272 1690 esse
1307 1654 1579 1691 contractum
1614 1662 1641 1691 a
1673 1661 1747 1692 sa-

274 1731 522 1776 eramento⁷
551 1737 736 1767 necesse
760 1730 879 1767 esset
902 1719 1156 1775 ostendere,
1180 1729 1256 1766 aut
1273 1719 1335 1766 ita
1351 1718 1576 1783 placuisse
1595 1719 1747 1768 divino

275 1797 521 1845 institutori
539 1834 549 1854 ,
583 1807 658 1843 aut
685 1796 745 1843 ita
778 1796 1001 1861 postulare
1036 1796 1098 1843 rei
1131 1806 1334 1842 naturam
1352 1833 1362 1852 ,
1391 1806 1467 1844 aut
1489 1796 1622 1843 talem
1646 1814 1747 1844 esse

270 1871 570 1919 universalem
606 1871 823 1919 ecclesiae
857 1872 1101 1919 doctrinam
1120 1910 1129 1928 ,
1160 1872 1231 1918 sin
1255 1871 1405 1920 minus
1427 1872 1742 1936 dogmaticam,

248 1947 607 2013 disciplinarem
644 1947 800 1994 saltem
835 1947 1226 1995 fundamentalem.

371 2025 462 2070 lam
495 2041 599 2071 vero
632 2026 676 2070 1.
700 2024 904 2071 Christus
939 2024 1081 2071 noluit
1110 2023 1155 2069 id
1186 2025 1305 2089 quod
1335 2025 1563 2089 spectabat
1586 2026 1643 2072 ad
1667 2025 1748 2072 do-

272 2100 459 2147 minium
494 2100 623 2147 civile
657 2099 825 2148 devolvi
854 2100 911 2147 ad
940 2099 1199 2156 ecclesiam;
1230 2100 1339 2164 quin
1365 2101 1514 2165 potius
1538 2101 1679 2149 voluit
1701 2111 1751 2148 ut

274 2177 455 2223 Caesari
492 2176 806 2233 redderentur,
836 2194 950 2240 quae
984 2187 1088 2224 sunt
1111 2176 1335 2224 Caesaris.
1369 2177 1575 2225 Christus
1610 2177 1753 2226 noluit

275 2252 526 2299 annihilare
561 2270 640 2300 seu
679 2253 907 2301 destruere
942 2263 1217 2301 contractum
1241 2292 1251 2311 ,
1291 2253 1371 2301 sed
1406 2254 1452 2300 in
1487 2253 1750 2301 nobiliorem

276 2339 443 2375 tantum
470 2328 669 2376 ordinem
699 2328 862 2375 retulit.
887 2329 1100 2376 Remanet
1130 2330 1265 2393 igitur
1296 2338 1569 2385 contractus;
1608 2345 1751 2376 rema-

277 2415 350 2451 net
373 2422 477 2468 ergo
502 2415 654 2470 utpote
682 2405 801 2462 talis,
834 2405 1083 2453 auctoritati
1108 2405 1228 2453 civili
1258 2406 1502 2463 obnoxius,
1530 2415 1579 2454 ut
1602 2405 1751 2469 quivis

278 2481 395 2527 alius
422 2492 690 2529 contractus.

377 2559 420 2602 2.
462 2558 538 2604 Rei
576 2569 757 2615 natura,
787 2558 833 2605 id
858 2569 925 2606 est
947 2559 1116 2606 evectio
1143 2569 1396 2606 contractus
1420 2557 1476 2604 ad
1501 2573 1752 2604 sacramen-

281 2641 371 2676 tum
392 2632 511 2679 haud
538 2634 741 2681 immutat
765 2634 966 2681 ordinem
992 2634 1331 2682 iurisdictionis.
1357 2633 1617 2681 Coniunctio
1634 2633 1751 2680 enim

376 2754 461 2795 (107)
474 2757 533 2790 Hic
544 2757 772 2798 ruitnynastes
779 2759 826 2790 De
832 2758 1035 2800 Margherita.
1048 2759 1080 2789 Is
1091 2766 1155 2790 non
1167 2757 1212 2789 ita
1221 2756 1347 2798 pridem
1358 2756 1410 2797 pie
1422 2755 1516 2797 obiit,
1524 2758 1556 2788 et
1563 2756 1652 2797 prius
1663 2763 1757 2797 quae-

280 2815 419 2847 cumque
435 2816 492 2847 pro
511 2809 578 2848 lege
594 2809 737 2850 dixerat,
757 2812 952 2843 retractavit.
964 2810 1038 2843 Vid.
1051 2809 1181 2843 Civilta
1193 2806 1365 2841 Cattolica
1382 2814 1408 2842 1.
1423 2808 1555 2841 sabbato
1570 2810 1652 2842 Nor.
1668 2812 1756 2841 1856.
