1912 3180
295 171 388 216 264
554 184 635 216 un.
665 183 694 213 1.
723 180 837 213 sacr.
866 181 1038 212 ALTERA.
1058 181 1110 212 na
1136 181 1309 214 nulum.
1332 181 1472 214 cmm.

290 263 434 311 venali
473 263 589 323 (11).
629 260 699 306 Dii
733 259 1049 307 invocabantur
1078 298 1087 316 ‚
1133 260 1210 324 qui
1251 260 1418 324 nuptiis
1458 260 1758 309 censebantur

292 354 497 403 praeesse
518 338 635 398 (12).
657 335 877 383 Arnobius
902 336 1104 382 meminit
1131 335 1387 383 maritorum
1402 374 1413 392 ‚
1443 336 1520 401 qui
1544 347 1588 383 et
1611 337 1764 384 Fortu-

292 431 375 460 nae
395 411 628 475 virginalis
647 411 704 458 ad
721 429 851 475 opem
869 411 1197 475 confugiebant,
1214 411 1319 457 dum
1339 412 1406 458 sic
1423 412 1624 459 ethnicos
1642 429 1762 459 com-

291 487 450 551 pellat:
486 487 639 533 «Cum
675 485 720 532 in
756 486 1085 533 matrimonium
1117 486 1360 533 convenitis
1380 523 1389 541 ‚
1428 496 1530 549 toga
1563 486 1761 534 sternitis

291 563 474 610 lectulos
487 600 497 619 ‚
519 573 562 610 et
578 563 836 610 maritorum
854 563 1009 625 genios
1028 560 1283 608 advocatis?
1301 561 1569 609 Nubentium
1593 562 1760 609 crinem

290 637 501 685 caelibari
534 637 664 685 hasta
691 636 927 684 mulcetis?
952 635 1201 682 Puellarum
1227 636 1399 699 togulas
1424 638 1658 684 Fortunam
1682 637 1762 684 de-

291 713 414 761 fertis
438 712 496 760 ad
523 712 783 776 virginalem
807 711 959 774 (13)?»
994 710 1146 757 Fiebat
1176 722 1404 775 praeterea
1437 712 1764 760 matrimonium

295 790 634 855 confarreatioue
652 788 783 836 certis
801 787 946 834 verbis
964 785 1179 833 adhibitis
1192 824 1202 842 ,
1225 787 1411 835 testibus
1436 787 1760 851 praesentibus,

292 864 569 930 solemnique
597 863 838 918 sacrificio,
868 862 915 907 in
939 879 1028 926 quo
1053 862 1167 909 farre
1189 862 1449 919 utebantur,
1481 880 1629 910 coram
1652 880 1764 928 pon-

291 940 410 987 tifice
448 950 657 1004 peracto,
697 937 856 985 mulier
887 938 934 984 in
968 955 1148 984 manum
1188 938 1271 985 viri
1311 938 1600 986 conveniebat
1637 940 1753 1001 (14).

291 1015 457 1064 Omitto
492 1017 603 1063 ritus
638 1013 990 1080 quamplurimos
1020 1014 1077 1060 de
1110 1014 1308 1070 coronis,
1347 1015 1576 1072 flammeo,
1615 1032 1752 1072 zona,

290 1092 419 1139 taeda
453 1092 586 1156 pinea
617 1101 699 1138 etc.
730 1107 842 1154 quos
877 1090 973 1137 fuse
1009 1100 1334 1154 persequuntur
1365 1091 1442 1155 qui
1470 1091 1526 1138 de
1555 1091 1763 1155 antiquo-

289 1186 386 1215 rum
410 1167 607 1215 moribus
633 1184 686 1214 ac
709 1166 868 1213 ritibus
893 1166 996 1212 data
1019 1183 1154 1230 opera
1177 1167 1450 1231 scripserunt
1471 1169 1587 1229 (15).
1611 1167 1756 1215 Unum

291 1244 443 1290 adhuc
471 1243 633 1290 adnoto
668 1241 891 1290 coronidis
925 1242 1089 1305 gratia,
1118 1242 1228 1290 adeo
1252 1242 1421 1290 scilicet
1449 1253 1671 1308 receptum
1695 1243 1764 1290 fu-

291 1320 382 1366 isse
415 1317 533 1383 apud
566 1327 761 1373 veteres,
799 1316 918 1381 quod
953 1317 1108 1380 religio
1140 1317 1319 1365 deberet
1350 1318 1520 1381 nuptiis
1554 1318 1762 1380 coniungi

291 1411 380 1458 quo
416 1410 569 1441 sacrae
603 1403 774 1449 essent,
803 1403 852 1439 ut
873 1393 946 1440 vix
970 1393 1296 1440 celebrarentur
1329 1393 1538 1457 coniugia
1570 1393 1679 1458 quin
1702 1393 1763 1441 lo-

292 1487 392 1517 cum
420 1486 596 1517 sacrum
620 1468 793 1515 adirent
811 1468 867 1516 ad
885 1468 1153 1533 exploranda
1177 1469 1380 1532 auguria.
1405 1469 1552 1525 Quare
1574 1469 1761 1534 loquens

384 1615 450 1655 (11)
471 1616 541 1647 Iuv.
558 1616 671 1655 Satyra
685 1617 724 1647 X.
741 1624 772 1646 v.
788 1619 927 1648 330-338.
950 1614 1058 1647 collat.
1081 1614 1192 1647 Tacito
1212 1615 1395 1647 Annal.X1.
1415 1618 1466 1648 27.
1484 1615 1590 1656 agitur
1606 1615 1693 1647 enim
1716 1615 1761 1647 ibi

288 1667 330 1699 de
349 1667 514 1700 solemniis
537 1668 726 1709 nuptiarum
738 1668 927 1700 Messalinae
944 1669 977 1699 et
1000 1667 1082 1699 Silii.
1099 1667 1196 1699 Plura
1211 1667 1274 1699 alia
1291 1667 1370 1699 vide
1389 1667 1475 1708 apud
1497 1668 1697 1700 Brissonium
1713 1670 1763 1700 De

290 1722 366 1752 ture
378 1721 586 1760 nuptiarum
600 1720 635 1751 in
650 1720 824 1753 Thesauro
837 1720 966 1752 Graevii
978 1722 1057 1752 tom.
1074 1722 1163 1752 VIII.

387 1772 453 1812 (12)
476 1772 591 1813 virgil.
611 1772 751 1805 Aenffl‘d.
767 1774 814 1804 X.
833 1777 870 1805 39
886 1781 977 1813 seqq.

385 1824 451 1865 (13)
471 1825 543 1856 Lib.
557 1825 599 1856 11.
613 1824 739 1857 Adver.
757 1827 851 1865 yenit.
866 1825 1009 1856 Basileae
1026 1827 1116 1857 1546.
1133 1834 1204 1866 pag.
1224 1829 1293 1858 107.

382 1877 433 1909 Cf.
451 1877 618 1908 Praeterea
635 1876 812 1909 Meursium
828 1879 877 1909 De
898 1876 1020 1908 morib.
1040 1878 1075 1908 et
1102 1878 1163 1910 rit.
1181 1879 1273 1918 qent.
1295 1877 1351 1909 lib.
1367 1880 1392 1910 1.
1411 1887 1439 1910 c.
1463 1881 1493 1910 7.
1509 1878 1564 1910 ubi
1588 1879 1672 1911 inter
1698 1879 1762 1911 alia

287 1928 421 1961 scribit:
447 1942 461 1956 α
477 1930 629 1960 Ceterum
653 1929 750 1960 etiam
771 1928 915 1969 quinque
941 1928 1027 1960 faces
1041 1930 1133 1961 erant
1151 1930 1281 1970 propter
1295 1930 1390 1970 deos,
1405 1930 1462 1970 qui
1475 1930 1708 1965 invocabantur
1725 1931 1761 1963 ln

287 1980 427 2022 nuptiis,
444 1982 553 2012 Iovem
577 1980 743 2021 adultum,
762 1982 916 2013 Iunonem
931 1980 1092 2021 adultam,
1109 1983 1264 2014 Venerem
1279 1982 1430 2022 svedam‚
1458 1983 1613 2023 Dianam;
1630 1983 1762 2015 invoca·

288 2033 406 2065 bantur
423 2033 520 2065 etiam
536 2034 738 2073 Hymenaeus
755 2034 788 2065 et
805 2032 923 2065 ominis
937 2033 1038 2074 gratia
1054 2034 1210 2074 Thassus,
1229 2034 1286 2075 qui
1300 2035 1362 2067 fuit
1373 2035 1664 2076 praeclarissimus,
1682 2035 1760 2068 dum

287 2086 416 2118 Romuli
430 2086 590 2127 tempore,
609 2086 843 2126 pulchramque
863 2087 1020 2127 virginem
1039 2087 1176 2128 recepit,
1199 2088 1378 2120 Mercurius
1394 2097 1523 2129 quoque
1535 2097 1574 2121 ex
1589 2088 1760 2129 disciplina

288 2139 507 2179 aegyptiorum
531 2140 662 2179 propter
684 2138 861 2171 caduceum
872 2163 881 2179 ,
907 2148 947 2171 ex
967 2148 1033 2179 quo
1050 2140 1205 2172 dracones
1220 2139 1285 2171 duo
1300 2141 1391 2172 erant
1406 2149 1476 2172 mas
1489 2142 1522 2173 et
1536 2141 1707 2172 foemina.»

386 2191 452 2232 (14)
474 2191 613 2223 Numina
626 2191 745 2231 quibus
756 2191 909 2224 litabatur
926 2193 958 2224 et
974 2191 1072 2224 ritum
1087 2192 1235 2224 sacrificii
1250 2192 1403 2225 describit
1419 2192 1573 2234 Virgilius
1587 2192 1628 2226 de
1639 2192 1759 2234 nuptiis

286 2252 384 2284 agens
404 2242 543 2275 Aeneid.
557 2242 615 2274 lib.
631 2245 687 2275 IV.
699 2251 733 2274 v.
748 2248 798 2275 55.

498 2307 514 2322 «
541 2295 702 2336 Principio
715 2295 850 2328 delubra
863 2296 1004 2337 adeunt,
1019 2306 1195 2338 pacemque
1208 2306 1264 2339 per
1279 2306 1353 2330 aras

540 2348 738 2388 Exquirunt:
756 2350 900 2381 mactant
914 2350 1014 2382 lectas
1028 2349 1069 2382 de
1085 2359 1174 2382 more
1192 2349 1340 2383 bidentes

537 2399 721 2440 Frugiferae
734 2401 878 2440 caeteri,
895 2401 1088 2441 Phaeboque
1098 2426 1107 2441 ,
1122 2402 1271 2442 patrique
1288 2404 1410 2443 Lyae03

537 2452 652 2484 Iunoni
667 2453 741 2484 ante
756 2461 884 2493 omnes,
900 2452 954 2485 cui
968 2454 1076 2485 vincla
1094 2454 1211 2494 iugalia
1226 2463 1354 2487 curae.»

383 2505 447 2544 (15)
468 2505 602 2537 consuli
617 2506 751 2545 possunt
763 2505 846 2538 inter
859 2506 981 2539 ceteros
993 2508 1040 2538 Io.
1051 2507 1211 2539 Meursius
1221 2532 1231 2548 ,
1245 2510 1293 2539 Io.
1304 2507 1491 2539 Saubertius
1503 2508 1554 2539 De
1573 2506 1756 2547 sacrificiis

287 2558 444 2589 velerum
465 2567 505 2590 ex
526 2558 578 2590 ed.
593 2559 702 2591 Crenii
715 2559 818 2599 Lugd.
833 2560 982 2591 Batavor.
1002 2564 1093 2592 1699.
1107 2568 1178 2600 cap.
1195 2561 1254 2591 111.
1268 2560 1423 2601 Nieuport
1436 2561 1580 2592 Rituum
1595 2562 1656 2601 qui
1670 2560 1754 2592 olim

286 2608 382 2649 apud
399 2617 483 2641 rom.
500 2610 727 2644 obtinuerunt
740 2612 817 2643 sect.
829 2613 885 2644 VI.
897 2621 926 2644 c.
941 2614 995 2644 IV.
1009 2614 1059 2644 De
1072 2614 1172 2653 nupt.
1187 2620 1272 2644 rom.
1289 2612 1454 2645 cantelius
1471 2614 1520 2644 De
1538 2620 1685 2645 romana
1703 2621 1755 2645 re·

284 2659 383 2701 publ.
401 2661 581 2701 Appendix
600 2662 648 2695 ad
671 2671 745 2695 rem
761 2663 901 2695 civilem
915 2672 985 2704 cap.
1001 2664 1032 2695 11
1046 2672 1136 2704 seqq.
1151 2664 1263 2696 venet.
1279 2667 1367 2696 1787.
1382 2664 1519 2696 causalo
1533 2664 1664 2696 Adorno
1679 2665 1754 2705 Spa-

289 2711 384 2752 311010
401 2713 554 2745 Ricerche
565 2715 657 2747 sulle
666 2715 802 2749 diverse
812 2717 965 2749 mamere
977 2715 1015 2748 dt
1027 2717 1207 2749 contrarre
1220 2716 1248 2748 il
1258 2718 1478 2749 matrimonio
1492 2718 1550 2749 tra
1562 2716 1611 2758 qli
1623 2717 1755 2750 antichi

289 2766 434 2796 romani.
451 2767 543 2798 Rom.
565 2770 650 2799 1807.
