<?xml version="1.0" encoding="UTF-8"?>
<!DOCTYPE html PUBLIC "-//W3C//DTD XHTML 1.0 Transitional//EN"
    "http://www.w3.org/TR/xhtml1/DTD/xhtml1-transitional.dtd">
<html xmlns="http://www.w3.org/1999/xhtml" xml:lang="en" lang="en">
 <head>
  <title>
</title>
<meta http-equiv="Content-Type" content="text/html;charset=utf-8" />
  <meta name='ocr-system' content='tesseract 3.04.00' />
  <meta name='ocr-capabilities' content='ocr_page ocr_carea ocr_par ocr_line ocrx_word'/>
</head>
<body>
  <div class='ocr_page' id='page_1' title='image "a603380701perruoft_0022.png"; bbox 0 0 1918 3186; ppageno 0'>
   <div class='ocr_carea' id='block_1_1' title="bbox 371 201 1234 236">
    <p class='ocr_par' dir='ltr' id='par_1_1' title="bbox 371 201 1234 236">
     <span class='ocr_line' id='line_1_1' title="bbox 371 201 1234 236; baseline -0.006 0"><span class='ocrx_word' id='word_1_1' title='bbox 371 202 472 236; x_wconf 81' lang='lat' dir='ltr'>xvnl</span> <span class='ocrx_word' id='word_1_2' title='bbox 988 201 1218 235; x_wconf 68' lang='lat' dir='ltr'>mmmmm</span> <span class='ocrx_word' id='word_1_3' title='bbox 1227 225 1234 231; x_wconf 92' lang='lat'><strong>.</strong></span> 
     </span>
    </p>
   </div>
   <div class='ocr_carea' id='block_1_2' title="bbox 368 280 1846 1332">
    <p class='ocr_par' dir='ltr' id='par_1_2' title="bbox 369 280 1842 632">
     <span class='ocr_line' id='line_1_2' title="bbox 369 280 1839 344; baseline 0 -15"><span class='ocrx_word' id='word_1_4' title='bbox 369 283 646 330; x_wconf 77' lang='lat' dir='ltr'>recentiores</span> <span class='ocrx_word' id='word_1_5' title='bbox 679 282 924 344; x_wconf 83' lang='lat' dir='ltr'><strong>scriptores</strong></span> <span class='ocrx_word' id='word_1_6' title='bbox 958 280 1213 344; x_wconf 86' lang='lat' dir='ltr'>disputata,</span> <span class='ocrx_word' id='word_1_7' title='bbox 1249 296 1370 344; x_wconf 91' lang='lat' dir='ltr'>quae</span> <span class='ocrx_word' id='word_1_8' title='bbox 1399 296 1554 343; x_wconf 89' lang='lat' dir='ltr'>sparsa</span> <span class='ocrx_word' id='word_1_9' title='bbox 1589 289 1635 326; x_wconf 91' lang='lat' dir='ltr'>et</span> <span class='ocrx_word' id='word_1_10' title='bbox 1669 281 1839 329; x_wconf 80' lang='lat' dir='ltr'>diffusa</span> 
     </span>
     <span class='ocr_line' id='line_1_3' title="bbox 370 357 1840 412; baseline -0.001 -7"><span class='ocrx_word' id='word_1_11' title='bbox 370 359 605 412; x_wconf 89' lang='lat' dir='ltr'>iacerent,</span> <span class='ocrx_word' id='word_1_12' title='bbox 644 357 835 405; x_wconf 88' lang='lat' dir='ltr'>collecta</span> <span class='ocrx_word' id='word_1_13' title='bbox 875 372 988 403; x_wconf 88' lang='lat' dir='ltr'>vero</span> <span class='ocrx_word' id='word_1_14' title='bbox 1022 357 1080 404; x_wconf 89' lang='lat' dir='ltr'>ad</span> <span class='ocrx_word' id='word_1_15' title='bbox 1114 357 1233 404; x_wconf 90' lang='lat' dir='ltr'>hanc</span> <span class='ocrx_word' id='word_1_16' title='bbox 1269 372 1452 404; x_wconf 89' lang='lat' dir='ltr'>causam</span> <span class='ocrx_word' id='word_1_17' title='bbox 1486 358 1684 404; x_wconf 84' lang='lat' dir='ltr'>maxime</span> <span class='ocrx_word' id='word_1_18' title='bbox 1719 357 1840 405; x_wconf 87' lang='lat' dir='ltr'>face-</span> 
     </span>
     <span class='ocr_line' id='line_1_4' title="bbox 372 432 1840 492; baseline -0.001 -11"><span class='ocrx_word' id='word_1_19' title='bbox 372 443 497 492; x_wconf 89' lang='lat' dir='ltr'>rent;</span> <span class='ocrx_word' id='word_1_20' title='bbox 528 442 573 481; x_wconf 89' lang='lat' dir='ltr'>et</span> <span class='ocrx_word' id='word_1_21' title='bbox 606 449 684 480; x_wconf 90' lang='lat' dir='ltr'>eos</span> <span class='ocrx_word' id='word_1_22' title='bbox 716 433 842 480; x_wconf 84' lang='lat' dir='ltr'>viros</span> <span class='ocrx_word' id='word_1_23' title='bbox 872 432 1028 480; x_wconf 89' lang='lat' dir='ltr'>debita</span> <span class='ocrx_word' id='word_1_24' title='bbox 1061 434 1328 481; x_wconf 75' lang='lat' dir='ltr'><strong>laudatione</strong></span> <span class='ocrx_word' id='word_1_25' title='bbox 1358 433 1666 488; x_wconf 82' lang='lat' dir='ltr'>celebrarem,</span> <span class='ocrx_word' id='word_1_26' title='bbox 1698 442 1750 479; x_wconf 90' lang='lat' dir='ltr'>ut</span> <span class='ocrx_word' id='word_1_27' title='bbox 1773 433 1840 480; x_wconf 85' lang='lat' dir='ltr'>fa-</span> 
     </span>
     <span class='ocr_line' id='line_1_5' title="bbox 370 507 1842 573; baseline -0.001 -16"><span class='ocrx_word' id='word_1_28' title='bbox 370 511 487 557; x_wconf 88' lang='lat' dir='ltr'>ciam</span> <span class='ocrx_word' id='word_1_29' title='bbox 505 544 516 564; x_wconf 95' lang='lat'>,</span> <span class='ocrx_word' id='word_1_30' title='bbox 546 511 627 572; x_wconf 89' lang='lat' dir='ltr'>qui</span> <span class='ocrx_word' id='word_1_31' title='bbox 657 518 752 556; x_wconf 90' lang='lat' dir='ltr'>tam</span> <span class='ocrx_word' id='word_1_32' title='bbox 775 507 895 556; x_wconf 89' lang='lat' dir='ltr'>bene</span> <span class='ocrx_word' id='word_1_33' title='bbox 919 509 979 556; x_wconf 92' lang='lat' dir='ltr'>de</span> <span class='ocrx_word' id='word_1_34' title='bbox 1006 525 1057 556; x_wconf 83' lang='lat' dir='ltr'>re</span> <span class='ocrx_word' id='word_1_35' title='bbox 1092 510 1316 557; x_wconf 85' lang='lat' dir='ltr'>catholica</span> <span class='ocrx_word' id='word_1_36' title='bbox 1353 526 1441 573; x_wconf 92' lang='lat' dir='ltr'>pro</span> <span class='ocrx_word' id='word_1_37' title='bbox 1475 510 1646 556; x_wconf 88' lang='lat' dir='ltr'>tuenda</span> <span class='ocrx_word' id='word_1_38' title='bbox 1680 511 1842 555; x_wconf 89' lang='lat' dir='ltr'>matri-</span> 
     </span>
     <span class='ocr_line' id='line_1_6' title="bbox 371 585 1076 632; baseline 0 0"><span class='ocrx_word' id='word_1_39' title='bbox 371 586 514 632; x_wconf 88' lang='lat' dir='ltr'>monii</span> <span class='ocrx_word' id='word_1_40' title='bbox 545 585 756 632; x_wconf 90' lang='lat' dir='ltr'>doctrina</span> <span class='ocrx_word' id='word_1_41' title='bbox 790 594 1076 632; x_wconf 88' lang='lat' dir='ltr'>meruerunt.</span> 
     </span>
    </p>

    <p class='ocr_par' dir='ltr' id='par_1_3' title="bbox 368 659 1846 1332">
     <span class='ocr_line' id='line_1_7' title="bbox 466 659 1838 716; baseline 0 -9"><span class='ocrx_word' id='word_1_42' title='bbox 466 662 554 716; x_wconf 86' lang='lat' dir='ltr'>Qui</span> <span class='ocrx_word' id='word_1_43' title='bbox 583 676 695 708; x_wconf 84' lang='lat' dir='ltr'>vero</span> <span class='ocrx_word' id='word_1_44' title='bbox 725 659 959 708; x_wconf 89' lang='lat' dir='ltr'>bonorum</span> <span class='ocrx_word' id='word_1_45' title='bbox 990 663 1200 708; x_wconf 91' lang='lat' dir='ltr'>omnium</span> <span class='ocrx_word' id='word_1_46' title='bbox 1223 661 1327 708; x_wconf 91' lang='lat' dir='ltr'>fons</span> <span class='ocrx_word' id='word_1_47' title='bbox 1351 671 1419 709; x_wconf 86' lang='lat' dir='ltr'>est</span> <span class='ocrx_word' id='word_1_48' title='bbox 1442 670 1488 708; x_wconf 91' lang='lat' dir='ltr'>et</span> <span class='ocrx_word' id='word_1_49' title='bbox 1512 670 1674 708; x_wconf 82' lang='lat' dir='ltr'>auctor</span> <span class='ocrx_word' id='word_1_50' title='bbox 1693 662 1838 713; x_wconf 83' lang='lat' dir='ltr'>Deus,</span> 
     </span>
     <span class='ocr_line' id='line_1_8' title="bbox 370 735 1839 800; baseline 0.001 -17"><span class='ocrx_word' id='word_1_51' title='bbox 370 751 458 799; x_wconf 89' lang='lat' dir='ltr'>pro</span> <span class='ocrx_word' id='word_1_52' title='bbox 475 751 557 783; x_wconf 88' lang='lat' dir='ltr'>sua</span> <span class='ocrx_word' id='word_1_53' title='bbox 574 736 622 782; x_wconf 90' lang='lat' dir='ltr'>in</span> <span class='ocrx_word' id='word_1_54' title='bbox 640 751 727 783; x_wconf 90' lang='lat' dir='ltr'>nos</span> <span class='ocrx_word' id='word_1_55' title='bbox 743 735 1026 799; x_wconf 80' lang='lat' dir='ltr'>benignitate</span> <span class='ocrx_word' id='word_1_56' title='bbox 1050 736 1390 799; x_wconf 86' lang='lat' dir='ltr'>qualecumque</span> <span class='ocrx_word' id='word_1_57' title='bbox 1407 737 1498 784; x_wconf 92' lang='lat' dir='ltr'>hoc</span> <span class='ocrx_word' id='word_1_58' title='bbox 1514 752 1633 800; x_wconf 89' lang='lat' dir='ltr'>opus</span> <span class='ocrx_word' id='word_1_59' title='bbox 1655 751 1812 783; x_wconf 91' lang='lat' dir='ltr'>meum</span> <span class='ocrx_word' id='word_1_60' title='bbox 1827 771 1839 789; x_wconf 92' lang='lat'>,</span> 
     </span>
     <span class='ocr_line' id='line_1_9' title="bbox 369 811 1844 875; baseline 0 -16"><span class='ocrx_word' id='word_1_61' title='bbox 369 811 500 875; x_wconf 89' lang='lat' dir='ltr'>quod</span> <span class='ocrx_word' id='word_1_62' title='bbox 517 813 601 859; x_wconf 90' lang='lat' dir='ltr'>etsi</span> <span class='ocrx_word' id='word_1_63' title='bbox 621 813 778 860; x_wconf 90' lang='lat' dir='ltr'>multis</span> <span class='ocrx_word' id='word_1_64' title='bbox 796 811 1042 859; x_wconf 89' lang='lat' dir='ltr'>distractus</span> <span class='ocrx_word' id='word_1_65' title='bbox 1063 814 1210 866; x_wconf 71' lang='lat' dir='ltr'>curiS,</span> <span class='ocrx_word' id='word_1_66' title='bbox 1238 812 1296 859; x_wconf 88' lang='lat' dir='ltr'>ad</span> <span class='ocrx_word' id='word_1_67' title='bbox 1330 814 1429 860; x_wconf 88' lang='lat' dir='ltr'>eius</span> <span class='ocrx_word' id='word_1_68' title='bbox 1457 813 1648 867; x_wconf 92' lang='lat' dir='ltr'>laudem</span> <span class='ocrx_word' id='word_1_69' title='bbox 1671 821 1718 859; x_wconf 88' lang='lat' dir='ltr'>et</span> <span class='ocrx_word' id='word_1_70' title='bbox 1741 812 1844 874; x_wconf 86' lang='lat' dir='ltr'>glo-</span> 
     </span>
     <span class='ocr_line' id='line_1_10' title="bbox 370 887 1842 952; baseline -0.001 -17"><span class='ocrx_word' id='word_1_71' title='bbox 370 889 487 935; x_wconf 82' lang='lat' dir='ltr'>riam</span> <span class='ocrx_word' id='word_1_72' title='bbox 503 923 515 943; x_wconf 91' lang='lat'>,</span> <span class='ocrx_word' id='word_1_73' title='bbox 543 897 684 951; x_wconf 73' lang='lat' dir='ltr'>atque</span> <span class='ocrx_word' id='word_1_74' title='bbox 718 888 933 936; x_wconf 78' lang='lat' dir='ltr'>ecclesiae</span> <span class='ocrx_word' id='word_1_75' title='bbox 965 904 1072 936; x_wconf 87' lang='lat' dir='ltr'>suae</span> <span class='ocrx_word' id='word_1_76' title='bbox 1101 904 1235 936; x_wconf 87' lang='lat' dir='ltr'>causa</span> <span class='ocrx_word' id='word_1_77' title='bbox 1271 891 1473 952; x_wconf 88' lang='lat' dir='ltr'>suscepi,</span> <span class='ocrx_word' id='word_1_78' title='bbox 1511 891 1630 936; x_wconf 87' lang='lat' dir='ltr'>tueri</span> <span class='ocrx_word' id='word_1_79' title='bbox 1662 887 1774 936; x_wconf 85' lang='lat' dir='ltr'>velit</span> <span class='ocrx_word' id='word_1_80' title='bbox 1796 895 1842 934; x_wconf 89' lang='lat' dir='ltr'>et</span> 
     </span>
     <span class='ocr_line' id='line_1_11' title="bbox 371 963 1843 1027; baseline -0.002 -15"><span class='ocrx_word' id='word_1_81' title='bbox 371 980 668 1027; x_wconf 87' lang='lat' dir='ltr'>promovere:</span> <span class='ocrx_word' id='word_1_82' title='bbox 705 973 756 1012; x_wconf 89' lang='lat' dir='ltr'>ut</span> <span class='ocrx_word' id='word_1_83' title='bbox 779 1000 791 1019; x_wconf 90' lang='lat'>,</span> <span class='ocrx_word' id='word_1_84' title='bbox 829 965 1225 1027; x_wconf 84' lang='lat' dir='ltr'>quemadmodum</span> <span class='ocrx_word' id='word_1_85' title='bbox 1257 965 1420 1020; x_wconf 87' lang='lat' dir='ltr'>volui,</span> <span class='ocrx_word' id='word_1_86' title='bbox 1458 966 1738 1012; x_wconf 86' lang='lat' dir='ltr'>sanctissima</span> <span class='ocrx_word' id='word_1_87' title='bbox 1761 963 1843 1010; x_wconf 89' lang='lat' dir='ltr'>illa</span> 
     </span>
     <span class='ocr_line' id='line_1_12' title="bbox 371 1038 1845 1104; baseline -0.002 -16"><span class='ocrx_word' id='word_1_88' title='bbox 371 1041 660 1095; x_wconf 88' lang='lat' dir='ltr'>coniunctio,</span> <span class='ocrx_word' id='word_1_89' title='bbox 686 1056 826 1104; x_wconf 88' lang='lat' dir='ltr'>quam</span> <span class='ocrx_word' id='word_1_90' title='bbox 842 1042 940 1104; x_wconf 89' lang='lat' dir='ltr'>ipse</span> <span class='ocrx_word' id='word_1_91' title='bbox 956 1043 1003 1088; x_wconf 91' lang='lat' dir='ltr'>in</span> <span class='ocrx_word' id='word_1_92' title='bbox 1024 1042 1159 1088; x_wconf 89' lang='lat' dir='ltr'>terris</span> <span class='ocrx_word' id='word_1_93' title='bbox 1177 1043 1414 1089; x_wconf 89' lang='lat' dir='ltr'>constituit</span> <span class='ocrx_word' id='word_1_94' title='bbox 1428 1077 1439 1095; x_wconf 89' lang='lat'>,</span> <span class='ocrx_word' id='word_1_95' title='bbox 1459 1050 1511 1089; x_wconf 89' lang='lat' dir='ltr'>ut</span> <span class='ocrx_word' id='word_1_96' title='bbox 1533 1057 1590 1089; x_wconf 83' lang='lat' dir='ltr'>ex</span> <span class='ocrx_word' id='word_1_97' title='bbox 1613 1055 1667 1087; x_wconf 90' lang='lat' dir='ltr'>ea</span> <span class='ocrx_word' id='word_1_98' title='bbox 1692 1038 1845 1086; x_wconf 89' lang='lat' dir='ltr'>homi-</span> 
     </span>
     <span class='ocr_line' id='line_1_13' title="bbox 372 1115 1845 1181; baseline 0 -19"><span class='ocrx_word' id='word_1_99' title='bbox 372 1131 454 1163; x_wconf 81' lang='lat' dir='ltr'>nes</span> <span class='ocrx_word' id='word_1_100' title='bbox 475 1117 534 1164; x_wconf 87' lang='lat' dir='ltr'>ad</span> <span class='ocrx_word' id='word_1_101' title='bbox 556 1126 789 1164; x_wconf 83' lang='lat' dir='ltr'>aeternam</span> <span class='ocrx_word' id='word_1_102' title='bbox 817 1115 1080 1164; x_wconf 86' lang='lat' dir='ltr'>beatitatem</span> <span class='ocrx_word' id='word_1_103' title='bbox 1109 1126 1484 1181; x_wconf 86' lang='lat' dir='ltr'>procrearentur,</span> <span class='ocrx_word' id='word_1_104' title='bbox 1506 1117 1566 1164; x_wconf 92' lang='lat' dir='ltr'>ab</span> <span class='ocrx_word' id='word_1_105' title='bbox 1592 1117 1845 1180; x_wconf 90' lang='lat' dir='ltr'>impiorum</span> 
     </span>
     <span class='ocr_line' id='line_1_14' title="bbox 372 1191 1846 1256; baseline -0.003 -14"><span class='ocrx_word' id='word_1_106' title='bbox 372 1191 612 1242; x_wconf 84' lang='lat' dir='ltr'>conatibus</span> <span class='ocrx_word' id='word_1_107' title='bbox 636 1192 867 1241; x_wconf 87' lang='lat' dir='ltr'>vindicata</span> <span class='ocrx_word' id='word_1_108' title='bbox 889 1194 938 1240; x_wconf 90' lang='lat' dir='ltr'>in</span> <span class='ocrx_word' id='word_1_109' title='bbox 962 1195 1201 1256; x_wconf 86' lang='lat' dir='ltr'>pristinam</span> <span class='ocrx_word' id='word_1_110' title='bbox 1220 1195 1529 1255; x_wconf 86' lang='lat' dir='ltr'>integritatem</span> <span class='ocrx_word' id='word_1_111' title='bbox 1558 1193 1846 1255; x_wconf 82' lang='lat' dir='ltr'>dignitatem-</span> 
     </span>
     <span class='ocr_line' id='line_1_15' title="bbox 368 1269 1093 1332; baseline 0.001 -17"><span class='ocrx_word' id='word_1_112' title='bbox 368 1283 461 1330; x_wconf 87' lang='lat' dir='ltr'>que</span> <span class='ocrx_word' id='word_1_113' title='bbox 485 1269 607 1332; x_wconf 87' lang='lat' dir='ltr'>apud</span> <span class='ocrx_word' id='word_1_114' title='bbox 639 1284 799 1318; x_wconf 89' lang='lat' dir='ltr'>omnes</span> <span class='ocrx_word' id='word_1_115' title='bbox 833 1279 1093 1318; x_wconf 81' lang='lat' dir='ltr'>revocetur.</span> 
     </span>
    </p>
   </div>
  </div>
 </body>
</html>
