1918 3186
278 181 367 226 186
519 192 944 227 Lm.1.sr:c1*.1.nn
967 191 1139 224 mamm.
1161 192 1443 225 SACRAuENTo

267 273 409 330 duxit,
447 271 663 320 adiiciens
703 289 725 315 ε(
756 279 1080 339 sacramentum
1115 287 1202 317 non
1231 287 1332 318 esse
1366 272 1453 319 nisi
1488 273 1595 338 quid
1635 291 1738 323 con-

267 348 423 396 tractui
457 345 783 402 accessorium,
822 344 878 393 ab
912 361 1054 410 eoque
1086 333 1336 411 separabile
1358 348 1474 410 (11).
1486 367 1508 393 »
1527 348 1650 404 Quae
1673 360 1739 398 ta-

268 441 369 472 men
402 422 602 470 doctrina
624 421 743 487 falsa
764 420 988 470 declarata
1010 432 1077 469 est
1101 439 1127 468 a
1150 439 1324 470 summo
1342 423 1578 481 Pontifice,
1604 435 1737 491 atque

266 509 315 552 ut
348 499 448 548 talis
484 498 708 546 damnata.

360 575 547 623 Demum
581 592 681 623 cum
715 574 902 623 ecclesia
942 592 1184 640 numquam
1230 577 1448 640 coegerit,
1487 588 1563 625 aut
1606 588 1735 642 cogat

267 652 324 700 ad
364 669 464 700 sese
496 651 705 717 deinceps
740 651 895 699 saltem
931 651 1294 700 communiendos
1327 652 1634 702 benedictione
1666 671 1738 701 sa-

266 726 476 775 cerdotali
505 744 604 784 eos,
634 727 711 792 qui
741 743 1019 792 quacumque
1037 743 1090 774 ex
1107 743 1243 775 causa
1259 727 1410 776 illicite
1428 729 1737 777 contrahentes

266 820 364 853 eam
387 820 475 851 non
499 802 763 868 receperint,
786 819 853 849 ex.
882 819 948 865 gr.
973 818 1071 858 e03,
1105 802 1200 867 qui,
1233 803 1426 868 parocho
1460 803 1702 853 reluctante
1720 842 1730 860 ,

265 889 342 928 aut
356 879 434 927 ubi
454 878 706 943 indulgetur
723 879 779 925 ad
798 877 991 925 valorem
1010 878 1262 943 nuptiarum
1279 879 1327 925 in
1345 880 1567 943 coniugiis
1587 880 1738 928 mixtis

264 972 411 1004 coram
434 955 636 1004 ministro
662 953 906 1002 acatholico
921 992 932 1010 ,
959 964 1295 1011 contraxerunt,
1318 954 1562 1005 luculenter
1584 966 1734 1004 osten-

265 1031 352 1090 dit,
390 1048 440 1079 se
473 1032 690 1079 invectam
725 1030 841 1077 hanc
873 1029 1202 1078 distinctionem
1243 1031 1357 1078 inter
1389 1042 1659 1079 contractum
1694 1042 1738 1080 et

266 1118 591 1157 sacramentum
621 1107 751 1172 plane
775 1125 863 1155 non
886 1123 1141 1171 agnoscere.
1170 1107 1264 1155 Hac
1287 1108 1405 1155 enim
1430 1108 1475 1154 in
1498 1107 1737 1174 hypothesi

267 1184 390 1232 iuxta
418 1183 697 1232 adversarios
730 1183 947 1232 nubentes
971 1200 1059 1232 non
1086 1184 1356 1250 recepissent
1383 1194 1732 1241 sacramentum,

265 1259 467 1325 adeoque
498 1259 583 1308 etsi
616 1276 693 1307 eos
727 1258 919 1323 coniugii
955 1259 1016 1307 ita
1047 1259 1200 1307 illicite
1229 1260 1344 1308 inter
1374 1277 1423 1308 se
1451 1260 1550 1308 initi
1579 1260 1734 1327 poeni-

265 1345 407 1392 teret,
445 1334 655 1382 deberent
689 1346 835 1383 tamen
869 1335 915 1381 in
948 1346 1209 1400 perpetuum
1244 1336 1387 1399 gratia
1427 1335 1736 1386 sacramentali

265 1412 380 1477 ipsis
413 1411 525 1460 adeo
559 1412 811 1460 necessaria
853 1428 1029 1468 carere;
1075 1412 1195 1477 quod
1240 1412 1422 1477 quidem
1455 1412 1739 1477 pientissima

265 1500 405 1537 mater
426 1489 616 1537 ecclesia
638 1506 878 1554 numquam
902 1489 949 1534 in
972 1487 1079 1535 filiis
1106 1489 1202 1536 suis
1227 1500 1462 1554 pateretur.
1481 1489 1526 1535 Si
1550 1488 1737 1554 proinde

266 1566 457 1614 ecclesia
490 1565 557 1613 eis
590 1565 779 1628 denegat
805 1563 1177 1621 benedictionem,
1205 1582 1287 1612 nec
1314 1582 1390 1613 eos
1419 1565 1538 1628 cogit
1560 1565 1617 1612 ad
1641 1582 1738 1612 eam
1802 1563 1806 1566 ’

266 1642 355 1690 sibi
382 1642 750 1708 comparandam,
790 1641 891 1689 ideo
924 1651 1015 1698 est,
1053 1641 1173 1706 quod
1207 1642 1307 1707 ipsa
1340 1658 1419 1706 pro
1453 1651 1570 1689 certo
1604 1641 1739 1688 hahet

267 1719 333 1770 sic
366 1719 674 1767 contrahentes
707 1735 831 1775 vere,
866 1717 968 1765 licet
996 1717 1199 1782 indigne,
1232 1728 1556 1766 sacramentum
1586 1735 1738 1765 susce-

267 1795 417 1860 pisse,
456 1794 629 1842 sublato
663 1805 809 1842 autem
843 1794 985 1852 obice,
1024 1812 1112 1860 quo
1146 1795 1350 1860 impediti
1373 1805 1476 1843 sunt
1498 1794 1738 1860 quominus

266 1870 454 1918 fructum
489 1887 570 1918 seu
602 1870 806 1917 effectum
840 1870 1105 1918 sacramenti
1135 1871 1434 1936 susciperent,
1469 1887 1627 1935 nempe
1648 1868 1739 1917 vim

268 1946 562 2004 sacramenti,
601 1963 716 2011 quae
749 1946 996 2003 reviviscit,
1035 1958 1310 1995 sacramento
1342 1947 1503 2010 iugiter
1535 1963 1739 2011 perseve-

267 2033 390 2071 rante
407 2061 417 2080 ,
455 2033 584 2089 prout
617 2023 819 2088 exposuit
845 2022 1154 2071 Bellarminus.

361 2100 500 2164 Igitur
531 2109 728 2164 spectata
750 2099 813 2146 rei
837 2110 1012 2156 natura,
1041 2100 1323 2165 antiquitatis
1353 2117 1490 2148 sensu
1513 2100 1732 2165 inspecto,

266 2176 569 2241 ecclesiaeque
601 2175 820 2223 sentiendi
849 2187 893 2224 et
919 2177 1079 2241 agendi
1111 2177 1280 2224 ratione
1307 2194 1526 2242 expensa,
1559 2175 1737 2223 conclu-

265 2253 423 2301 damus
455 2269 638 2300 necesse
669 2263 762 2309 est,
802 2253 847 2299 in
881 2253 1101 2317 coniugiis
1135 2253 1476 2301 christianorum
1505 2252 1733 2317 insepara-

267 2329 402 2376 bilem
426 2329 558 2394 plane
585 2346 685 2376 esse
714 2329 927 2378 rationem
956 2340 1204 2377 contractus
1222 2340 1265 2377 et
1282 2327 1570 2383 sacramenti;
1604 2337 1737 2391 atque

267 2406 433 2454 idcirco
450 2415 716 2453 evanescant
733 2415 904 2469 oportet
926 2417 1084 2453 cuncta
1100 2405 1297 2467 exitialia
1315 2402 1604 2460 consectaria,
1621 2419 1736 2467 quae

268 2483 397 2530 unice
430 2482 536 2530 huic
570 2480 888 2547 separabilitati
924 2492 968 2530 et
1000 2474 1273 2530 distinctioni
1309 2481 1578 2536 innituntur,
1611 2490 1655 2526 et
1682 2496 1734 2526 ex

268 2575 320 2605 ea
348 2558 586 2622 profluunt.

363 2633 523 2682 Contra
553 2651 658 2683 vero
691 2652 744 2682 ex
777 2634 1001 2683 vindicata
1035 2633 1235 2681 doctrina
1265 2632 1349 2680 hac
1378 2631 1434 2679 de
1463 2629 1737 2696 inseparabi-

267 2709 417 2766 litate,
446 2728 632 2774 pronum
660 2722 728 2759 est
751 2711 1030 2759 corollarium
1055 2710 1237 2766 inferre,
1265 2709 1382 2774 quod
1408 2708 1453 2755 in
1478 2708 1577 2773 ipsa
1603 2707 1735 2755 huius

365 2809 430 2850 (ιι)
451 2810 500 2842 Cf.
525 2812 711 2844 Damnatio
732 2811 765 2844 et
779 2810 969 2853 prohibitio
985 2811 1044 2844 etc.
1061 2811 1116 2842 cit.
