<?xml version="1.0" encoding="UTF-8"?>
<!DOCTYPE html PUBLIC "-//W3C//DTD XHTML 1.0 Transitional//EN"
    "http://www.w3.org/TR/xhtml1/DTD/xhtml1-transitional.dtd">
<html xmlns="http://www.w3.org/1999/xhtml" xml:lang="en" lang="en">
 <head>
  <title>
</title>
<meta http-equiv="Content-Type" content="text/html;charset=utf-8" />
  <meta name='ocr-system' content='tesseract 3.04.00' />
  <meta name='ocr-capabilities' content='ocr_page ocr_carea ocr_par ocr_line ocrx_word'/>
</head>
<body>
  <div class='ocr_page' id='page_1' title='image "a603380701perruoft_0187.png"; bbox 0 0 1918 3186; ppageno 0'>
   <div class='ocr_carea' id='block_1_1' title="bbox 258 221 1620 268">
    <p class='ocr_par' dir='ltr' id='par_1_1' title="bbox 258 221 1620 268">
     <span class='ocr_line' id='line_1_1' title="bbox 258 221 1620 268; baseline 0 -3"><span class='ocrx_word' id='word_1_1' title='bbox 258 235 348 266; x_wconf 73' lang='lat' dir='ltr'>mr.</span> <span class='ocrx_word' id='word_1_2' title='bbox 368 235 409 265; x_wconf 90' lang='lat' dir='ltr'>v.</span> <span class='ocrx_word' id='word_1_3' title='bbox 435 235 488 266; x_wconf 76' lang='lat' dir='ltr'>m:</span> <span class='ocrx_word' id='word_1_4' title='bbox 513 234 669 267; x_wconf 76' lang='lat' dir='ltr'>mmsr.</span> <span class='ocrx_word' id='word_1_5' title='bbox 693 234 898 267; x_wconf 70' lang='lat' dir='ltr'>com-mn.</span> <span class='ocrx_word' id='word_1_6' title='bbox 925 236 1016 266; x_wconf 67' lang='lat' dir='ltr'>Aur.</span> <span class='ocrx_word' id='word_1_7' title='bbox 1042 235 1102 267; x_wconf 88' lang='lat'>111.</span> <span class='ocrx_word' id='word_1_8' title='bbox 1126 234 1282 268; x_wconf 69' lang='lat' dir='ltr'>Ancum.</span> <span class='ocrx_word' id='word_1_9' title='bbox 1306 235 1455 267; x_wconf 66' lang='lat' dir='ltr'>razon.</span> <span class='ocrx_word' id='word_1_10' title='bbox 1531 221 1620 266; x_wconf 79' lang='lat'>165</span> 
     </span>
    </p>
   </div>
   <div class='ocr_carea' id='block_1_2' title="bbox 137 311 1633 2432">
    <p class='ocr_par' dir='ltr' id='par_1_2' title="bbox 137 311 1632 1517">
     <span class='ocr_line' id='line_1_2' title="bbox 140 311 1624 379; baseline 0 -19"><span class='ocrx_word' id='word_1_11' title='bbox 140 313 366 377; x_wconf 75' lang='lat' dir='ltr'>parocho,</span> <span class='ocrx_word' id='word_1_12' title='bbox 405 314 480 378; x_wconf 91' lang='lat' dir='ltr'>qui</span> <span class='ocrx_word' id='word_1_13' title='bbox 517 313 665 360; x_wconf 92' lang='lat' dir='ltr'>adhuc</span> <span class='ocrx_word' id='word_1_14' title='bbox 697 313 913 360; x_wconf 88' lang='lat' dir='ltr'>diaconus</span> <span class='ocrx_word' id='word_1_15' title='bbox 935 311 1043 371; x_wconf 71' lang='lat' dir='ltr'>⁴est;</span> <span class='ocrx_word' id='word_1_16' title='bbox 1081 332 1134 361; x_wconf 86' lang='lat' dir='ltr'>ex</span> <span class='ocrx_word' id='word_1_17' title='bbox 1169 314 1469 379; x_wconf 78' lang='lat' dir='ltr'>dispositione</span> <span class='ocrx_word' id='word_1_18' title='bbox 1508 315 1624 361; x_wconf 90' lang='lat' dir='ltr'>enim</span> 
     </span>
     <span class='ocr_line' id='line_1_3' title="bbox 145 387 1628 456; baseline 0.001 -21"><span class='ocrx_word' id='word_1_19' title='bbox 145 387 384 446; x_wconf 78' lang='lat' dir='ltr'>canenica,</span> <span class='ocrx_word' id='word_1_20' title='bbox 423 389 638 436; x_wconf 89' lang='lat' dir='ltr'>diaconus</span> <span class='ocrx_word' id='word_1_21' title='bbox 673 399 817 454; x_wconf 86' lang='lat' dir='ltr'>potest</span> <span class='ocrx_word' id='word_1_22' title='bbox 842 406 920 454; x_wconf 86' lang='lat' dir='ltr'>per</span> <span class='ocrx_word' id='word_1_23' title='bbox 946 389 1120 436; x_wconf 88' lang='lat' dir='ltr'>annum</span> <span class='ocrx_word' id='word_1_24' title='bbox 1137 390 1628 456; x_wconf 86' lang='lat' dir='ltr'>administrareparoe-</span> 
     </span>
     <span class='ocr_line' id='line_1_4' title="bbox 142 466 1629 531; baseline 0.001 -20"><span class='ocrx_word' id='word_1_25' title='bbox 142 466 259 512; x_wconf 89' lang='lat' dir='ltr'>ciam</span> <span class='ocrx_word' id='word_1_26' title='bbox 294 476 531 531; x_wconf 83' lang='lat' dir='ltr'><strong>antequam</strong></span> <span class='ocrx_word' id='word_1_27' title='bbox 566 467 623 513; x_wconf 92' lang='lat' dir='ltr'>ad</span> <span class='ocrx_word' id='word_1_28' title='bbox 659 466 956 513; x_wconf 82' lang='lat' dir='ltr'>sacerdotium</span> <span class='ocrx_word' id='word_1_29' title='bbox 991 467 1238 530; x_wconf 84' lang='lat' dir='ltr'>perveniat.</span> <span class='ocrx_word' id='word_1_30' title='bbox 1278 467 1376 523; x_wconf 85' lang='lat' dir='ltr'>Quo</span> <span class='ocrx_word' id='word_1_31' title='bbox 1418 467 1629 531; x_wconf 90' lang='lat' dir='ltr'>temporis</span> 
     </span>
     <span class='ocr_line' id='line_1_5' title="bbox 147 541 1630 606; baseline 0.001 -20"><span class='ocrx_word' id='word_1_32' title='bbox 147 541 403 597; x_wconf 86' lang='lat' dir='ltr'>intervallo,</span> <span class='ocrx_word' id='word_1_33' title='bbox 442 542 525 588; x_wconf 90' lang='lat' dir='ltr'>etsi</span> <span class='ocrx_word' id='word_1_34' title='bbox 561 553 742 606; x_wconf 86' lang='lat' dir='ltr'>excepto</span> <span class='ocrx_word' id='word_1_35' title='bbox 777 541 1044 606; x_wconf 87' lang='lat' dir='ltr'>baptismate</span> <span class='ocrx_word' id='word_1_36' title='bbox 1075 541 1120 589; x_wconf 85' lang='lat' dir='ltr'>et</span> <span class='ocrx_word' id='word_1_37' title='bbox 1151 542 1450 590; x_wconf 83' lang='lat' dir='ltr'>eucharistiae</span> <span class='ocrx_word' id='word_1_38' title='bbox 1482 542 1630 590; x_wconf 86' lang='lat' dir='ltr'>distri-</span> 
     </span>
     <span class='ocr_line' id='line_1_6' title="bbox 145 616 1629 683; baseline 0.002 -20"><span class='ocrx_word' id='word_1_39' title='bbox 145 616 326 664; x_wconf 85' lang='lat' dir='ltr'>butione</span> <span class='ocrx_word' id='word_1_40' title='bbox 343 655 353 673; x_wconf 94' lang='lat'>,</span> <span class='ocrx_word' id='word_1_41' title='bbox 380 628 659 664; x_wconf 88' lang='lat' dir='ltr'>sacramenta</span> <span class='ocrx_word' id='word_1_42' title='bbox 693 617 865 682; x_wconf 89' lang='lat' dir='ltr'>reliqua</span> <span class='ocrx_word' id='word_1_43' title='bbox 898 618 1116 677; x_wconf 84' lang='lat' dir='ltr'>conficere</span> <span class='ocrx_word' id='word_1_44' title='bbox 1151 630 1368 683; x_wconf 82' lang='lat' dir='ltr'>nequeat,</span> <span class='ocrx_word' id='word_1_45' title='bbox 1397 628 1541 683; x_wconf 89' lang='lat' dir='ltr'>potest</span> <span class='ocrx_word' id='word_1_46' title='bbox 1565 629 1629 666; x_wconf 87' lang='lat' dir='ltr'>ta-</span> 
     </span>
     <span class='ocr_line' id='line_1_7' title="bbox 144 693 1630 758; baseline 0.003 -19"><span class='ocrx_word' id='word_1_47' title='bbox 144 709 246 739; x_wconf 88' lang='lat' dir='ltr'>men</span> <span class='ocrx_word' id='word_1_48' title='bbox 280 693 491 740; x_wconf 84' lang='lat' dir='ltr'>assistere</span> <span class='ocrx_word' id='word_1_49' title='bbox 519 693 839 751; x_wconf 88' lang='lat' dir='ltr'>matrimoniis,</span> <span class='ocrx_word' id='word_1_50' title='bbox 868 711 1009 758; x_wconf 90' lang='lat' dir='ltr'>eaque</span> <span class='ocrx_word' id='word_1_51' title='bbox 1032 694 1315 758; x_wconf 77' lang='lat' dir='ltr'>coniungere.</span> <span class='ocrx_word' id='word_1_52' title='bbox 1341 695 1475 743; x_wconf 76' lang='lat' dir='ltr'>Por&#39;r&#39;o</span> <span class='ocrx_word' id='word_1_53' title='bbox 1499 712 1630 743; x_wconf 89' lang='lat' dir='ltr'>nemo</span> 
     </span>
     <span class='ocr_line' id='line_1_8' title="bbox 145 770 1626 835; baseline 0.002 -19"><span class='ocrx_word' id='word_1_54' title='bbox 145 782 359 834; x_wconf 89' lang='lat' dir='ltr'>umquam</span> <span class='ocrx_word' id='word_1_55' title='bbox 378 770 598 818; x_wconf 86' lang='lat' dir='ltr'>dubitavit</span> <span class='ocrx_word' id='word_1_56' title='bbox 622 771 733 818; x_wconf 90' lang='lat' dir='ltr'>haec</span> <span class='ocrx_word' id='word_1_57' title='bbox 757 771 987 834; x_wconf 80' lang='lat' dir='ltr'>coniugia,</span> <span class='ocrx_word' id='word_1_58' title='bbox 1015 771 1180 835; x_wconf 91' lang='lat' dir='ltr'>quibus</span> <span class='ocrx_word' id='word_1_59' title='bbox 1205 771 1421 818; x_wconf 87' lang='lat' dir='ltr'>diaconus</span> <span class='ocrx_word' id='word_1_60' title='bbox 1440 771 1626 828; x_wconf 85' lang='lat' dir='ltr'>assistit,</span> 
     </span>
     <span class='ocr_line' id='line_1_9' title="bbox 145 846 1632 912; baseline 0.001 -20"><span class='ocrx_word' id='word_1_61' title='bbox 145 862 251 892; x_wconf 86' lang='lat' dir='ltr'>vera</span> <span class='ocrx_word' id='word_1_62' title='bbox 292 862 393 894; x_wconf 91' lang='lat' dir='ltr'>esse</span> <span class='ocrx_word' id='word_1_63' title='bbox 436 858 712 894; x_wconf 87' lang='lat' dir='ltr'>sacramenta</span> <span class='ocrx_word' id='word_1_64' title='bbox 730 846 749 903; x_wconf 72' lang='lat'>,&#39;</span> <span class='ocrx_word' id='word_1_65' title='bbox 779 846 983 911; x_wconf 90' lang='lat' dir='ltr'>alioquin</span> <span class='ocrx_word' id='word_1_66' title='bbox 1021 846 1333 894; x_wconf 87' lang='lat' dir='ltr'>detrimentum</span> <span class='ocrx_word' id='word_1_67' title='bbox 1378 850 1632 912; x_wconf 82' lang='lat' dir='ltr'>paterentur</span> 
     </span>
     <span class='ocr_line' id='line_1_10' title="bbox 146 921 1631 988; baseline 0.002 -20"><span class='ocrx_word' id='word_1_68' title='bbox 146 921 303 969; x_wconf 84' lang='lat' dir='ltr'>fideles</span> <span class='ocrx_word' id='word_1_69' title='bbox 333 923 547 986; x_wconf 79' lang='lat' dir='ltr'>coniuges</span> <span class='ocrx_word' id='word_1_70' title='bbox 577 924 719 986; x_wconf 82' lang='lat' dir='ltr'>gratia</span> <span class='ocrx_word' id='word_1_71' title='bbox 748 921 1056 970; x_wconf 88' lang='lat' dir='ltr'>sacramentali</span> <span class='ocrx_word' id='word_1_72' title='bbox 1082 922 1296 978; x_wconf 88' lang='lat' dir='ltr'>destituti,</span> <span class='ocrx_word' id='word_1_73' title='bbox 1318 923 1428 988; x_wconf 89' lang='lat' dir='ltr'>quin</span> <span class='ocrx_word' id='word_1_74' title='bbox 1453 941 1507 970; x_wconf 82' lang='lat' dir='ltr'>ex</span> <span class='ocrx_word' id='word_1_75' title='bbox 1529 941 1631 987; x_wconf 86' lang='lat' dir='ltr'>pro—</span> 
     </span>
     <span class='ocr_line' id='line_1_11' title="bbox 148 998 1632 1064; baseline 0.001 -19"><span class='ocrx_word' id='word_1_76' title='bbox 148 999 246 1063; x_wconf 90' lang='lat' dir='ltr'>pria</span> <span class='ocrx_word' id='word_1_77' title='bbox 278 998 502 1046; x_wconf 85' lang='lat' dir='ltr'>voluntate</span> <span class='ocrx_word' id='word_1_78' title='bbox 537 999 784 1064; x_wconf 90' lang='lat' dir='ltr'>quidquam</span> <span class='ocrx_word' id='word_1_79' title='bbox 819 1000 1122 1064; x_wconf 88' lang='lat' dir='ltr'>peccaverint,</span> <span class='ocrx_word' id='word_1_80' title='bbox 1158 999 1203 1045; x_wconf 89' lang='lat' dir='ltr'>in</span> <span class='ocrx_word' id='word_1_81' title='bbox 1239 1010 1536 1064; x_wconf 71' lang='lat' dir='ltr'>perpetuum,</span> <span class='ocrx_word' id='word_1_82' title='bbox 1577 1017 1632 1046; x_wconf 89' lang='lat' dir='ltr'>ne</span> 
     </span>
     <span class='ocr_line' id='line_1_12' title="bbox 144 1074 1627 1136; baseline 0.002 -17"><span class='ocrx_word' id='word_1_83' title='bbox 144 1074 282 1136; x_wconf 78' lang='lat' dir='ltr'>igitur</span> <span class='ocrx_word' id='word_1_84' title='bbox 319 1074 404 1121; x_wconf 91' lang='lat' dir='ltr'>hoc</span> <span class='ocrx_word' id='word_1_85' title='bbox 445 1086 698 1131; x_wconf 82' lang='lat' dir='ltr'>asseratur,</span> <span class='ocrx_word' id='word_1_86' title='bbox 738 1075 965 1122; x_wconf 88' lang='lat' dir='ltr'>fatendum</span> <span class='ocrx_word' id='word_1_87' title='bbox 998 1085 1068 1121; x_wconf 89' lang='lat' dir='ltr'>est</span> <span class='ocrx_word' id='word_1_88' title='bbox 1099 1074 1156 1121; x_wconf 89' lang='lat' dir='ltr'>ad</span> <span class='ocrx_word' id='word_1_89' title='bbox 1191 1075 1431 1122; x_wconf 86' lang='lat' dir='ltr'>essentiam</span> <span class='ocrx_word' id='word_1_90' title='bbox 1478 1092 1627 1122; x_wconf 87' lang='lat' dir='ltr'>sacra—</span> 
     </span>
     <span class='ocr_line' id='line_1_13' title="bbox 148 1150 1631 1216; baseline 0.001 -20"><span class='ocrx_word' id='word_1_91' title='bbox 148 1150 287 1197; x_wconf 83' lang='lat' dir='ltr'>menti</span> <span class='ocrx_word' id='word_1_92' title='bbox 311 1150 496 1197; x_wconf 89' lang='lat' dir='ltr'>minime</span> <span class='ocrx_word' id='word_1_93' title='bbox 520 1162 721 1215; x_wconf 89' lang='lat' dir='ltr'>spectare</span> <span class='ocrx_word' id='word_1_94' title='bbox 744 1150 1062 1199; x_wconf 90' lang='lat' dir='ltr'>sacerdotalem</span> <span class='ocrx_word' id='word_1_95' title='bbox 1086 1150 1470 1206; x_wconf 87' lang='lat' dir='ltr'>benedictionem;</span> <span class='ocrx_word' id='word_1_96' title='bbox 1498 1161 1631 1216; x_wconf 91' lang='lat' dir='ltr'>atque</span> 
     </span>
     <span class='ocr_line' id='line_1_14' title="bbox 152 1226 1631 1284; baseline 0.001 -12"><span class='ocrx_word' id='word_1_97' title='bbox 152 1226 319 1273; x_wconf 84' lang='lat' dir='ltr'>idcirco</span> <span class='ocrx_word' id='word_1_98' title='bbox 348 1244 442 1274; x_wconf 86' lang='lat' dir='ltr'>non</span> <span class='ocrx_word' id='word_1_99' title='bbox 479 1227 753 1275; x_wconf 88' lang='lat' dir='ltr'>sacerdotem</span> <span class='ocrx_word' id='word_1_100' title='bbox 770 1266 779 1284; x_wconf 91' lang='lat'>,</span> <span class='ocrx_word' id='word_1_101' title='bbox 810 1227 889 1274; x_wconf 91' lang='lat' dir='ltr'>sed</span> <span class='ocrx_word' id='word_1_102' title='bbox 914 1227 1226 1274; x_wconf 89' lang='lat' dir='ltr'>contrahentes</span> <span class='ocrx_word' id='word_1_103' title='bbox 1249 1244 1351 1274; x_wconf 89' lang='lat' dir='ltr'>vere</span> <span class='ocrx_word' id='word_1_104' title='bbox 1374 1244 1474 1274; x_wconf 87' lang='lat' dir='ltr'>esse</span> <span class='ocrx_word' id='word_1_105' title='bbox 1496 1227 1631 1274; x_wconf 90' lang='lat' dir='ltr'>huius</span> 
     </span>
     <span class='ocr_line' id='line_1_15' title="bbox 142 1302 1632 1367; baseline 0.001 -20"><span class='ocrx_word' id='word_1_106' title='bbox 142 1303 417 1350; x_wconf 76' lang='lat' dir='ltr'>‚sacramenti</span> <span class='ocrx_word' id='word_1_107' title='bbox 453 1303 879 1358; x_wconf 69' lang='lat' dir='ltr'>administrosssua</span> <span class='ocrx_word' id='word_1_108' title='bbox 903 1313 1048 1349; x_wconf 91' lang='lat' dir='ltr'>autem</span> <span class='ocrx_word' id='word_1_109' title='bbox 1079 1302 1247 1349; x_wconf 88' lang='lat' dir='ltr'>ratione</span> <span class='ocrx_word' id='word_1_110' title='bbox 1270 1302 1419 1349; x_wconf 91' lang='lat' dir='ltr'>Canus</span> <span class='ocrx_word' id='word_1_111' title='bbox 1442 1302 1632 1367; x_wconf 72' lang='lat' dir='ltr'>eiuSque</span> 
     </span>
     <span class='ocr_line' id='line_1_16' title="bbox 137 1377 1626 1442; baseline -0.001 -17"><span class='ocrx_word' id='word_1_112' title='bbox 137 1377 348 1426; x_wconf 83' lang='lat' dir='ltr'>asseclae</span> <span class='ocrx_word' id='word_1_113' title='bbox 371 1388 535 1442; x_wconf 87' lang='lat' dir='ltr'>queant</span> <span class='ocrx_word' id='word_1_114' title='bbox 555 1395 603 1425; x_wconf 92' lang='lat' dir='ltr'>se</span> <span class='ocrx_word' id='word_1_115' title='bbox 620 1378 676 1425; x_wconf 87' lang='lat' dir='ltr'>ab</span> <span class='ocrx_word' id='word_1_116' title='bbox 701 1378 835 1425; x_wconf 90' lang='lat' dir='ltr'>huius</span> <span class='ocrx_word' id='word_1_117' title='bbox 860 1377 1107 1441; x_wconf 82' lang='lat' dir='ltr'>argumenti</span> <span class='ocrx_word' id='word_1_118' title='bbox 1134 1377 1330 1441; x_wconf 89' lang='lat' dir='ltr'>pondere</span> <span class='ocrx_word' id='word_1_119' title='bbox 1352 1377 1626 1434; x_wconf 79' lang='lat' dir='ltr'>subtrahere,</span> 
     </span>
     <span class='ocr_line' id='line_1_17' title="bbox 151 1453 1489 1517; baseline 0.001 -18"><span class='ocrx_word' id='word_1_120' title='bbox 151 1453 286 1517; x_wconf 89' lang='lat' dir='ltr'>plane</span> <span class='ocrx_word' id='word_1_121' title='bbox 320 1470 407 1501; x_wconf 93' lang='lat' dir='ltr'>non</span> <span class='ocrx_word' id='word_1_122' title='bbox 435 1454 585 1502; x_wconf 66' lang='lat' dir='ltr'>video.</span> <span class='ocrx_word' id='word_1_123' title='bbox 1484 1509 1489 1514; x_wconf 42' lang='grc'><strong>,</strong></span> 
     </span>
    </p>

    <p class='ocr_par' dir='ltr' id='par_1_3' title="bbox 137 1530 1633 2432">
     <span class='ocr_line' id='line_1_18' title="bbox 244 1530 1630 1595; baseline 0.001 -19"><span class='ocrx_word' id='word_1_124' title='bbox 244 1530 340 1578; x_wconf 86' lang='lat' dir='ltr'>Non</span> <span class='ocrx_word' id='word_1_125' title='bbox 385 1530 533 1578; x_wconf 90' lang='lat' dir='ltr'>minus</span> <span class='ocrx_word' id='word_1_126' title='bbox 576 1531 733 1577; x_wconf 84' lang='lat' dir='ltr'>efficax</span> <span class='ocrx_word' id='word_1_127' title='bbox 765 1541 834 1578; x_wconf 88' lang='lat' dir='ltr'>est</span> <span class='ocrx_word' id='word_1_128' title='bbox 877 1541 1186 1594; x_wconf 80' lang='lat' dir='ltr'>argumentum</span> <span class='ocrx_word' id='word_1_129' title='bbox 1208 1569 1217 1587; x_wconf 94' lang='lat'>,</span> <span class='ocrx_word' id='word_1_130' title='bbox 1269 1531 1389 1595; x_wconf 89' lang='lat' dir='ltr'>quod</span> <span class='ocrx_word' id='word_1_131' title='bbox 1436 1531 1493 1578; x_wconf 89' lang='lat' dir='ltr'>ad</span> <span class='ocrx_word' id='word_1_132' title='bbox 1539 1547 1630 1577; x_wconf 90' lang='lat' dir='ltr'>rem</span> 
     </span>
     <span class='ocr_line' id='line_1_19' title="bbox 148 1607 1625 1672; baseline 0 -19"><span class='ocrx_word' id='word_1_133' title='bbox 148 1617 431 1654; x_wconf 80' lang='lat' dir='ltr'>nostram‘ex</span> <span class='ocrx_word' id='word_1_134' title='bbox 466 1607 587 1654; x_wconf 92' lang='lat' dir='ltr'>sedis</span> <span class='ocrx_word' id='word_1_135' title='bbox 627 1607 900 1671; x_wconf 90' lang='lat' dir='ltr'>apostolicae</span> <span class='ocrx_word' id='word_1_136' title='bbox 939 1607 1067 1654; x_wconf 90' lang='lat' dir='ltr'>factis</span> <span class='ocrx_word' id='word_1_137' title='bbox 1112 1607 1341 1672; x_wconf 87' lang='lat' dir='ltr'>dictisque</span> <span class='ocrx_word' id='word_1_138' title='bbox 1379 1612 1625 1671; x_wconf 82' lang='lat' dir='ltr'>promanat.</span> 
     </span>
     <span class='ocr_line' id='line_1_20' title="bbox 139 1681 1633 1747; baseline 0.001 -19"><span class='ocrx_word' id='word_1_139' title='bbox 139 1681 385 1729; x_wconf 63' lang='lat' dir='ltr'>&gt;Enimvero</span> <span class='ocrx_word' id='word_1_140' title='bbox 399 1720 410 1738; x_wconf 97' lang='lat'>,</span> <span class='ocrx_word' id='word_1_141' title='bbox 432 1699 533 1730; x_wconf 91' lang='lat' dir='ltr'>cum</span> <span class='ocrx_word' id='word_1_142' title='bbox 558 1683 741 1747; x_wconf 91' lang='lat' dir='ltr'>saepius</span> <span class='ocrx_word' id='word_1_143' title='bbox 766 1694 965 1747; x_wconf 89' lang='lat' dir='ltr'>permota</span> <span class='ocrx_word' id='word_1_144' title='bbox 988 1683 1119 1730; x_wconf 83' lang='lat' dir='ltr'>fuerit</span> <span class='ocrx_word' id='word_1_145' title='bbox 1142 1683 1441 1730; x_wconf 84' lang='lat' dir='ltr'>controversia</span> <span class='ocrx_word' id='word_1_146' title='bbox 1459 1682 1515 1729; x_wconf 92' lang='lat' dir='ltr'>de</span> <span class='ocrx_word' id='word_1_147' title='bbox 1533 1699 1633 1730; x_wconf 86' lang='lat' dir='ltr'>con-</span> 
     </span>
     <span class='ocr_line' id='line_1_21' title="bbox 137 1758 1632 1823; baseline 0.003 -20"><span class='ocrx_word' id='word_1_148' title='bbox 137 1758 283 1822; x_wconf 77' lang='lat' dir='ltr'>iugiis</span> <span class='ocrx_word' id='word_1_149' title='bbox 306 1759 457 1806; x_wconf 84' lang='lat' dir='ltr'>mixtis</span> <span class='ocrx_word' id='word_1_150' title='bbox 480 1758 537 1807; x_wconf 93' lang='lat' dir='ltr'>ob</span> <span class='ocrx_word' id='word_1_151' title='bbox 562 1759 815 1823; x_wconf 88' lang='lat' dir='ltr'>principum</span> <span class='ocrx_word' id='word_1_152' title='bbox 843 1759 1196 1807; x_wconf 84' lang='lat' dir='ltr'>acatholicorum</span> <span class='ocrx_word' id='word_1_153' title='bbox 1228 1760 1507 1815; x_wconf 86' lang='lat' dir='ltr'>vexationes,</span> <span class='ocrx_word' id='word_1_154' title='bbox 1537 1759 1632 1823; x_wconf 89' lang='lat' dir='ltr'>plu-</span> 
     </span>
     <span class='ocr_line' id='line_1_22' title="bbox 150 1835 1628 1900; baseline -0.001 -17"><span class='ocrx_word' id='word_1_155' title='bbox 150 1852 221 1883; x_wconf 81' lang='lat' dir='ltr'>res</span> <span class='ocrx_word' id='word_1_156' title='bbox 242 1835 490 1900; x_wconf 81' lang='lat' dir='ltr'>pontifices</span> <span class='ocrx_word' id='word_1_157' title='bbox 526 1836 807 1883; x_wconf 88' lang='lat' dir='ltr'>indulserunt</span> <span class='ocrx_word' id='word_1_158' title='bbox 841 1836 888 1883; x_wconf 92' lang='lat' dir='ltr'>in</span> <span class='ocrx_word' id='word_1_159' title='bbox 922 1836 1148 1885; x_wconf 90' lang='lat' dir='ltr'>nonnullis</span> <span class='ocrx_word' id='word_1_160' title='bbox 1175 1836 1458 1899; x_wconf 80' lang='lat' dir='ltr'>regionibus,</span> <span class='ocrx_word' id='word_1_161' title='bbox 1486 1846 1534 1882; x_wconf 92' lang='lat' dir='ltr'>ut</span> <span class='ocrx_word' id='word_1_162' title='bbox 1555 1853 1628 1883; x_wconf 83' lang='lat' dir='ltr'>ce-</span> 
     </span>
     <span class='ocr_line' id='line_1_23' title="bbox 150 1909 1625 1975; baseline 0.001 -20"><span class='ocrx_word' id='word_1_163' title='bbox 150 1909 426 1958; x_wconf 87' lang='lat' dir='ltr'>lebrarentur</span> <span class='ocrx_word' id='word_1_164' title='bbox 443 1911 664 1959; x_wconf 89' lang='lat' dir='ltr'>eiusmodi</span> <span class='ocrx_word' id='word_1_165' title='bbox 684 1912 867 1975; x_wconf 90' lang='lat' dir='ltr'>nuptiae</span> <span class='ocrx_word' id='word_1_166' title='bbox 884 1912 1000 1960; x_wconf 90' lang='lat' dir='ltr'>inter</span> <span class='ocrx_word' id='word_1_167' title='bbox 1016 1912 1258 1959; x_wconf 86' lang='lat' dir='ltr'>catholicos</span> <span class='ocrx_word' id='word_1_168' title='bbox 1276 1922 1319 1958; x_wconf 92' lang='lat' dir='ltr'>et</span> <span class='ocrx_word' id='word_1_169' title='bbox 1338 1910 1625 1958; x_wconf 89' lang='lat' dir='ltr'>acatholicos.</span> 
     </span>
     <span class='ocr_line' id='line_1_24' title="bbox 151 1985 1633 2050; baseline 0.001 -19"><span class='ocrx_word' id='word_1_170' title='bbox 151 1985 437 2034; x_wconf 89' lang='lat' dir='ltr'>Indulserunt</span> <span class='ocrx_word' id='word_1_171' title='bbox 467 1996 615 2034; x_wconf 90' lang='lat' dir='ltr'>tamen</span> <span class='ocrx_word' id='word_1_172' title='bbox 643 2004 698 2034; x_wconf 92' lang='lat' dir='ltr'>ea</span> <span class='ocrx_word' id='word_1_173' title='bbox 730 1986 850 2050; x_wconf 81' lang='lat' dir='ltr'>lege,</span> <span class='ocrx_word' id='word_1_174' title='bbox 888 1997 936 2035; x_wconf 92' lang='lat' dir='ltr'>ut</span> <span class='ocrx_word' id='word_1_175' title='bbox 969 1998 1199 2036; x_wconf 88' lang='lat' dir='ltr'>serventur</span> <span class='ocrx_word' id='word_1_176' title='bbox 1232 1986 1508 2034; x_wconf 89' lang='lat' dir='ltr'>conditiones</span> <span class='ocrx_word' id='word_1_177' title='bbox 1533 2004 1559 2032; x_wconf 93' lang='lat' dir='ltr'>a</span> <span class='ocrx_word' id='word_1_178' title='bbox 1584 2003 1633 2033; x_wconf 91' lang='lat' dir='ltr'>se</span> 
     </span>
     <span class='ocr_line' id='line_1_25' title="bbox 149 2061 1626 2128; baseline 0 -19"><span class='ocrx_word' id='word_1_179' title='bbox 149 2061 439 2117; x_wconf 87' lang='lat' dir='ltr'>constitutae,</span> <span class='ocrx_word' id='word_1_180' title='bbox 470 2073 514 2110; x_wconf 89' lang='lat' dir='ltr'>et</span> <span class='ocrx_word' id='word_1_181' title='bbox 546 2063 727 2127; x_wconf 89' lang='lat' dir='ltr'>quidem</span> <span class='ocrx_word' id='word_1_182' title='bbox 762 2063 1026 2128; x_wconf 89' lang='lat' dir='ltr'>interposita</span> <span class='ocrx_word' id='word_1_183' title='bbox 1059 2062 1348 2110; x_wconf 90' lang='lat' dir='ltr'>iurisiurandi</span> <span class='ocrx_word' id='word_1_184' title='bbox 1385 2062 1626 2126; x_wconf 82' lang='lat' dir='ltr'>religione;</span> 
     </span>
     <span class='ocr_line' id='line_1_26' title="bbox 152 2137 1631 2203; baseline 0 -17"><span class='ocrx_word' id='word_1_185' title='bbox 152 2137 273 2203; x_wconf 90' lang='lat' dir='ltr'>quod</span> <span class='ocrx_word' id='word_1_186' title='bbox 303 2137 343 2184; x_wconf 87' lang='lat' dir='ltr'>si</span> <span class='ocrx_word' id='word_1_187' title='bbox 372 2137 516 2185; x_wconf 87' lang='lat' dir='ltr'>facere</span> <span class='ocrx_word' id='word_1_188' title='bbox 547 2138 866 2196; x_wconf 84' lang='lat' dir='ltr'>detrectarent,</span> <span class='ocrx_word' id='word_1_189' title='bbox 905 2140 1236 2187; x_wconf 86' lang='lat' dir='ltr'>matrimonium</span> <span class='ocrx_word' id='word_1_190' title='bbox 1270 2139 1451 2203; x_wconf 91' lang='lat' dir='ltr'>quidem</span> <span class='ocrx_word' id='word_1_191' title='bbox 1473 2147 1631 2186; x_wconf 86' lang='lat' dir='ltr'>&#39;coram</span> 
     </span>
     <span class='ocr_line' id='line_1_27' title="bbox 151 2214 1627 2280; baseline 0 -18"><span class='ocrx_word' id='word_1_192' title='bbox 151 2214 349 2280; x_wconf 75' lang='lat' dir='ltr'>Parocho</span> <span class='ocrx_word' id='word_1_193' title='bbox 380 2214 695 2270; x_wconf 87' lang='lat' dir='ltr'>celebraretur,</span> <span class='ocrx_word' id='word_1_194' title='bbox 735 2215 815 2262; x_wconf 90' lang='lat' dir='ltr'>sed</span> <span class='ocrx_word' id='word_1_195' title='bbox 850 2216 948 2263; x_wconf 91' lang='lat' dir='ltr'>sine</span> <span class='ocrx_word' id='word_1_196' title='bbox 981 2219 1102 2263; x_wconf 90' lang='lat' dir='ltr'>omni</span> <span class='ocrx_word' id='word_1_197' title='bbox 1136 2224 1362 2280; x_wconf 83' lang='lat' dir='ltr'>apparatu</span> <span class='ocrx_word' id='word_1_198' title='bbox 1389 2215 1627 2278; x_wconf 84' lang='lat' dir='ltr'>religioso,</span> 
     </span>
     <span class='ocr_line' id='line_1_28' title="bbox 153 2290 1632 2356; baseline 0 -18"><span class='ocrx_word' id='word_1_199' title='bbox 153 2301 198 2338; x_wconf 91' lang='lat' dir='ltr'>et</span> <span class='ocrx_word' id='word_1_200' title='bbox 218 2290 435 2354; x_wconf 82' lang='lat' dir='ltr'>denegata</span> <span class='ocrx_word' id='word_1_201' title='bbox 458 2291 637 2356; x_wconf 90' lang='lat' dir='ltr'>sponsis</span> <span class='ocrx_word' id='word_1_202' title='bbox 660 2290 970 2338; x_wconf 86' lang='lat' dir='ltr'>benedictione</span> <span class='ocrx_word' id='word_1_203' title='bbox 984 2329 994 2347; x_wconf 96' lang='lat'>,</span> <span class='ocrx_word' id='word_1_204' title='bbox 1020 2292 1083 2338; x_wconf 91' lang='lat' dir='ltr'>ita</span> <span class='ocrx_word' id='word_1_205' title='bbox 1100 2302 1148 2338; x_wconf 92' lang='lat' dir='ltr'>ut</span> <span class='ocrx_word' id='word_1_206' title='bbox 1167 2291 1389 2355; x_wconf 85' lang='lat' dir='ltr'>parochus</span> <span class='ocrx_word' id='word_1_207' title='bbox 1407 2309 1495 2339; x_wconf 91' lang='lat' dir='ltr'>non</span> <span class='ocrx_word' id='word_1_208' title='bbox 1512 2291 1632 2338; x_wconf 87' lang='lat' dir='ltr'>exhi-</span> 
     </span>
     <span class='ocr_line' id='line_1_29' title="bbox 154 2367 1630 2432; baseline -0.001 -17"><span class='ocrx_word' id='word_1_209' title='bbox 154 2367 272 2425; x_wconf 89' lang='lat' dir='ltr'>beat,</span> <span class='ocrx_word' id='word_1_210' title='bbox 305 2367 394 2415; x_wconf 88' lang='lat' dir='ltr'>nisi</span> <span class='ocrx_word' id='word_1_211' title='bbox 420 2385 556 2432; x_wconf 91' lang='lat' dir='ltr'>quam</span> <span class='ocrx_word' id='word_1_212' title='bbox 579 2377 738 2415; x_wconf 89' lang='lat' dir='ltr'>vocant</span> <span class='ocrx_word' id='word_1_213' title='bbox 761 2368 1052 2414; x_wconf 78' lang='lat' dir='ltr'>assistentiam</span> <span class='ocrx_word' id='word_1_214' title='bbox 1074 2369 1300 2432; x_wconf 78' lang='lat' dir='ltr'>passivam</span> <span class='ocrx_word' id='word_1_215' title='bbox 1321 2369 1437 2430; x_wconf 74' lang='lat'>(51).</span> <span class='ocrx_word' id='word_1_216' title='bbox 1462 2367 1562 2423; x_wconf 88' lang='lat' dir='ltr'>Quo</span> <span class='ocrx_word' id='word_1_217' title='bbox 1585 2368 1630 2414; x_wconf 90' lang='lat' dir='ltr'>in</span> 
     </span>
    </p>
   </div>
   <div class='ocr_carea' id='block_1_3' title="bbox 153 2530 1633 2887">
    <p class='ocr_par' dir='ltr' id='par_1_4' title="bbox 153 2530 1633 2887">
     <span class='ocr_line' id='line_1_30' title="bbox 251 2530 1632 2572; baseline 0 -10"><span class='ocrx_word' id='word_1_218' title='bbox 251 2531 319 2571; x_wconf 79' lang='lat'>(51)</span> <span class='ocrx_word' id='word_1_219' title='bbox 340 2532 391 2564; x_wconf 79' lang='lat' dir='ltr'>lta</span> <span class='ocrx_word' id='word_1_220' title='bbox 412 2532 652 2564; x_wconf 84' lang='lat' dir='ltr'>constituerunt</span> <span class='ocrx_word' id='word_1_221' title='bbox 674 2539 756 2564; x_wconf 84' lang='lat' dir='ltr'>rom.</span> <span class='ocrx_word' id='word_1_222' title='bbox 781 2530 968 2572; x_wconf 86' lang='lat' dir='ltr'>pontifices,</span> <span class='ocrx_word' id='word_1_223' title='bbox 984 2531 1175 2564; x_wconf 84' lang='lat' dir='ltr'>nominatim</span> <span class='ocrx_word' id='word_1_224' title='bbox 1191 2539 1269 2563; x_wconf 86' lang='lat' dir='ltr'>vero</span> <span class='ocrx_word' id='word_1_225' title='bbox 1285 2530 1477 2564; x_wconf 79' lang='lat' dir='ltr'>Benedictus</span> <span class='ocrx_word' id='word_1_226' title='bbox 1497 2532 1582 2564; x_wconf 75' lang='lat' dir='ltr'>XIV.</span> <span class='ocrx_word' id='word_1_227' title='bbox 1598 2531 1632 2563; x_wconf 91' lang='lat' dir='ltr'>in</span> 
     </span>
     <span class='ocr_line' id='line_1_31' title="bbox 154 2582 1631 2617; baseline 0 -2"><span class='ocrx_word' id='word_1_228' title='bbox 154 2582 400 2617; x_wconf 79' lang='lat' dir='ltr'>Declaratione</span> <span class='ocrx_word' id='word_1_229' title='bbox 424 2585 512 2616; x_wconf 81' lang='lat' dir='ltr'>circa</span> <span class='ocrx_word' id='word_1_230' title='bbox 537 2584 747 2617; x_wconf 82' lang='lat' dir='ltr'>matrimonia</span> <span class='ocrx_word' id='word_1_231' title='bbox 771 2584 874 2616; x_wconf 83' lang='lat' dir='ltr'>mixta</span> <span class='ocrx_word' id='word_1_232' title='bbox 895 2584 1090 2616; x_wconf 73' lang='lat' dir='ltr'>Koilandiae</span> <span class='ocrx_word' id='word_1_233' title='bbox 1115 2586 1146 2616; x_wconf 79' lang='lat'>4.</span> <span class='ocrx_word' id='word_1_234' title='bbox 1162 2585 1246 2616; x_wconf 85' lang='lat' dir='ltr'>Nov.</span> <span class='ocrx_word' id='word_1_235' title='bbox 1270 2586 1361 2616; x_wconf 80' lang='grc'><strong>1741.</strong></span> <span class='ocrx_word' id='word_1_236' title='bbox 1382 2585 1415 2616; x_wconf 84' lang='lat' dir='ltr'>et</span> <span class='ocrx_word' id='word_1_237' title='bbox 1435 2584 1513 2616; x_wconf 69' lang='lat' dir='ltr'>Pius</span> <span class='ocrx_word' id='word_1_238' title='bbox 1527 2585 1584 2616; x_wconf 79' lang='lat' dir='ltr'>vi.</span> <span class='ocrx_word' id='word_1_239' title='bbox 1597 2584 1631 2616; x_wconf 90' lang='lat' dir='ltr'>in</span> 
     </span>
     <span class='ocr_line' id='line_1_32' title="bbox 153 2635 1631 2677; baseline 0.001 -11"><span class='ocrx_word' id='word_1_240' title='bbox 153 2635 340 2668; x_wconf 78' lang='lat' dir='ltr'>extensione</span> <span class='ocrx_word' id='word_1_241' title='bbox 362 2637 547 2677; x_wconf 79' lang='lat' dir='ltr'>praedictae</span> <span class='ocrx_word' id='word_1_242' title='bbox 566 2636 796 2670; x_wconf 79' lang='lat' dir='ltr'>declarationis</span> <span class='ocrx_word' id='word_1_243' title='bbox 813 2636 856 2668; x_wconf 81' lang='lat' dir='ltr'>ad</span> <span class='ocrx_word' id='word_1_244' title='bbox 877 2635 1032 2668; x_wconf 77' lang='lat' dir='ltr'>ducatum</span> <span class='ocrx_word' id='word_1_245' title='bbox 1050 2635 1237 2668; x_wconf 79' lang='lat' dir='ltr'>cliviensem</span> <span class='ocrx_word' id='word_1_246' title='bbox 1252 2644 1328 2668; x_wconf 89' lang='lat' dir='ltr'>cum</span> <span class='ocrx_word' id='word_1_247' title='bbox 1341 2635 1496 2668; x_wconf 76' lang='lat' dir='ltr'>adiuncta</span> <span class='ocrx_word' id='word_1_248' title='bbox 1513 2635 1631 2669; x_wconf 78' lang='lat' dir='ltr'>instru-</span> 
     </span>
     <span class='ocr_line' id='line_1_33' title="bbox 154 2686 1633 2730; baseline 0.003 -12"><span class='ocrx_word' id='word_1_249' title='bbox 154 2686 261 2719; x_wconf 80' lang='lat' dir='ltr'>ctione</span> <span class='ocrx_word' id='word_1_250' title='bbox 273 2687 326 2720; x_wconf 84' lang='lat' dir='ltr'>die</span> <span class='ocrx_word' id='word_1_251' title='bbox 342 2690 468 2721; x_wconf 82' lang='lat' dir='ltr'>19.1un.</span> <span class='ocrx_word' id='word_1_252' title='bbox 481 2693 571 2722; x_wconf 86' lang='grc'><strong>1793.</strong></span> <span class='ocrx_word' id='word_1_253' title='bbox 585 2692 622 2721; x_wconf 88' lang='lat' dir='ltr'>In</span> <span class='ocrx_word' id='word_1_254' title='bbox 634 2690 695 2721; x_wconf 88' lang='lat' dir='ltr'>hac</span> <span class='ocrx_word' id='word_1_255' title='bbox 706 2698 804 2730; x_wconf 89' lang='lat' dir='ltr'>porro</span> <span class='ocrx_word' id='word_1_256' title='bbox 817 2689 1028 2721; x_wconf 87' lang='lat' dir='ltr'>instructione</span> <span class='ocrx_word' id='word_1_257' title='bbox 1042 2688 1127 2720; x_wconf 89' lang='lat' dir='ltr'>inter</span> <span class='ocrx_word' id='word_1_258' title='bbox 1136 2691 1242 2720; x_wconf 85' lang='lat' dir='ltr'>cetera</span> <span class='ocrx_word' id='word_1_259' title='bbox 1255 2689 1334 2720; x_wconf 81' lang='lat' dir='ltr'>haec</span> <span class='ocrx_word' id='word_1_260' title='bbox 1344 2688 1633 2730; x_wconf 68' lang='lat' dir='ltr'>legunturznAtque</span> 
     </span>
     <span class='ocr_line' id='line_1_34' title="bbox 155 2739 1632 2783; baseline 0.001 -11"><span class='ocrx_word' id='word_1_261' title='bbox 155 2739 233 2772; x_wconf 81' lang='lat' dir='ltr'>hinc</span> <span class='ocrx_word' id='word_1_262' title='bbox 255 2740 351 2781; x_wconf 74' lang='lat' dir='ltr'>plane</span> <span class='ocrx_word' id='word_1_263' title='bbox 373 2743 582 2783; x_wconf 80' lang='lat' dir='ltr'>consequitur</span> <span class='ocrx_word' id='word_1_264' title='bbox 597 2743 690 2775; x_wconf 82' lang='lat' dir='ltr'>nullo</span> <span class='ocrx_word' id='word_1_265' title='bbox 703 2743 778 2774; x_wconf 70' lang='lat' dir='ltr'>actu</span> <span class='ocrx_word' id='word_1_266' title='bbox 795 2741 935 2782; x_wconf 87' lang='lat' dir='ltr'>positivo</span> <span class='ocrx_word' id='word_1_267' title='bbox 951 2742 1038 2783; x_wconf 85' lang='lat' dir='ltr'>ipsos</span> <span class='ocrx_word' id='word_1_268' title='bbox 1054 2741 1255 2782; x_wconf 82' lang='lat' dir='ltr'>(parochos)</span> <span class='ocrx_word' id='word_1_269' title='bbox 1270 2751 1364 2783; x_wconf 76' lang='lat' dir='ltr'>posse</span> <span class='ocrx_word' id='word_1_270' title='bbox 1384 2742 1507 2776; x_wconf 77' lang='lat' dir='ltr'>isthaec</span> <span class='ocrx_word' id='word_1_271' title='bbox 1524 2743 1632 2775; x_wconf 81' lang='lat' dir='ltr'>matri-</span> 
     </span>
     <span class='ocr_line' id='line_1_35' title="bbox 155 2792 1632 2837; baseline 0.003 -13"><span class='ocrx_word' id='word_1_272' title='bbox 155 2792 266 2825; x_wconf 81' lang='lat' dir='ltr'>monia</span> <span class='ocrx_word' id='word_1_273' title='bbox 280 2793 433 2835; x_wconf 77' lang='lat' dir='ltr'>probare,</span> <span class='ocrx_word' id='word_1_274' title='bbox 447 2796 504 2828; x_wconf 83' lang='lat' dir='ltr'>aut</span> <span class='ocrx_word' id='word_1_275' title='bbox 517 2804 577 2828; x_wconf 83' lang='lat' dir='ltr'>suo</span> <span class='ocrx_word' id='word_1_276' title='bbox 590 2803 741 2836; x_wconf 83' lang='lat' dir='ltr'>expresso</span> <span class='ocrx_word' id='word_1_277' title='bbox 759 2803 918 2827; x_wconf 80' lang='lat' dir='ltr'>consensu</span> <span class='ocrx_word' id='word_1_278' title='bbox 944 2796 977 2827; x_wconf 88' lang='lat' dir='ltr'>et</span> <span class='ocrx_word' id='word_1_279' title='bbox 1000 2795 1192 2828; x_wconf 75' lang='lat' dir='ltr'>auctoritate</span> <span class='ocrx_word' id='word_1_280' title='bbox 1209 2795 1412 2829; x_wconf 72' lang='lat' dir='ltr'>coanimare.</span> <span class='ocrx_word' id='word_1_281' title='bbox 1429 2796 1632 2837; x_wconf 78' lang='lat' dir='ltr'>Quapropter</span> 
     </span>
     <span class='ocr_line' id='line_1_36' title="bbox 155 2844 1631 2887; baseline 0.003 -11"><span class='ocrx_word' id='word_1_282' title='bbox 155 2844 184 2876; x_wconf 85' lang='lat' dir='ltr'>si</span> <span class='ocrx_word' id='word_1_283' title='bbox 199 2845 355 2885; x_wconf 85' lang='lat' dir='ltr'>cogantur</span> <span class='ocrx_word' id='word_1_284' title='bbox 370 2845 404 2878; x_wconf 86' lang='lat' dir='ltr'>in</span> <span class='ocrx_word' id='word_1_285' title='bbox 416 2846 477 2878; x_wconf 80' lang='lat' dir='ltr'>hac</span> <span class='ocrx_word' id='word_1_286' title='bbox 486 2847 669 2887; x_wconf 81' lang='lat' dir='ltr'>temporum</span> <span class='ocrx_word' id='word_1_287' title='bbox 687 2845 924 2879; x_wconf 84' lang='lat' dir='ltr'>conditione.</span> <span class='ocrx_word' id='word_1_288' title='bbox 935 2846 1151 2879; x_wconf 76' lang='lat' dir='ltr'>matrimoniis</span> <span class='ocrx_word' id='word_1_289' title='bbox 1163 2846 1397 2881; x_wconf 83' lang='lat' dir='ltr'>catholicorum</span> <span class='ocrx_word' id='word_1_290' title='bbox 1409 2856 1484 2881; x_wconf 90' lang='lat' dir='ltr'>cum</span> <span class='ocrx_word' id='word_1_291' title='bbox 1498 2848 1631 2881; x_wconf 87' lang='lat' dir='ltr'>muiicrc</span> 
     </span>
    </p>
   </div>
  </div>
 </body>
</html>
