<?xml version="1.0" encoding="UTF-8"?>
<!DOCTYPE html PUBLIC "-//W3C//DTD XHTML 1.0 Transitional//EN"
    "http://www.w3.org/TR/xhtml1/DTD/xhtml1-transitional.dtd">
<html xmlns="http://www.w3.org/1999/xhtml" xml:lang="en" lang="en">
 <head>
  <title>
</title>
<meta http-equiv="Content-Type" content="text/html;charset=utf-8" />
  <meta name='ocr-system' content='tesseract 3.04.00' />
  <meta name='ocr-capabilities' content='ocr_page ocr_carea ocr_par ocr_line ocrx_word'/>
</head>
<body>
  <div class='ocr_page' id='page_1' title='image "a603380701perruoft_0300.png"; bbox 0 0 1912 3180; ppageno 0'>
   <div class='ocr_carea' id='block_1_1' title="bbox 319 186 1487 239">
    <p class='ocr_par' dir='ltr' id='par_1_1' title="bbox 319 186 1487 239">
     <span class='ocr_line' id='line_1_1' title="bbox 319 186 1487 239; baseline -0.008 0"><span class='ocrx_word' id='word_1_1' title='bbox 319 186 408 239; x_wconf 63' lang='lat'>278</span> <span class='ocrx_word' id='word_1_2' title='bbox 580 205 658 235; x_wconf 75' lang='lat' dir='ltr'>un.</span> <span class='ocrx_word' id='word_1_3' title='bbox 688 204 717 233; x_wconf 91' lang='lat'>1.</span> <span class='ocrx_word' id='word_1_4' title='bbox 748 201 859 233; x_wconf 70' lang='lat' dir='ltr'>sacr.</span> <span class='ocrx_word' id='word_1_5' title='bbox 891 200 1059 232; x_wconf 62' lang='lat' dir='ltr'>Amr-rm.</span> <span class='ocrx_word' id='word_1_6' title='bbox 1083 202 1134 233; x_wconf 77' lang='lat' dir='ltr'>m:</span> <span class='ocrx_word' id='word_1_7' title='bbox 1157 200 1487 234; x_wconf 58' lang='lat' dir='ltr'>iun-mmmmm.</span> 
     </span>
    </p>
   </div>
   <div class='ocr_carea' id='block_1_2' title="bbox 305 278 1772 2462">
    <p class='ocr_par' dir='ltr' id='par_1_2' title="bbox 305 278 1772 2010">
     <span class='ocr_line' id='line_1_2' title="bbox 315 278 1765 344; baseline -0.003 -13"><span class='ocrx_word' id='word_1_8' title='bbox 315 294 455 338; x_wconf 86' lang='lat' dir='ltr'>mant;</span> <span class='ocrx_word' id='word_1_9' title='bbox 484 282 678 344; x_wconf 91' lang='lat' dir='ltr'>dumque</span> <span class='ocrx_word' id='word_1_10' title='bbox 699 278 1042 343; x_wconf 80' lang='lat' dir='ltr'><strong>protestantibus</strong></span> <span class='ocrx_word' id='word_1_11' title='bbox 1077 278 1247 326; x_wconf 83' lang='lat' dir='ltr'><strong>favores</strong></span> <span class='ocrx_word' id='word_1_12' title='bbox 1279 278 1459 343; x_wconf 84' lang='lat' dir='ltr'>profuse</span> <span class='ocrx_word' id='word_1_13' title='bbox 1489 278 1765 343; x_wconf 77' lang='lat' dir='ltr'>impendunt,</span> 
     </span>
     <span class='ocr_line' id='line_1_3' title="bbox 316 352 1769 422; baseline -0.003 -17"><span class='ocrx_word' id='word_1_14' title='bbox 316 361 459 422; x_wconf 91' lang='lat' dir='ltr'>iisque</span> <span class='ocrx_word' id='word_1_15' title='bbox 503 366 592 403; x_wconf 89' lang='lat' dir='ltr'>tum</span> <span class='ocrx_word' id='word_1_16' title='bbox 633 354 799 401; x_wconf 84' lang='lat' dir='ltr'>directe</span> <span class='ocrx_word' id='word_1_17' title='bbox 831 364 922 400; x_wconf 87' lang='lat' dir='ltr'>tum</span> <span class='ocrx_word' id='word_1_18' title='bbox 957 353 1170 401; x_wconf 82' lang='lat' dir='ltr'>indirecte</span> <span class='ocrx_word' id='word_1_19' title='bbox 1204 353 1287 400; x_wconf 90' lang='lat' dir='ltr'>sub</span> <span class='ocrx_word' id='word_1_20' title='bbox 1320 352 1607 400; x_wconf 82' lang='lat' dir='ltr'>emendicatis</span> <span class='ocrx_word' id='word_1_21' title='bbox 1647 353 1769 401; x_wconf 71' lang='lat' dir='ltr'>luca·-</span> 
     </span>
     <span class='ocr_line' id='line_1_4' title="bbox 314 429 1762 497; baseline -0.003 -17"><span class='ocrx_word' id='word_1_22' title='bbox 314 436 460 497; x_wconf 87' lang='lat' dir='ltr'>tisque</span> <span class='ocrx_word' id='word_1_23' title='bbox 504 430 802 496; x_wconf 84' lang='lat' dir='ltr'>praetextibus</span> <span class='ocrx_word' id='word_1_24' title='bbox 842 430 1004 494; x_wconf 81' lang='lat' dir='ltr'>gratias</span> <span class='ocrx_word' id='word_1_25' title='bbox 1044 430 1321 493; x_wconf 79' lang='lat' dir='ltr'>largiuntur,</span> <span class='ocrx_word' id='word_1_26' title='bbox 1358 429 1521 494; x_wconf 89' lang='lat' dir='ltr'>templa</span> <span class='ocrx_word' id='word_1_27' title='bbox 1553 429 1726 492; x_wconf 80' lang='lat' dir='ltr'>erigunt</span> <span class='ocrx_word' id='word_1_28' title='bbox 1751 467 1762 486; x_wconf 96' lang='lat'>,</span> 
     </span>
     <span class='ocr_line' id='line_1_5' title="bbox 312 505 1764 571; baseline -0.002 -16"><span class='ocrx_word' id='word_1_29' title='bbox 312 526 387 556; x_wconf 90' lang='lat' dir='ltr'>eos</span> <span class='ocrx_word' id='word_1_30' title='bbox 410 508 456 554; x_wconf 90' lang='lat' dir='ltr'>in</span> <span class='ocrx_word' id='word_1_31' title='bbox 482 507 661 554; x_wconf 88' lang='lat' dir='ltr'>tutelam</span> <span class='ocrx_word' id='word_1_32' title='bbox 698 506 974 571; x_wconf 88' lang='lat' dir='ltr'>suscipiunt,</span> <span class='ocrx_word' id='word_1_33' title='bbox 1013 521 1163 553; x_wconf 89' lang='lat' dir='ltr'>eorum</span> <span class='ocrx_word' id='word_1_34' title='bbox 1198 505 1555 570; x_wconf 86' lang='lat' dir='ltr'>proselytismum</span> <span class='ocrx_word' id='word_1_35' title='bbox 1591 516 1764 570; x_wconf 82' lang='lat' dir='ltr'>aperte,</span> 
     </span>
     <span class='ocr_line' id='line_1_6' title="bbox 312 581 1770 648; baseline -0.002 -16"><span class='ocrx_word' id='word_1_36' title='bbox 312 595 388 632; x_wconf 89' lang='lat' dir='ltr'>aut</span> <span class='ocrx_word' id='word_1_37' title='bbox 418 593 589 631; x_wconf 83' lang='lat' dir='ltr'>&#39;secreto</span> <span class='ocrx_word' id='word_1_38' title='bbox 621 600 701 648; x_wconf 91' lang='lat' dir='ltr'>pro</span> <span class='ocrx_word' id='word_1_39' title='bbox 739 599 883 629; x_wconf 89' lang='lat' dir='ltr'>rerum</span> <span class='ocrx_word' id='word_1_40' title='bbox 929 592 1262 645; x_wconf 88' lang='lat' dir='ltr'>temporumque</span> <span class='ocrx_word' id='word_1_41' title='bbox 1304 581 1524 628; x_wconf 89' lang='lat' dir='ltr'>adiunctis</span> <span class='ocrx_word' id='word_1_42' title='bbox 1558 581 1770 629; x_wconf 84' lang='lat' dir='ltr'>adiuvant</span> 
     </span>
     <span class='ocr_line' id='line_1_7' title="bbox 311 651 1768 724; baseline -0.001 -19"><span class='ocrx_word' id='word_1_43' title='bbox 311 651 693 724; x_wconf 77' lang='lat' dir='ltr'>promoveatque3</span> <span class='ocrx_word' id='word_1_44' title='bbox 741 668 892 705; x_wconf 85' lang='lat' dir='ltr'>contra</span> <span class='ocrx_word' id='word_1_45' title='bbox 927 673 976 703; x_wconf 88' lang='lat' dir='ltr'>se</span> <span class='ocrx_word' id='word_1_46' title='bbox 1015 655 1211 702; x_wconf 86' lang='lat' dir='ltr'>infensos</span> <span class='ocrx_word' id='word_1_47' title='bbox 1263 655 1507 702; x_wconf 88' lang='lat' dir='ltr'>catholicae</span> <span class='ocrx_word' id='word_1_48' title='bbox 1554 657 1768 704; x_wconf 85' lang='lat' dir='ltr'>ecclesiae</span> 
     </span>
     <span class='ocr_line' id='line_1_8' title="bbox 310 729 1772 793; baseline -0.002 -12"><span class='ocrx_word' id='word_1_49' title='bbox 310 729 526 783; x_wconf 83' lang='lat' dir='ltr'>ministris</span> <span class='ocrx_word' id='word_1_50' title='bbox 574 735 668 782; x_wconf 88' lang='lat' dir='ltr'>sive</span> <span class='ocrx_word' id='word_1_51' title='bbox 722 732 996 781; x_wconf 88' lang='lat' dir='ltr'>secularibus</span> <span class='ocrx_word' id='word_1_52' title='bbox 1044 731 1140 778; x_wconf 89' lang='lat' dir='ltr'>sive</span> <span class='ocrx_word' id='word_1_53' title='bbox 1186 731 1463 793; x_wconf 78' lang='lat' dir='ltr'>regularibus</span> <span class='ocrx_word' id='word_1_54' title='bbox 1516 734 1772 780; x_wconf 78' lang='lat' dir='ltr'>constanter</span> 
     </span>
     <span class='ocr_line' id='line_1_9' title="bbox 312 801 1770 876; baseline -0.003 -18"><span class='ocrx_word' id='word_1_55' title='bbox 312 811 524 876; x_wconf 82' lang='lat' dir='ltr'>praebent</span> <span class='ocrx_word' id='word_1_56' title='bbox 552 849 562 867; x_wconf 92' lang='lat'>,</span> <span class='ocrx_word' id='word_1_57' title='bbox 605 801 682 858; x_wconf 75' lang='lat' dir='ltr'>eos</span> <span class='ocrx_word' id='word_1_58' title='bbox 727 806 928 872; x_wconf 89' lang='lat' dir='ltr'>torquent</span> <span class='ocrx_word' id='word_1_59' title='bbox 968 818 1215 872; x_wconf 83' lang='lat' dir='ltr'>vexantque</span> <span class='ocrx_word' id='word_1_60' title='bbox 1255 806 1338 853; x_wconf 89' lang='lat' dir='ltr'>sub</span> <span class='ocrx_word' id='word_1_61' title='bbox 1370 807 1454 854; x_wconf 86' lang='lat' dir='ltr'>levi</span> <span class='ocrx_word' id='word_1_62' title='bbox 1488 824 1664 872; x_wconf 89' lang='lat' dir='ltr'>quoque</span> <span class='ocrx_word' id='word_1_63' title='bbox 1694 824 1770 854; x_wconf 83' lang='lat' dir='ltr'>co—</span> 
     </span>
     <span class='ocr_line' id='line_1_10' title="bbox 310 882 1770 948; baseline -0.002 -15"><span class='ocrx_word' id='word_1_64' title='bbox 310 888 417 935; x_wconf 92' lang='lat' dir='ltr'>lore.</span> <span class='ocrx_word' id='word_1_65' title='bbox 458 889 512 934; x_wconf 89' lang='lat' dir='ltr'>Ut</span> <span class='ocrx_word' id='word_1_66' title='bbox 546 882 688 934; x_wconf 87' lang='lat' dir='ltr'>autem</span> <span class='ocrx_word' id='word_1_67' title='bbox 726 887 772 931; x_wconf 92' lang='lat' dir='ltr'>in</span> <span class='ocrx_word' id='word_1_68' title='bbox 809 894 1089 947; x_wconf 80' lang='lat' dir='ltr'>argumento,</span> <span class='ocrx_word' id='word_1_69' title='bbox 1127 883 1182 929; x_wconf 90' lang='lat' dir='ltr'>de</span> <span class='ocrx_word' id='word_1_70' title='bbox 1222 901 1310 948; x_wconf 93' lang='lat' dir='ltr'>quo</span> <span class='ocrx_word' id='word_1_71' title='bbox 1343 884 1541 947; x_wconf 79' lang='lat' dir='ltr'>agimus,</span> <span class='ocrx_word' id='word_1_72' title='bbox 1585 883 1770 930; x_wconf 83' lang='lat' dir='ltr'>insista—</span> 
     </span>
     <span class='ocr_line' id='line_1_11' title="bbox 314 956 1768 1025; baseline -0.003 -15"><span class='ocrx_word' id='word_1_73' title='bbox 314 980 439 1019; x_wconf 90' lang='lat' dir='ltr'>mus,</span> <span class='ocrx_word' id='word_1_74' title='bbox 484 957 588 1009; x_wconf 89' lang='lat' dir='ltr'>dum</span> <span class='ocrx_word' id='word_1_75' title='bbox 623 963 667 1007; x_wconf 91' lang='lat' dir='ltr'>in</span> <span class='ocrx_word' id='word_1_76' title='bbox 701 956 890 1025; x_wconf 89' lang='lat' dir='ltr'>publicis</span> <span class='ocrx_word' id='word_1_77' title='bbox 929 958 1120 1006; x_wconf 91' lang='lat' dir='ltr'>comitiis</span> <span class='ocrx_word' id='word_1_78' title='bbox 1160 976 1248 1006; x_wconf 89' lang='lat' dir='ltr'>non</span> <span class='ocrx_word' id='word_1_79' title='bbox 1288 959 1350 1005; x_wconf 87' lang='lat' dir='ltr'>ita</span> <span class='ocrx_word' id='word_1_80' title='bbox 1389 959 1559 1023; x_wconf 87' lang='lat' dir='ltr'>pridem</span> <span class='ocrx_word' id='word_1_81' title='bbox 1604 958 1768 1006; x_wconf 83' lang='lat' dir='ltr'>alicubi</span> 
     </span>
     <span class='ocr_line' id='line_1_12' title="bbox 313 1032 1766 1102; baseline -0.003 -15"><span class='ocrx_word' id='word_1_82' title='bbox 313 1033 516 1102; x_wconf 83' lang='lat' dir='ltr'>ageretur</span> <span class='ocrx_word' id='word_1_83' title='bbox 548 1038 603 1085; x_wconf 90' lang='lat' dir='ltr'>de</span> <span class='ocrx_word' id='word_1_84' title='bbox 636 1037 732 1100; x_wconf 80' lang='lat' dir='ltr'>lege</span> <span class='ocrx_word' id='word_1_85' title='bbox 764 1032 1050 1101; x_wconf 74' lang='lat' dir='ltr'>Proponenda</span> <span class='ocrx_word' id='word_1_86' title='bbox 1082 1035 1138 1082; x_wconf 91' lang='lat' dir='ltr'>ad</span> <span class='ocrx_word' id='word_1_87' title='bbox 1171 1036 1535 1100; x_wconf 84' lang='lat' dir='ltr'>compescendam</span> <span class='ocrx_word' id='word_1_88' title='bbox 1572 1036 1766 1084; x_wconf 82' lang='lat' dir='ltr'>virorum</span> 
     </span>
     <span class='ocr_line' id='line_1_13' title="bbox 310 1111 1767 1177; baseline -0.003 -15"><span class='ocrx_word' id='word_1_89' title='bbox 310 1114 707 1162; x_wconf 84' lang='lat' dir='ltr'>ecclesiasticorum</span> <span class='ocrx_word' id='word_1_90' title='bbox 744 1113 958 1158; x_wconf 79' lang='lat' dir='ltr'>licentiam</span> <span class='ocrx_word' id='word_1_91' title='bbox 977 1149 988 1167; x_wconf 93' lang='lat'>,</span> <span class='ocrx_word' id='word_1_92' title='bbox 1028 1112 1074 1158; x_wconf 92' lang='lat' dir='ltr'>id</span> <span class='ocrx_word' id='word_1_93' title='bbox 1114 1122 1181 1159; x_wconf 85' lang='lat' dir='ltr'>est</span> <span class='ocrx_word' id='word_1_94' title='bbox 1218 1111 1463 1159; x_wconf 90' lang='lat' dir='ltr'>libertatem</span> <span class='ocrx_word' id='word_1_95' title='bbox 1504 1112 1549 1158; x_wconf 90' lang='lat' dir='ltr'>in</span> <span class='ocrx_word' id='word_1_96' title='bbox 1587 1112 1767 1177; x_wconf 90' lang='lat' dir='ltr'>proprio</span> 
     </span>
     <span class='ocr_line' id='line_1_14' title="bbox 311 1187 1766 1253; baseline -0.001 -17"><span class='ocrx_word' id='word_1_97' title='bbox 311 1207 492 1239; x_wconf 89' lang='lat' dir='ltr'>munere</span> <span class='ocrx_word' id='word_1_98' title='bbox 534 1189 755 1253; x_wconf 81' lang='lat' dir='ltr'>fungendo</span> <span class='ocrx_word' id='word_1_99' title='bbox 777 1227 787 1245; x_wconf 96' lang='lat'>,</span> <span class='ocrx_word' id='word_1_100' title='bbox 841 1187 1142 1252; x_wconf 89' lang='lat' dir='ltr'>interpellatus</span> <span class='ocrx_word' id='word_1_101' title='bbox 1184 1188 1267 1235; x_wconf 86' lang='lat' dir='ltr'>fuit</span> <span class='ocrx_word' id='word_1_102' title='bbox 1308 1205 1487 1253; x_wconf 90' lang='lat' dir='ltr'>praeses</span> <span class='ocrx_word' id='word_1_103' title='bbox 1531 1189 1588 1235; x_wconf 91' lang='lat' dir='ltr'>de</span> <span class='ocrx_word' id='word_1_104' title='bbox 1632 1205 1766 1236; x_wconf 88' lang='lat' dir='ltr'>sensu</span> 
     </span>
     <span class='ocr_line' id='line_1_15' title="bbox 312 1263 1768 1334; baseline 0 -23"><span class='ocrx_word' id='word_1_105' title='bbox 312 1266 561 1334; x_wconf 87' lang='lat' dir='ltr'>propositae</span> <span class='ocrx_word' id='word_1_106' title='bbox 604 1264 742 1327; x_wconf 80' lang='lat' dir='ltr'>legis,</span> <span class='ocrx_word' id='word_1_107' title='bbox 785 1280 837 1311; x_wconf 89' lang='lat' dir='ltr'>eo</span> <span class='ocrx_word' id='word_1_108' title='bbox 877 1263 996 1327; x_wconf 90' lang='lat' dir='ltr'>quod</span> <span class='ocrx_word' id='word_1_109' title='bbox 1035 1263 1167 1310; x_wconf 89' lang='lat' dir='ltr'>nimis</span> <span class='ocrx_word' id='word_1_110' title='bbox 1210 1280 1349 1326; x_wconf 83' lang='lat' dir='ltr'>vagus</span> <span class='ocrx_word' id='word_1_111' title='bbox 1395 1263 1653 1320; x_wconf 86' lang='lat' dir='ltr'>videretur;</span> <span class='ocrx_word' id='word_1_112' title='bbox 1698 1281 1768 1311; x_wconf 87' lang='lat' dir='ltr'>re-</span> 
     </span>
     <span class='ocr_line' id='line_1_16' title="bbox 309 1339 1761 1405; baseline -0.001 -17"><span class='ocrx_word' id='word_1_113' title='bbox 309 1342 491 1405; x_wconf 86' lang='lat' dir='ltr'>spondit</span> <span class='ocrx_word' id='word_1_114' title='bbox 524 1351 670 1388; x_wconf 93' lang='lat' dir='ltr'>autem</span> <span class='ocrx_word' id='word_1_115' title='bbox 701 1350 756 1386; x_wconf 73' lang='lat' dir='ltr'>‘ex</span> <span class='ocrx_word' id='word_1_116' title='bbox 788 1339 936 1386; x_wconf 86' lang='lat' dir='ltr'>officio</span> <span class='ocrx_word' id='word_1_117' title='bbox 970 1339 1117 1401; x_wconf 81' lang='lat' dir='ltr'>regius</span> <span class='ocrx_word' id='word_1_118' title='bbox 1151 1339 1352 1386; x_wconf 87' lang='lat' dir='ltr'>minister</span> <span class='ocrx_word' id='word_1_119' title='bbox 1370 1376 1382 1394; x_wconf 91' lang='lat'><em>‚</em></span> <span class='ocrx_word' id='word_1_120' title='bbox 1421 1356 1603 1386; x_wconf 87' lang='lat' dir='ltr'>sensum</span> <span class='ocrx_word' id='word_1_121' title='bbox 1636 1340 1761 1396; x_wconf 80' lang='lat' dir='ltr'>esse,</span> 
     </span>
     <span class='ocr_line' id='line_1_17' title="bbox 309 1408 1766 1480; baseline 0 -17"><span class='ocrx_word' id='word_1_122' title='bbox 309 1408 653 1480; x_wconf 86' lang='lat' dir='ltr'>compescendos</span> <span class='ocrx_word' id='word_1_123' title='bbox 682 1432 785 1463; x_wconf 87' lang='lat' dir='ltr'>esse</span> <span class='ocrx_word' id='word_1_124' title='bbox 820 1414 1146 1462; x_wconf 87' lang='lat' dir='ltr'>ecclesiasticos</span> <span class='ocrx_word' id='word_1_125' title='bbox 1180 1415 1325 1471; x_wconf 87' lang='lat' dir='ltr'>viros,</span> <span class='ocrx_word' id='word_1_126' title='bbox 1356 1415 1394 1462; x_wconf 89' lang='lat' dir='ltr'>si</span> <span class='ocrx_word' id='word_1_127' title='bbox 1420 1414 1582 1479; x_wconf 90' lang='lat' dir='ltr'>aliquis</span> <span class='ocrx_word' id='word_1_128' title='bbox 1609 1415 1766 1480; x_wconf 80' lang='lat' dir='ltr'>depre-</span> 
     </span>
     <span class='ocr_line' id='line_1_18' title="bbox 308 1490 1766 1555; baseline 0.001 -18"><span class='ocrx_word' id='word_1_129' title='bbox 308 1491 574 1538; x_wconf 90' lang='lat' dir='ltr'>henderetur</span> <span class='ocrx_word' id='word_1_130' title='bbox 596 1491 641 1536; x_wconf 92' lang='lat' dir='ltr'>in</span> <span class='ocrx_word' id='word_1_131' title='bbox 665 1491 805 1554; x_wconf 81' lang='lat' dir='ltr'>legem</span> <span class='ocrx_word' id='word_1_132' title='bbox 840 1490 1035 1554; x_wconf 89' lang='lat' dir='ltr'>aliquam</span> <span class='ocrx_word' id='word_1_133' title='bbox 1070 1506 1277 1554; x_wconf 88' lang='lat' dir='ltr'>peccasse</span> <span class='ocrx_word' id='word_1_134' title='bbox 1301 1507 1326 1536; x_wconf 92' lang='lat' dir='ltr'>a</span> <span class='ocrx_word' id='word_1_135' title='bbox 1350 1490 1530 1553; x_wconf 91' lang='lat' dir='ltr'>politica</span> <span class='ocrx_word' id='word_1_136' title='bbox 1552 1501 1766 1555; x_wconf 84' lang='lat' dir='ltr'>potestate</span> 
     </span>
     <span class='ocr_line' id='line_1_19' title="bbox 310 1559 1764 1631; baseline -0.001 -15"><span class='ocrx_word' id='word_1_137' title='bbox 310 1559 547 1624; x_wconf 81' lang='lat' dir='ltr'>sancitam3</span> <span class='ocrx_word' id='word_1_138' title='bbox 576 1584 721 1631; x_wconf 91' lang='lat' dir='ltr'>neque</span> <span class='ocrx_word' id='word_1_139' title='bbox 753 1561 826 1613; x_wconf 85' lang='lat' dir='ltr'>his</span> <span class='ocrx_word' id='word_1_140' title='bbox 860 1573 1116 1622; x_wconf 86' lang='lat' dir='ltr'>contentus,</span> <span class='ocrx_word' id='word_1_141' title='bbox 1154 1565 1401 1630; x_wconf 90' lang='lat' dir='ltr'>exemplum</span> <span class='ocrx_word' id='word_1_142' title='bbox 1435 1566 1580 1614; x_wconf 86' lang='lat' dir='ltr'>attulit</span> <span class='ocrx_word' id='word_1_143' title='bbox 1613 1568 1764 1631; x_wconf 83' lang='lat' dir='ltr'>singu-</span> 
     </span>
     <span class='ocr_line' id='line_1_20' title="bbox 306 1635 1765 1708; baseline 0 -17"><span class='ocrx_word' id='word_1_144' title='bbox 306 1645 423 1700; x_wconf 88' lang='lat' dir='ltr'>lare;</span> <span class='ocrx_word' id='word_1_145' title='bbox 446 1644 484 1691; x_wconf 90' lang='lat' dir='ltr'>si</span> <span class='ocrx_word' id='word_1_146' title='bbox 503 1643 604 1708; x_wconf 87' lang='lat' dir='ltr'>quis</span> <span class='ocrx_word' id='word_1_147' title='bbox 629 1635 835 1689; x_wconf 81' lang='lat' dir='ltr'>nimirum</span> <span class='ocrx_word' id='word_1_148' title='bbox 852 1642 909 1689; x_wconf 88' lang='lat' dir='ltr'>de</span> <span class='ocrx_word' id='word_1_149' title='bbox 924 1642 1144 1705; x_wconf 82' lang='lat' dir='ltr'>coniugiis</span> <span class='ocrx_word' id='word_1_150' title='bbox 1166 1642 1390 1699; x_wconf 83' lang='lat' dir='ltr'>civilibus,</span> <span class='ocrx_word' id='word_1_151' title='bbox 1412 1654 1645 1708; x_wconf 87' lang='lat' dir='ltr'>postquam</span> <span class='ocrx_word' id='word_1_152' title='bbox 1668 1643 1765 1707; x_wconf 78' lang='lat' dir='ltr'>lege</span> 
     </span>
     <span class='ocr_line' id='line_1_21' title="bbox 308 1711 1764 1785; baseline 0.001 -18"><span class='ocrx_word' id='word_1_153' title='bbox 308 1720 477 1767; x_wconf 85' lang='lat' dir='ltr'>sancita</span> <span class='ocrx_word' id='word_1_154' title='bbox 510 1711 681 1775; x_wconf 87' lang='lat' dir='ltr'>essent,</span> <span class='ocrx_word' id='word_1_155' title='bbox 716 1718 1039 1783; x_wconf 90' lang='lat' dir='ltr'>obloqueretur.</span> <span class='ocrx_word' id='word_1_156' title='bbox 1074 1718 1246 1774; x_wconf 86' lang='lat' dir='ltr'>Quibus</span> <span class='ocrx_word' id='word_1_157' title='bbox 1270 1719 1551 1767; x_wconf 86' lang='lat' dir='ltr'>manifestum</span> <span class='ocrx_word' id='word_1_158' title='bbox 1574 1720 1646 1777; x_wconf 85' lang='lat' dir='ltr'>fit,</span> <span class='ocrx_word' id='word_1_159' title='bbox 1676 1738 1764 1785; x_wconf 88' lang='lat' dir='ltr'>qua</span> 
     </span>
     <span class='ocr_line' id='line_1_22' title="bbox 306 1794 1765 1859; baseline 0.001 -18"><span class='ocrx_word' id='word_1_160' title='bbox 306 1795 442 1841; x_wconf 90' lang='lat' dir='ltr'>animi</span> <span class='ocrx_word' id='word_1_161' title='bbox 465 1794 754 1859; x_wconf 85' lang='lat' dir='ltr'>dispositione</span> <span class='ocrx_word' id='word_1_162' title='bbox 777 1811 882 1857; x_wconf 83' lang='lat' dir='ltr'>erga</span> <span class='ocrx_word' id='word_1_163' title='bbox 903 1794 1134 1840; x_wconf 90' lang='lat' dir='ltr'>ecclesiam</span> <span class='ocrx_word' id='word_1_164' title='bbox 1159 1794 1419 1841; x_wconf 89' lang='lat' dir='ltr'>catholicam</span> <span class='ocrx_word' id='word_1_165' title='bbox 1442 1795 1660 1842; x_wconf 89' lang='lat' dir='ltr'>eiusmodi</span> <span class='ocrx_word' id='word_1_166' title='bbox 1683 1795 1765 1843; x_wconf 84' lang='lat' dir='ltr'>ho-</span> 
     </span>
     <span class='ocr_line' id='line_1_23' title="bbox 306 1861 1759 1934; baseline 0.002 -18"><span class='ocrx_word' id='word_1_167' title='bbox 306 1861 447 1918; x_wconf 84' lang='lat' dir='ltr'>mines</span> <span class='ocrx_word' id='word_1_168' title='bbox 476 1871 625 1918; x_wconf 66' lang='lat' dir='ltr'>&#39;affecti</span> <span class='ocrx_word' id='word_1_169' title='bbox 659 1870 750 1917; x_wconf 87' lang='lat' dir='ltr'>sint</span> <span class='ocrx_word' id='word_1_170' title='bbox 781 1881 825 1917; x_wconf 90' lang='lat' dir='ltr'>et</span> <span class='ocrx_word' id='word_1_171' title='bbox 856 1870 1129 1934; x_wconf 88' lang='lat' dir='ltr'>comparati,</span> <span class='ocrx_word' id='word_1_172' title='bbox 1168 1870 1277 1934; x_wconf 90' lang='lat' dir='ltr'>quin</span> <span class='ocrx_word' id='word_1_173' title='bbox 1310 1868 1439 1934; x_wconf 88' lang='lat' dir='ltr'>plura</span> <span class='ocrx_word' id='word_1_174' title='bbox 1471 1871 1759 1927; x_wconf 83' lang='lat' dir='ltr'>adiiciamus,</span> 
     </span>
     <span class='ocr_line' id='line_1_24' title="bbox 305 1943 1757 2010; baseline 0 -18"><span class='ocrx_word' id='word_1_175' title='bbox 305 1956 353 1993; x_wconf 91' lang='lat' dir='ltr'>ut</span> <span class='ocrx_word' id='word_1_176' title='bbox 369 1945 680 1993; x_wconf 84' lang='lat' dir='ltr'>confirmemus</span> <span class='ocrx_word' id='word_1_177' title='bbox 698 1963 750 1992; x_wconf 89' lang='lat' dir='ltr'>ea</span> <span class='ocrx_word' id='word_1_178' title='bbox 767 1946 939 2002; x_wconf 89' lang='lat' dir='ltr'>omnia,</span> <span class='ocrx_word' id='word_1_179' title='bbox 967 1943 1081 2010; x_wconf 87' lang='lat' dir='ltr'>quae</span> <span class='ocrx_word' id='word_1_180' title='bbox 1105 1945 1317 1992; x_wconf 89' lang='lat' dir='ltr'>hactenus</span> <span class='ocrx_word' id='word_1_181' title='bbox 1342 1946 1560 2009; x_wconf 86' lang='lat' dir='ltr'>prosecuti</span> <span class='ocrx_word' id='word_1_182' title='bbox 1585 1963 1757 1994; x_wconf 87' lang='lat' dir='ltr'>sumus.</span> 
     </span>
    </p>

    <p class='ocr_par' dir='ltr' id='par_1_3' title="bbox 307 2020 1763 2462">
     <span class='ocr_line' id='line_1_25' title="bbox 406 2020 1763 2086; baseline 0.001 -19"><span class='ocrx_word' id='word_1_183' title='bbox 406 2022 562 2085; x_wconf 87' lang='lat' dir='ltr'>Itaque</span> <span class='ocrx_word' id='word_1_184' title='bbox 593 2022 725 2068; x_wconf 86' lang='lat' dir='ltr'>etiam</span> <span class='ocrx_word' id='word_1_185' title='bbox 759 2039 811 2068; x_wconf 85' lang='lat' dir='ltr'>ex</span> <span class='ocrx_word' id='word_1_186' title='bbox 843 2020 927 2069; x_wconf 87' lang='lat' dir='ltr'>boc</span> <span class='ocrx_word' id='word_1_187' title='bbox 961 2022 1086 2068; x_wconf 87' lang='lat' dir='ltr'>tertio</span> <span class='ocrx_word' id='word_1_188' title='bbox 1119 2021 1262 2086; x_wconf 90' lang='lat' dir='ltr'>capite</span> <span class='ocrx_word' id='word_1_189' title='bbox 1279 2059 1289 2077; x_wconf 91' lang='lat'>,</span> <span class='ocrx_word' id='word_1_190' title='bbox 1327 2039 1379 2068; x_wconf 88' lang='lat' dir='ltr'>ex</span> <span class='ocrx_word' id='word_1_191' title='bbox 1413 2021 1561 2069; x_wconf 84' lang='lat' dir='ltr'>indole</span> <span class='ocrx_word' id='word_1_192' title='bbox 1595 2021 1763 2070; x_wconf 84' lang='lat' dir='ltr'>scilicet</span> 
     </span>
     <span class='ocr_line' id='line_1_26' title="bbox 310 2097 1761 2161; baseline 0.001 -18"><span class='ocrx_word' id='word_1_193' title='bbox 310 2107 358 2143; x_wconf 51' lang='lat' dir='ltr'>et*</span> <span class='ocrx_word' id='word_1_194' title='bbox 387 2097 545 2159; x_wconf 81' lang='lat' dir='ltr'>agendi</span> <span class='ocrx_word' id='word_1_195' title='bbox 581 2097 749 2144; x_wconf 89' lang='lat' dir='ltr'>ratione</span> <span class='ocrx_word' id='word_1_196' title='bbox 783 2108 954 2152; x_wconf 83' lang='lat' dir='ltr'>eorum,</span> <span class='ocrx_word' id='word_1_197' title='bbox 992 2098 1069 2161; x_wconf 93' lang='lat' dir='ltr'>qui</span> <span class='ocrx_word' id='word_1_198' title='bbox 1103 2097 1307 2160; x_wconf 80' lang='lat' dir='ltr'>coniugia</span> <span class='ocrx_word' id='word_1_199' title='bbox 1345 2097 1493 2144; x_wconf 88' lang='lat' dir='ltr'>civilia</span> <span class='ocrx_word' id='word_1_200' title='bbox 1531 2098 1677 2146; x_wconf 77' lang='lat' dir='ltr'>fovent</span> <span class='ocrx_word' id='word_1_201' title='bbox 1709 2115 1761 2145; x_wconf 85' lang='lat' dir='ltr'>ac</span> 
     </span>
     <span class='ocr_line' id='line_1_27' title="bbox 309 2169 1762 2238; baseline 0.001 -20"><span class='ocrx_word' id='word_1_202' title='bbox 309 2181 590 2236; x_wconf 83' lang='lat' dir='ltr'>promovent,</span> <span class='ocrx_word' id='word_1_203' title='bbox 632 2169 803 2220; x_wconf 85' lang='lat' dir='ltr'>constat</span> <span class='ocrx_word' id='word_1_204' title='bbox 835 2190 923 2220; x_wconf 90' lang='lat' dir='ltr'>non</span> <span class='ocrx_word' id='word_1_205' title='bbox 958 2173 1161 2230; x_wconf 90' lang='lat' dir='ltr'>aliunde,</span> <span class='ocrx_word' id='word_1_206' title='bbox 1199 2172 1331 2238; x_wconf 87' lang='lat' dir='ltr'>quam</span> <span class='ocrx_word' id='word_1_207' title='bbox 1355 2190 1379 2220; x_wconf 94' lang='lat' dir='ltr'>e</span> <span class='ocrx_word' id='word_1_208' title='bbox 1403 2174 1762 2237; x_wconf 86' lang='lat' dir='ltr'>protestantismo</span> 
     </span>
     <span class='ocr_line' id='line_1_28' title="bbox 307 2248 1761 2312; baseline 0 -16"><span class='ocrx_word' id='word_1_209' title='bbox 307 2265 456 2296; x_wconf 86' lang='lat' dir='ltr'>eorum</span> <span class='ocrx_word' id='word_1_210' title='bbox 492 2249 708 2312; x_wconf 80' lang='lat' dir='ltr'>&#39;originem</span> <span class='ocrx_word' id='word_1_211' title='bbox 748 2249 1057 2297; x_wconf 88' lang='lat' dir='ltr'>arcessendam</span> <span class='ocrx_word' id='word_1_212' title='bbox 1088 2266 1202 2297; x_wconf 90' lang='lat' dir='ltr'>esse.</span> <span class='ocrx_word' id='word_1_213' title='bbox 1233 2249 1345 2297; x_wconf 89' lang='lat' dir='ltr'>Hinc</span> <span class='ocrx_word' id='word_1_214' title='bbox 1372 2248 1633 2296; x_wconf 88' lang='lat' dir='ltr'>concludere</span> <span class='ocrx_word' id='word_1_215' title='bbox 1666 2259 1761 2296; x_wconf 87' lang='lat' dir='ltr'>tuto</span> 
     </span>
     <span class='ocr_line' id='line_1_29' title="bbox 307 2324 1756 2391; baseline 0 -20"><span class='ocrx_word' id='word_1_216' title='bbox 307 2341 546 2388; x_wconf 85' lang='lat' dir='ltr'>possumus</span> <span class='ocrx_word' id='word_1_217' title='bbox 580 2342 633 2372; x_wconf 93' lang='lat' dir='ltr'>ac</span> <span class='ocrx_word' id='word_1_218' title='bbox 665 2325 875 2373; x_wconf 88' lang='lat' dir='ltr'>debemus</span> <span class='ocrx_word' id='word_1_219' title='bbox 910 2326 1152 2391; x_wconf 88' lang='lat' dir='ltr'>pessimum</span> <span class='ocrx_word' id='word_1_220' title='bbox 1178 2326 1295 2374; x_wconf 91' lang='lat' dir='ltr'>hunc</span> <span class='ocrx_word' id='word_1_221' title='bbox 1318 2326 1503 2374; x_wconf 82' lang='lat' dir='ltr'>fructum</span> <span class='ocrx_word' id='word_1_222' title='bbox 1526 2342 1578 2372; x_wconf 84' lang='lat' dir='ltr'>ex</span> <span class='ocrx_word' id='word_1_223' title='bbox 1601 2324 1756 2372; x_wconf 88' lang='lat' dir='ltr'>arbore</span> 
     </span>
     <span class='ocr_line' id='line_1_30' title="bbox 307 2411 837 2462; baseline 0.004 -17"><span class='ocrx_word' id='word_1_224' title='bbox 307 2415 505 2462; x_wconf 80' lang='lat' dir='ltr'>pesslma</span> <span class='ocrx_word' id='word_1_225' title='bbox 539 2417 639 2451; x_wconf 76' lang='lat' dir='ltr'>esse</span> <span class='ocrx_word' id='word_1_226' title='bbox 672 2411 837 2448; x_wconf 88' lang='lat' dir='ltr'>natum.</span> 
     </span>
    </p>
   </div>
  </div>
 </body>
</html>
