1918 3186
253 149 278 192 8
506 163 586 193 un.
616 162 644 192 1.
675 161 787 192 sacr.
818 160 846 190 1.
877 159 927 189 nn
963 158 1136 190 mrum.
1168 158 1447 190 smmum-ro.

250 239 473 285 solvuntur
497 254 671 285 coronae
696 246 846 282 octava
869 234 937 282 die
965 237 1080 298 (19).
1112 235 1198 292 Qui
1222 253 1317 283 mos
1344 235 1496 283 itidem
1522 247 1722 283 servatur

251 314 296 361 in
335 325 578 362 ceterorum
618 322 993 359 sacramentorum
1033 312 1285 376 receptione
1300 350 1310 368 ,
1342 312 1609 376 >praesertim
1642 311 1723 359 ba-

252 389 401 452 ptismi
437 399 495 435 et·
513 387 804 435 ordinationis
840 388 956 449 (20).

349 465 633 529 Exploratum
668 463 817 528 itaque
845 475 913 512 est
940 481 1075 529 penes
1102 475 1337 529 utramque
1364 464 1598 512 ecclesiam
1615 481 1721 512 con-

251 540 435 588 nubium
470 540 534 587 uti
566 556 719 587 verum
753 550 795 586 et
829 541 1054 605 proprium
1083 557 1221 588 novae
1253 540 1365 604 legis
1399 552 1722 588 sacramentum

252 617 411 678 iugiter
433 615 646 663 creditum
671 615 825 663 fuisse.
864 616 1061 681 ldipsum
1086 626 1258 663 constat
1280 617 1325 662 in
1351 616 1553 665 ecclesiis
1582 617 1726 664 orien-

252 692 416 739 talibus
442 692 535 739 sive
558 691 816 739 orthodoxis
842 692 936 739 sive
959 692 1257 749 heterodoxis,
1280 709 1441 757 nempe
1460 693 1724 741 nestorianis

252 780 294 816 et
322 768 654 833 monophysitis
683 768 944 815 obtinuisse.
981 768 1045 815 De
1072 767 1328 816 orthodoxis
1363 787 1443 817 seu
1476 769 1723 826 melchitis,

253 844 374 891 nulla
398 853 543 908 potest
565 843 752 891 subesse
775 843 1014 900 dubitatio;
1040 861 1141 891 cum
1165 845 1283 891 enim
1307 845 1729 893 communicaverint

254 938 355 967 cum
396 919 584 967 ecclesia
624 937 832 977 romana,
870 936 1031 984 nempe
1069 920 1311 976 catholica,
1351 938 1535 969 necesse
1575 931 1643 969 est
1680 932 1730 968 ut

254 996 454 1044 eamdem
491 996 623 1043 fidem
658 996 886 1061 professae
921 996 1100 1044 fuerint.
1129 996 1331 1044 Ceterum
1366 1015 1467 1045 cum
1501 1014 1527 1044 a
1559 996 1731 1061 graecis

254 1072 492 1119 orientales
527 1073 637 1120 ritus
671 1090 776 1121 suos
810 1090 970 1136 magna
999 1072 1156 1120 saltem
1185 1090 1238 1120 ex
1265 1084 1388 1138 parte
1417 1074 1648 1121 hauserint
1673 1074 1730 1121 ab

255 1147 615 1204 immemorabili,
644 1148 727 1195 1100
755 1149 854 1212 ipso
880 1159 923 1195 et
952 1149 1219 1197 matrimonii
1245 1149 1497 1197 celebrandi
1529 1150 1662 1197 ritum
1688 1161 1733 1197 et

254 1223 500 1270 doctrinam
541 1223 597 1270 ab
635 1224 750 1288 ipsis
790 1235 895 1271 sunt
921 1226 1137 1272 mutuati.
1178 1225 1390 1290 Superest
1430 1226 1564 1290 igitur
1604 1236 1652 1273 ut
1686 1226 1730 1272 id

255 1300 401 1363 ipsum
423 1300 679 1348 evincamus
706 1301 762 1347 de
792 1302 925 1348 sectis
950 1302 1037 1348 iam
1062 1319 1088 1349 a
1111 1301 1266 1366 quinto
1296 1301 1473 1350 saeculo
1503 1302 1558 1349 ab
1590 1301 1731 1349 eccle-

256 1375 324 1423 sia
351 1376 588 1433 seiunctis,
621 1377 870 1425 cuiusmodi
901 1388 1005 1425 sunt
1035 1378 1273 1425 nestoriani
1302 1389 1345 1425 et
1371 1378 1727 1443 monophysitae,

256 1452 332 1516 qui
356 1462 405 1498 ut
428 1453 679 1516 contingere
704 1452 815 1500 solet
839 1453 883 1499 in
906 1454 1052 1501 varias
1083 1464 1225 1501 sectas
1253 1454 1310 1501 ab
1339 1454 1528 1501 invicem
1553 1471 1602 1501 se
1625 1453 1732 1501 sub·

255 1528 517 1575 diviserunt.

354 1603 480 1658 Quod
506 1605 691 1668 proinde
715 1616 885 1670 spectat
905 1606 961 1654 ad
987 1624 1115 1672 syros
1137 1608 1436 1663 nestorianos,
1460 1608 1595 1654 huius
1613 1606 1731 1671 apud

257 1680 383 1742 ipsos
417 1679 544 1737 fidei,
580 1682 698 1745 quod
733 1699 892 1746 nempe
925 1683 1254 1730 matrimonium
1290 1684 1349 1730 sit
1382 1693 1728 1738 sacramentum,

259 1765 413 1802 testem
454 1756 667 1804 habemus
709 1757 1106 1821 locupletissimum
1147 1758 1311 1805 Sulaka
1350 1758 1647 1822 patriarcham
1688 1758 1733 1803 in

260 1831 534 1894 professione
559 1833 684 1889 fidei,
713 1851 846 1898 quam
872 1835 1034 1882 Romae
1058 1834 1204 1882 adhuc
1231 1835 1478 1882 monachus
1504 1852 1576 1881 an.
1607 1834 1730 1880 1553

261 1907 431 1962 emisit,
471 1907 515 1953 in
550 1926 640 1972 qua
673 1921 1045 1958 sacramentorum
1085 1927 1267 1957 numero
1302 1910 1631 1958 matrimonium
1666 1909 1735 1955 di-

263 1995 377 2030 serte
410 1983 622 2031 adscribit
656 1985 889 2050 inquiens:
928 1987 1203 2034 «Credimus
1239 2003 1418 2051 quoque
1451 1987 1496 2032 in
1532 1995 1731 2033 sanctum

260 2058 482 2122 baptisma
506 2071 548 2106 et
572 2060 617 2106 in
637 2061 905 2109 sacrificium
930 2063 1049 2127 quod
1069 2075 1136 2111 est
1158 2080 1320 2127 corpus
1345 2073 1387 2109 et
1411 2062 1595 2126 sanguis
1613 2061 1735 2108 Chri-

263 2134 343 2190 sti,
373 2146 415 2182 et
439 2136 482 2181 in
505 2137 801 2184 >sacerdotium
832 2150 1032 2186 sanctum
1059 2151 1102 2186 et
1130 2140 1174 2185 in
1204 2139 1537 2186 matrimonium
1565 2139 1679 2199 (21).
1708 2156 1729 2180 »

263 2211 371 2257 Item
407 2221 560 2257 testem
596 2212 809 2260 habemus
838 2213 1084 2270 Ebediesu,
1114 2215 1191 2279 qui
1219 2231 1355 2278 agens
1382 2214 1432 2259 de
1457 2213 1735 2259 sacramentis

262 2286 480 2340 ecclesiae,
516 2287 571 2334 de
599 2290 875 2336 matrimonio
905 2290 1091 2355 eiusque
1120 2290 1344 2355 mysteriis
1375 2289 1548 2337 scribit:
1583 2309 1604 2332 «
1626 2305 1732 2336 con-

362 2451 426 2490 (19)
450 2452 535 2483 Haec
552 2452 647 2484 huius
659 2453 814 2485 orationis
823 2453 960 2485 formula
973 2455 1031 2485 est:
1050 2453 1206 2485 «Domine
1215 2455 1301 2485 Deus
1313 2454 1434 2493 noster,
1445 2452 1501 2493 qui
1512 2452 1589 2484 anni
1598 2460 1736 2484 coronae

265 2502 477 2544 benedixisti;
496 2506 529 2535 et
546 2504 604 2537 has
628 2513 763 2537 coronas
787 2505 939 2537 connubii
955 2506 1023 2546 lege
1043 2506 1083 2537 ad
1108 2505 1245 2537 invicem
1269 2505 1387 2537 iunctis
1408 2504 1532 2546 imponi
1554 2503 1738 2544 tradidisti,

263 2555 363 2586 veluti
380 2556 596 2589 continentiae
614 2558 794 2590 mercedem
809 2558 855 2590 eis
871 2558 1025 2598 reddens,
1043 2558 1119 2599 quia
1132 2557 1204 2599 puri
1219 2558 1261 2590 ad
1277 2558 1407 2598 nuptias
1420 2566 1438 2589 a
1452 2559 1484 2590 te
1496 2558 1636 2590 sancitas
1649 2565 1735 2589 com-

267 2607 459 2640 mendarum
474 2612 555 2641 etc.»
571 2611 620 2642 Cf.
633 2611 665 2642 in
681 2612 764 2643 hanc
777 2612 934 2643 actionem
950 2613 1042 2644 notas
1056 2612 1164 2643 Goarii
1185 2612 1206 2644 1.
1222 2620 1252 2643 0.

360 2661 489 2701 (20)(ἶῇ
507 2664 661 2695 Goarium
683 2665 704 2696 1.
726 2674 755 2696 c.
778 2695 780 2697 ,

282 2757 284 2759 ¹
361 2714 392 2753 (¹2
401 2714 427 2754 1)
440 2715 489 2745 Cf.
502 2717 546 2746 10.
559 2715 680 2748 Simon.
696 2719 906 2750 Assemanum
919 2717 1134 2750 Bibliotheca
1145 2716 1335 2749 orientalis.
1351 2719 1470 2750 Romae
1488 2720 1576 2750 1728.
1588 2718 1666 2749 tom.
1679 2719 1722 2750 111

266 2777 330 2807 par.
350 2768 391 2799 11.
411 2770 549 2799 Disserl.
569 2769 609 2800 de
628 2773 713 2809 syris
733 2773 939 2803 nestorianis
959 2780 1029 2811 pag.
1047 2772 1215 2803 CCCXVII
1232 2778 1322 2811 seqq.
