1912 3180
311 200 400 232 cn.
424 199 486 232 111.
510 198 562 231 DE
587 198 760 231 mrum.
784 197 933 230 elvms
955 196 1077 230 men.
1100 195 1192 229 Ant.
1215 196 1276 229 111.
1446 181 1535 227 319

69 280 190 326 Tunc
225 289 371 325 autem
387 316 397 335 ,
435 278 572 326 variis
599 294 744 325 rerum
769 276 1134 324 concurrentibus
1159 275 1381 323 adiunctis
1405 291 1458 323 ac
1476 276 1542 324 >vi-

70 354 435 411 cissitudinibus,
473 353 649 401 facilius
683 369 785 399 sese
817 352 1151 400 accommodant
1181 352 1380 416 opinioni
1417 368 1543 418 prae-

69 432 254 488 valenti,
293 448 345 478 ac
378 430 563 485 cedunt,
603 429 836 493 legemque
869 428 1047 475 demum
1082 429 1311 492 abrogant.

167 508 384 554 Rursum:
407 505 649 554 violentum
665 543 674 561 ,
692 522 745 552 ex
761 503 898 551 veteri
917 503 1077 566 adagio
1094 542 1103 561 ,
1122 505 1234 550 nihil
1250 504 1467 552 durabile.
1489 504 1546 552 At

70 600 174 631 vero
206 582 445 630 violentam
465 582 549 629 sub
567 581 726 646 quovis
744 590 946 644 respectu
963 581 1231 627 censendam
1255 580 1397 644 legem
1414 598 1540 638 esse.

73 677 207 725 quam
241 676 576 724 oppugnamus,
615 657 768 722 ecquis
802 656 992 703 inficiari
1018 655 1206 720 poterit?
1231 657 1358 720 lpsa,
1397 667 1447 704 ut
1477 656 1545 704 vi-

74 737 222 784 dimus
237 774 247 793 ,
284 736 377 783 vim
411 735 543 781 infert
565 733 782 781 ecclesiae
804 732 1046 780 catholicae
1069 732 1295 779 doctrinae
1328 743 1370 780 et
1393 733 1540 797 praxi,

74 830 189 877 quae
221 820 493 859 contractum
527 808 805 872 coniugalem
829 825 949 855 mere
971 807 1146 856 civilem
1170 807 1334 854 nedum
1365 809 1547 856 admisit

75 905 310 953 umquam,
348 886 485 933 immo
520 903 623 933 eum
659 885 831 932 irritum
864 883 1042 941 habuit,
1080 894 1123 931 et
1145 883 1280 931 habet
1303 884 1436 931 etiam
1460 884 1546 931 sub

76 964 247 1012 ratione
280 972 557 1019 contractus,
604 979 658 1008 ex
692 978 781 1026 quo
824 960 1061 1008 tridentina
1099 960 1270 1008 sanctio
1310 960 1547 1008 constituta

75 1050 178 1096 est,
218 1050 262 1087 et
294 1049 521 1103 tamquam
557 1036 841 1085 inhonestum
882 1036 1224 1084 concubinatum
1266 1037 1410 1084 reiciit
1430 1075 1440 1093 ,
1478 1054 1549 1085 re—

77 1115 261 1181 probat,
299 1115 494 1164 damnat.
522 1114 618 1161 Vim
653 1114 784 1161 infert
821 1113 1121 1161 conscientiae
1159 1112 1390 1178 publicae,
1434 1131 1547 1178 quae

76 1192 319 1256 generatim
354 1201 458 1238 nota
491 1208 589 1238 eam
623 1190 764 1253 legem
788 1189 926 1237 inurit
949 1189 1171 1236 teterrima
1194 1189 1516 1254 reprobationis
1533 1228 1543 1246 ,

77 1278 228 1333 utpote
261 1267 453 1315 alienam
487 1266 544 1314 ab
578 1266 780 1330 antiquis
806 1283 859 1313 ac
885 1265 1181 1313 severioribus
1205 1265 1548 1313 christianorum

78 1345 294 1393 moribus.
323 1344 419 1390 Vim
443 1343 574 1390 infert
596 1343 807 1408 publicae
828 1341 1077 1398 honestati,
1105 1359 1220 1407 quae
1245 1359 1322 1407 per
1339 1342 1461 1389 illam
1477 1360 1550 1390 va·

80 1422 160 1469 riis
181 1420 427 1469 rationibus
453 1419 644 1467 laeditur
661 1437 712 1466 ac
735 1429 985 1466 temeratur.
1010 1419 1104 1464 Vim
1129 1418 1259 1466 infert
1281 1418 1549 1465 familiarum

81 1498 181 1563 paci
216 1514 268 1544 ac
301 1495 489 1551 unitati,
530 1511 645 1559 quae
678 1505 911 1559 propterea
952 1493 1170 1558 quatitur,
1205 1494 1544 1558 pessumdatur,

81 1573 336 1621 destruitur.
366 1570 462 1618 Vim
497 1570 628 1618 insert
661 1570 750 1634 ipsi
786 1570 992 1634 politicae
1026 1570 1253 1627 societati,
1282 1587 1397 1636 quae
1421 1586 1551 1634 aegre

82 1650 165 1698 fert
198 1647 411 1697 scandala
433 1664 576 1712 eaque
599 1646 864 1711 multiplicia
886 1664 939 1693 ex
961 1647 1061 1712 ipsa
1084 1646 1180 1710 lege
1216 1648 1522 1712 promanantia
1536 1685 1546 1703 ,

82 1736 173 1773 tum
199 1742 252 1772 ex
276 1734 400 1789 parte
418 1723 669 1788 peditorum
687 1722 916 1769 hominum
934 1721 1109 1770 illorum
1127 1760 1136 1778 ‚
1158 1722 1235 1787 qui
1255 1721 1552 1769 inverecunde

84 1800 299 1848 insultant
330 1816 460 1847 verae
495 1798 726 1862 religioni,
765 1808 857 1845 tum
881 1815 933 1844 ex
957 1809 1082 1862 parte
1106 1815 1284 1854 eorum,
1313 1797 1391 1862 qui
1416 1814 1551 1862 pravo

85 1874 286 1939 exemplo
319 1874 490 1921 seducti
524 1890 577 1921 ex
610 1872 803 1938 quadam
836 1873 974 1919 animi
1010 1874 1266 1920 infirmitate
1300 1872 1443 1938 abripi
1479 1890 1552 1938 pa·

88 1951 255 1999 tiuntur
287 1949 343 1997 ad
379 1949 667 1998 imitationem
702 1966 880 2006 eorum,
921 1949 998 2014 qui
1031 1950 1092 1997 ita
1126 1967 1178 1996 ex
1213 1949 1434 1997 destinata
1465 1967 1554 1998 ma-

88 2027 183 2075 litia
217 2044 266 2074 se
299 2036 469 2090 gerunt.

183 2102 303 2149 Haec
325 2111 471 2148 autem
495 2102 643 2149 omnia
667 2101 982 2148 confirmantur
1005 2101 1096 2165 iugi
1120 2101 1414 2166 experientia,
1438 2117 1554 2166 quae

90 2195 171 2226 nos
204 2178 332 2226 docet
363 2188 455 2225 tum
489 2177 734 2242 antiquitus
752 2215 762 2234 ,
801 2188 895 2225 tum
918 2178 1107 2225 maxime
1130 2188 1274 2226 aetate
1296 2178 1380 2225 hac
1403 2188 1555 2226 nostra

89 2272 243 2303 omnes
267 2254 487 2302 eiusmodi
515 2255 631 2317 leges
649 2292 659 2309 ,
688 2270 803 2318 quae
825 2254 894 2301 vel
918 2254 1147 2301 offendunt
1170 2254 1447 2302 honestatem
1472 2272 1555 2319 pu-

88 2330 278 2388 blicam,
318 2330 388 2378 vel
421 2330 604 2377 laedunt
638 2331 736 2376 iura
769 2329 1011 2387 ecclesiae,
1048 2330 1117 2378 vel
1160 2348 1275 2396 quae
1308 2348 1335 2378 a
1376 2330 1556 2395 publica

89 2407 297 2471 opinione
331 2405 644 2470 reprobantur,
682 2404 752 2452 vel
786 2422 902 2470 quae
935 2405 1072 2453 indoli
1098 2406 1361 2470 populorum
1386 2423 1439 2453 ac
1462 2423 1556 2455 mo-

90 2481 214 2529 ribus
247 2481 490 2529 universim
525 2480 712 2545 receptis
737 2480 1051 2537 adversantur,
1080 2481 1189 2527 nihil
1217 2480 1420 2528 obstante
1451 2498 1556 2546 quo-

91 2557 160 2605 vis
194 2557 460 2620 legislatoris
495 2567 675 2613 conatu,
714 2567 848 2621 atque
881 2556 1122 2604 obsistente
1156 2556 1334 2621 politica
1368 2558 1557 2605 auctori-

93 2643 218 2689 tate,
262 2633 473 2680 debuisse
512 2644 587 2680 aut
632 2634 864 2697 temperari
909 2643 984 2679 aut
1028 2633 1246 2696 abrogari.
1275 2633 1343 2680 Ad
1382 2644 1555 2698 tempus

95 2707 276 2772 quidem
300 2708 597 2772 perdurarunt
619 2709 752 2756 etiam
776 2709 1051 2766 diuturnum,
1066 2727 1119 2758 eo
1135 2709 1254 2774 quod
1279 2727 1367 2758 non
1390 2728 1557 2775 paucae

96 2802 146 2830 ex
182 2784 252 2830 his
287 2784 460 2847 legibus
488 2784 695 2833 suffultae
718 2796 867 2834 essent
890 2803 1109 2834 armorum
1137 2796 1376 2851 apparatu,
1404 2804 1456 2835 ac
1479 2788 1557 2834 mi-
