1912 3180
351 174 441 206 cAr.
472 173 534 205 ui.
563 174 614 205 ns
649 174 824 207 mrum.
855 175 1002 208 civuis
1032 176 1150 209 Laos.
1183 179 1275 210 uir.
1306 179 1335 209 1.
1507 165 1593 210 291

119 252 246 322 nullq
274 252 406 300 modo
439 252 668 300 distinctio
702 252 806 309 illa,
845 269 927 300 seu
963 255 1124 302 mentis
1167 256 1406 304 abstractio
1453 257 1598 305 locum

119 329 284 377 habere
307 336 487 393 'potest3
519 329 580 376 ita
603 339 655 376 ut<
673 346 764 376 uno
793 329 1041 394 eodemque
1077 342 1275 397 tempore
1301 333 1450 386 valeat
1470 334 1599 398 quis-

118 407 237 471 piam
271 423 372 454 esse
405 405 516 453 civis
550 415 593 453 et
628 423 715 454 non
749 405 1049 464 christianus,
1085 427 1224 473 quum
1252 410 1496 458 christiana
1530 422 1601 459 ta-

117 481 531 546 men>professione
564 492 816 529 censeatur.
854 480 967 528 Fieri
1004 485 1186 533 omnino
1221 486 1392 550 nequit,
1421 496 1469 533 ut
1492 487 1597 551 quis

117 557 567 622 porro·christianus
603 557 664 604 sit
695 557 919 623 simulque
951 574 1005 605 ea
1039 571 1257 624 praestet,
1297 573 1375 609 aut
1415 574 1599 628 peragat

118 645 161 681 et
183 634 367 699 quidem
395 634 605 697 leqihme,
635 651 751 699 quae
775 633 840 679 illi
867 634 1035 682 nomini
1060 652 1111 682 ac
1137 637 1406 699 professioni
1440 639 1598 687 adver-

118 721 289 758 santur.
332 710 539 758 Christus
574 721 618 758 et
654 709 793 758 Belial
827 727 877 758 se
911 728 960 763 se
993 711 1183 758 invicem
1227 714 1470 762 excludunt
1514 716 1598 763 hoc

120 788 166 835 in
197 804 306 836 casu
340 788 386 834 in
415 805 510 835 :uno
545 788 792 852 eodemque
825 804 959 851 opere
993 805 1046 835 ac
1080 788 1298 837 subiecto.

215 863 358 928 Atque
392 873 442 910 ut
474 863 587 911 haec
614 863 765 911 'obviis
801 863 1074 912 illustremus
1114 865 1353 929 exemplis:
1394 868 1478 914 Fac
1514 868 1599 914 im-

121 950 369 1004 peratorem
404 957 664 996 romanum,
693 957 794 987 cum
818 939 967 988 adhuc
1001 940 1303 990 dominaretur
1328 942 1596 998 idololatria,

120 1015 300 1063 novisse
332 1015 553 1079 ,plurimos
577 1033 630 1062 ex
656 1017 750 1063 suis
786 1016 977 1064 subditis
1013 1017 1305 1070 christianam
1340 1019 1599 1082 religionem

124 1091 349 1155 profiteri:
377 1108 430 1141 ac
457 1091 544 1139 sub
577 1091 762 1139 obtentu
797 1092 1020 1156 praefatae
1055 1092 1354 1141 distinctionis
1389 1094 1504 1141 inter
1537 1094 1601 1142 ci-

118 1185 217 1218 vem
253 1179 299 1215 et
328 1167 626 1216 christianum
668 1169 978 1234 praecepisse,
1019 1180 1066 1216 ut
1102 1181 1327 1235 tamquam
1362 1170 1482 1218 cives
1518 1188 1602 1234 pu-

119 1245 252 1292 blicis
299 1244 568 1292 interessent
611 1245 875 1301 sacrificiis,
914 1245 1059 1310 deque
1094 1246 1151 1293 iis
1194 1264 1316 1295 more
1351 1247 1495 1311 patrio
1529 1263 1601 1293 ce-

119 1321 304 1369 lebratis
356 1321 711 1385 participarent,
751 1322 905 1370 sinens
948 1323 1232 1388 caeteroquin
1278 1334 1327 1371 ut
1371 1334 1599 1388 tamquam

118 1397 354 1446 christiani
393 1397 619 1462 proprium
654 1408 926 1445 sectarentur
960 1397 1188 1461 religionis
1222 1399 1499 1446 christianae
1533 1399 1600 1445 in-

119 1472 338 1520 stitutum.
374 1474 528 1520 Nonne
562 1473 781 1523 eiusmodi
817 1474 1058 1538 imperator
1091 1476 1344 1523 censendus
1378 1486 1499 1524 esset
1531 1476 1601 1522 lu—

117 1549 242 1596 dicra
274 1549 338 1596 uti
373 1548 698 1597 distinctione?
723 1550 846 1599 Idem
871 1551 945 1599 dic
967 1551 1024 1598 de
1047 1552 1352 1600 lslamitarum
1377 1553 1595 1617 principe,

116 1625 194 1690 qui
230 1626 275 1673 in
309 1625 481 1674 ditione
514 1637 598 1674 sua
625 1626 740 1675 huic
774 1627 861 1692 ipsi
896 1628 1173 1676 distinctioni
1207 1629 1390 1676 innixus
1425 1640 1599 1676 conten-

115 1701 241 1749 deret
273 1701 545 1750 christianos
580 1702 780 1752 subditos
817 1721 953 1761 suos,
982 1715 1133 1769 utpote
1154 1705 1300 1761 cives,
1329 1704 1492 1752 debere
1527 1716 1599 1753 so-

117 1885 196 1917 dum
207 1880 338 1918 cuidam
350 1886 582 1919 matrimoniali
596 1887 657 1927 legi
668 1887 874 1927 seopposuit.
883 1888 914 1919 ls
923 1888 972 1919 est
982 1887 1033 1919 vir
1043 1887 1307 1919 nobilislonnnoe
1319 1886 1361 1918 de
1367 1885 1494 1918 Andre·
1507 1887 1598 1926 pater

119 1940 157 1969 v.
172 1939 209 1973 Ε.
223 1937 419 1979 Hieronymi
440 1938 645 1980 cardinalis,
670 1939 727 1980 qui
753 1940 802 1971 tot
824 1940 919 1971 antea
937 1939 1128 1972 muneribus
1151 1940 1291 1981 publicis
1311 1939 1433 1980 optime
1455 1938 1597 1978 iunctm,

114 1999 201 2023 nunc
216 1992 308 2023 tanta
323 1991 495 2024 sedulitate
509 1992 542 2024 et
555 1992 713 2032 sapientia
727 2000 837 2024 sacrae
850 1993 975 2032 praeaet
988 1992 1227 2032 congregationi
1241 1991 1285 2023 ab
1298 1990 1419 2023 Indice
1435 1998 1598 2032 nuncupa-

114 2046 176 2077 tae.
184 2045 320 2076 loannes
332 2045 443 2085 itaque
458 2053 521 2076 non
535 2045 643 2077 minus
656 2044 792 2077 scientia
804 2053 903 2085 quam
917 2045 1071 2086 religione
1084 2044 1280 2086 conspicuus
1289 2052 1442 2085 magnum
1457 2044 1522 2076 iam
1537 2043 1599 2076 sibi

114 2098 249 2139 Neapoli
267 2105 386 2130 nomen
402 2099 650 2138 comparaverat
656 2109 667 2138 ;
689 2106 764 2130 eum
779 2098 816 2130 in
829 2098 1050 2130 tristissimam
1071 2098 1256 2139 temporum
1274 2097 1519 2130 conversionem
1537 2096 1599 2130 sub

117 2151 238 2184 saeculi
258 2151 354 2183 liuius
371 2151 504 2186 exordia
520 2139 706 2190 incidisset,
722 2159 864 2192 cumque
878 2151 945 2183 lata
964 2151 1016 2183 lex
1031 2152 1116 2183 esset
1129 2150 1170 2182 de
1183 2151 1303 2182 nuncio
1318 2150 1475 2182 uxoribus
1489 2149 1597 2182 remit·

113 2203 227 2244 tendo,
246 2204 362 2237 maluit
370 2204 447 2237 exui
460 2204 617 2245 dignitate
629 2229 637 2244 ,
657 2205 770 2236 senatu
785 2212 907 2244 carere,
924 2204 1072 2245 privatus
1088 2204 1188 2236 vitam
1202 2203 1341 2244 exigere,
1354 2211 1453 2244 quam
1470 2202 1596 2243 religio·

119 2258 169 2290 nis
183 2259 254 2290 iura
268 2258 444 2299 resolvere,
463 2258 652 2298 nefarioque
666 2266 701 2290 se
714 2266 749 2290 se
762 2259 965 2290 sacramento
976 2257 1151 2290 devincire.
1167 2257 1355 2298 Composita
1371 2264 1466 2297 pace,
1481 2255 1525 2288 ad
1537 2264 1599 2288 am-

116 2310 280 2356 plissimos
299 2311 459 2343 bonorum
478 2311 598 2351 gradus
617 2312 771 2350 evectus,
788 2318 936 2341 summus
949 2309 1037 2350 regni
1052 2308 1229 2341 tabellariis
1247 2307 1466 2349 praepositus;
1481 2306 1599 2340 deinde

117 2372 193 2395 vero
206 2355 349 2403 aerario,
368 2364 454 2402 regni
477 2362 678 2403 sumptibus,
696 2361 898 2402 negotiisque
917 2360 1141 2393 ecclesiasticis
1156 2361 1355 2402 praefectus,
1374 2360 1513 2400 utroque
1527 2367 1597 2392 mu·

117 2425 193 2449 uere
205 2416 251 2449 ita
262 2416 450 2457 perfunctus
463 2418 529 2454 est,
545 2416 582 2447 nt
594 2415 628 2447 et
639 2414 731 2455 regni
749 2422 827 2455 opes
849 2414 977 2446 auxerit
988 2413 1077 2446 etde
1088 2413 1317 2446 ecclesiasticis
1329 2413 1452 2454 optime
1467 2413 1510 2445 sit
1523 2421 1596 2454 pro-

116 2470 268 2510 meritus,
291 2470 470 2511 episcopis,
493 2469 658 2510 sacrisque
679 2468 825 2501 coetibus
840 2470 872 2501 et
884 2467 1017 2500 familiis
1030 2467 1120 2500 nulla
1135 2476 1169 2500 re
1183 2467 1340 2506 desuerit,
1353 2475 1533 2508 eorumque
1545 2466 1597 2498 ob-

118 2523 208 2564 sequi
222 2523 356 2563 studiis,
372 2522 564 2564 dignitatem
585 2521 689 2562 tueri,
706 2521 846 2554 libertati
862 2521 1030 2553 consulere
1043 2519 1188 2553 muneris
1204 2521 1254 2553 sui
1268 2519 1416 2559 duxerit,
1434 2516 1597 2552 romanosl

118 2583 182 2616 que
197 2576 363 2618 pontifices
386 2577 541 2616 singulari
566 2575 685 2617 pietate
700 2575 849 2608 coluerit.
873 2576 920 2608 lta
937 2575 987 2606 vir
1004 2573 1122 2615 ingiter
1142 2573 1311 2615 religiosus
1332 2572 1455 2613 extitit,
1482 2580 1597 2614 parens

117 2630 281 2671 optimus,
304 2631 511 2672 magistratus
534 2631 778 2672 integerrimus,
803 2630 886 2662 civis
907 2629 1059 2662 eximium
1072 2628 1124 2661 ct'.
1139 2628 1237 2660 huius
1261 2628 1304 2661 cl.
1318 2627 1384 2674 viri
1395 2626 1559 2668 Eloqium
1579 2636 1599 2659 a

121 2683 157 2714 P.
173 2684 210 2714 Α.
223 2683 371 2724 Angelini
397 2692 449 2715 an.
476 2687 564 2716 1866.
591 2684 712 2714 Romae
735 2682 922 2722 vulgatum;
942 2689 1001 2712 nec
1023 2689 1086 2712 non
1107 2681 1221 2712 Franc.
1240 2678 1410 2720 Guadagni
1431 2680 1474 2711 1η
1498 2678 1594 2711 obilu

120 2732 248 2774 Aloysii
267 2736 300 2766 ee
322 2735 466 2768 Henrict
480 2734 643 2775 filiorum
670 2733 803 2767 March.
832 2735 974 2766 loannis
1000 2732 1042 2764 de
1068 2732 1205 2765 Andr-ea
1227 2731 1480 2765 consolatoriae
1508 2731 1594 2763 allo-

121 2788 287 2819 curiones.
302 2789 422 2820 Romae
439 2791 527 2821 1837.

1501 2839 1526 2863 2}-
