1918 3186
404 220 494 253 cn).
523 220 569 253 11.
599 219 651 252 DE
685 218 895 252 fflNIS'rRo.
927 219 1017 252 Am.
1048 219 1110 252 111.
1139 217 1364 252 coneum.
1550 205 1605 251 81

145 308 277 364 prout
300 298 357 345 ab
379 297 638 346 alterutrius
666 297 910 344 sententiae
944 298 1141 361 patronis
1175 298 1221 344 in
1254 297 1449 345 medium
1483 297 1617 345 allata

144 384 262 422 sunt.
301 374 562 422 Constanter
592 383 738 421 autem
771 373 1050 420 exordiemur
1067 391 1094 421 a
1110 374 1347 422 Melchiore
1369 373 1511 431 Cano,
1532 372 1616 439 'qui

145 451 389 498 sententiae
405 450 461 497 de
479 449 705 497 sacerdote
727 449 991 496 sacramenti
1010 450 1278 498 matrimonii
1295 449 1498 498 ministro
1522 467 1618 515 pro-

145 535 437 590 pugnatorum
458 541 616 588 agmen
633 523 771 571 ducit.
784 524 1065 587 Argumentis
1090 535 1234 572 autem
1252 543 1279 572 a
1298 525 1418 573 Cano
1434 525 1619 591 prolatis

147 619 201 649 ea
226 600 508 658 adiiciemus‚
537 617 653 665 quae
675 600 732 648 ab
755 600 857 648 aliis
880 600 1041 648 deinde
1064 602 1308 664 excogitata
1330 599 1448 649 sunt.
1477 601 1618 648 Simili

146 675 315 724 ratione
360 685 621 740 argumenta
654 694 706 724 ex
741 676 898 724 ordine
938 675 1210 741 proferemus
1244 687 1287 724 et
1319 677 1619 742 expendemus

145 768 228 815 pro
264 751 401 799 altera
433 752 673 809 sententia,
712 769 828 816 quae
860 751 1168 800 contrahentes
1211 752 1338 817 docet
1370 770 1470 801 esse
1502 753 1621 800 chri-

143 827 276 875 stiani
310 827 580 876 matrimonii
623 828 865 876 ministros.

716 971 931 1009 (ml-111¹
960 972 1065 1007 111.

249 1080 498 1114 ARGURENTA
530 1081 801 1114 AFFERUNTUR
834 1082 912 1114 PRO
947 1081 1173 1114 SENTENTIA
1205 1083 1257 1114 DE
1291 1081 1524 1114 SACERDOTE

521 1145 756 1178 CHRISTIANI
789 1147 1038 1179 MATRIMONH
1073 1146 1266 1179 mmsrno

720 1246 1002 1284 ARTICULUS
1020 1247 1050 1284 1.

669 1335 906 1386 Argumenta
942 1335 1102 1374 Biblica.

244 1433 305 1481 Ac
336 1434 480 1499 primo
512 1433 691 1498 quidem
725 1433 844 1498 quod
879 1442 1047 1498 spectat
1070 1433 1128 1480 ad
1152 1443 1410 1497 argumenta
1430 1432 1615 1488 biblica,

149 1510 313 1558 frustra
351 1520 420 1557 est
453 1509 510 1557 ab
543 1509 676 1557 huius
710 1509 954 1557 sententiae
991 1519 1210 1557 assertore
1240 1509 1361 1557 Cano
1395 1526 1620 1557 sacrarum

150 1585 407 1633 litterarum·
427 1584 678 1632 testimonia
722 1601 959 1649 quaerere3
1006 1602 1143 1649 quum
1178 1602 1234 1631 ne
1265 1602 1402 1632 unum
1442 1585 1622 1649 quidem

149 1661 472 1726 Scripturarum
496 1660 641 1709 locum
671 1660 728 1707 ab
752 1677 804 1708 eo
827 1660 1008 1708 allatum
1043 1661 1310 1717 invenerim,
1338 1678 1390 1708 ex
1413 1678 1501 1725 quo
1526 1661 1624 1724 ipse

147 1737 411 1785 sententiam
441 1754 569 1784 suam
591 1736 663 1785 vel
688 1736 888 1784 hauserit
921 1737 1086 1802 primo,
1122 1737 1193 1785 vel
1225 1736 1484 1785 deducendo
1517 1738 1622 1784 con-

150 1811 357 1859 firmarit.

207 1881 211 1885 ’
242 1884 400 1935 Verum
423 1888 542 1953 quod
567 1887 714 1936 Canus
739 1905 828 1936 non
850 1888 1005 1946 habet,
1034 1888 1080 1935 id
1103 1889 1365 1936 invenerunt
1382 1888 1619 1952 scriptores

152 1962 435 2020 recentiores,
463 1964 540 2029 qui
564 1963 674 2012 Cani
698 1965 959 2012 sententiam
983 1965 1158 2030 sequuti
1184 1974 1302 2011 sunt.
1327 1965 1436 2010 Nam
1461 1973 1619 2026 urgent

152 2038 244 2084 fere
265 2054 419 2086 omnes
446 2039 643 2104 theologi
671 2041 808 2088 huius
832 2042 1075 2089 sententiae
1098 2040 1294 2105 patroni,
1322 2039 1442 2104 quod
1465 2039 1624 2102 legitur

154 2114 188 2159 1.
211 2113 309 2160 Cor.
332 2113 401 2159 lv.
426 2115 471 2159 1.
496 2133 520 2158 a
536 2115 608 2162 Sic
628 2133 711 2164 nos
734 2117 955 2165 existimet
977 2118 1108 2164 homo
1125 2126 1175 2162 ut
1193 2115 1419 2162 ministros
1437 2115 1619 2170 Christi,

150 2198 197 2235 et
226 2183 539 2252 dispensatores
571 2187 872 2254 mysteriorum
894 2194 1025 2239 Dei.»
1047 2194 1139 2238 Iam
1161 2208 1288 2247 vero,
1316 2191 1465 2248 aiunt,
1494 2208 1622 2238 nemo

151 2273 224 2311 est
249 2263 326 2327 qui
355 2263 528 2311 dubitet
562 2262 647 2312 hac
674 2265 827 2330 phrasi
860 2268 1161 2331 mysteriorum
1190 2267 1275 2312 Dei
1304 2266 1527 2330 designari
1561 2284 1627 2314 sa-

150 2336 370 2386 cramenta
402 2357 542 2387 novae
575 2340 686 2404 legis
709 2360 720 2397 ;
758 2358 859 2388 cum
891 2341 1025 2405 igitur
1057 2342 1215 2389 horum
1251 2353 1623 2389 sacramentorum

152 2414 394 2462 universim
421 2416 672 2463 sacerdotes
696 2416 753 2463 ab
775 2416 987 2481 Apostolo
1016 2427 1166 2482 aperte
1197 2416 1529 2481 dispensatores
1553 2435 1627 2482 ap-

150 2490 392 2554 pellentur,
432 2508 711 2557 consequens
738 2503 830 2549 est,
867 2504 917 2540 ut
950 2492 1322 2558 quemadmodum
1355 2504 1621 2549 ceterorum,

155 2566 217 2613 ita
248 2577 293 2614 et
323 2568 587 2615 sacramenti
622 2569 891 2616 matrimonii
926 2569 1133 2617 sacerdos
1168 2568 1452 2632 dispensator
1473 2568 1556 2624 sit,
1584 2579 1628 2615 et

156 2653 374 2690 minister.
1378 2686 1380 2688 .

241 2716 609 2767 <1m0‘Ma1-ianum
625 2720 877 2785 Dobmayer
899 2720 1191 2766 affirmantem
1215 2718 1428 2781 legimus,
1450 2731 1625 2767 senten-

153 2786 283 2849 tiam',
321 2810 436 2859 quae
469 2796 742 2844 sacerdotem
777 2795 1039 2844 sacramenti
1074 2794 1341 2843 matrimonii
1374 2795 1625 2843 ministrum

1546 2894 1567 2925 6
