1918 3186
285 205 374 251 158
537 220 618 252 Lm.
646 219 676 250 1.
706 218 819 250 sacr.
852 218 882 249 1.
911 217 964 249 m:
999 218 1173 251 11111116.
1203 218 1488 251 5166166616.
1518 237 1520 239 »

281 298 509 364 Siquidem
534 298 664 344 refert
687 296 807 344 card.
834 295 1150 343 Pallavicinius
1173 298 1269 359 (36)
1297 297 1354 343 ad
1378 297 1572 345 tollenda
1604 316 1629 345 e
1662 316 1754 347 me-

280 375 355 422 dio
388 372 662 421 clandestina
691 372 923 436 coniugia,
954 373 1151 438 'primum
1188 390 1214 419 a
1244 373 1444 437 patribus
1478 375 1752 438 propositum

280 451 444 507 fuisse,
472 459 520 496 ut
543 450 588 495 in
613 458 838 513 posterum
873 448 998 495 irrita
1032 449 1186 496 fierent
1225 449 1469 505 connubia,
1509 467 1626 514 quae
1657 451 1757 498 sine

279 523 420 573 tribus
447 523 634 571 testibus
676 523 764 570 fide
803 523 951 587 dignis
984 523 1202 571 celebrata
1235 525 1451 581 fuissent,
1489 525 1648 589 absque
1680 543 1753 573 sa-

280 600 461 647 cerdotis
490 596 760 663 praesentiae
791 601 1053 646 necessitate.
1084 597 1312 664 Proposita
1345 610 1490 647 autem
1524 601 1608 647 fuit
1643 600 1755 648 haec

280 676 442 724 decreti
467 676 655 723 formula
679 675 946 723 sancienda:
973 676 1295 723 «sacrosancta
1317 677 1398 723 Dei
1427 677 1636 734 ecclesia,
1658 676 1753 743 Spi-

279 752 366 800 ritu
400 762 552 799 sancto
578 751 753 808 afflata,
791 751 1146 799 animadvertens
1180 749 1346 815 magna
1376 753 1655 800 incommoda
1673 791 1683 810 ,
1710 765 1754 801 et

278 827 431 891 gravia
463 838 667 894 peccata,
699 845 812 892 quae
841 845 893 874 ex
928 827 1217 875 clandestinis
1251 825 1471 892 coniugiis
1499 840 1641 876 ortum
1676 830 1752 876 ha-

278 902 405 960 bent,
444 903 701 969 praesertim
735 918 837 951 vero
877 919 1027 950 eorum
1051 941 1061 959 ,
1101 904 1177 967 qui
1214 903 1260 949 in
1296 914 1412 951 statu
1451 900 1750 952 damnationis

279 990 561 1044 permanent,
591 979 698 1025 dum
733 995 866 1043 saepe
892 979 1039 1042 priore
1073 976 1235 1035 uxore,
1263 996 1363 1026 cum
1397 997 1487 1044 qua
1515 979 1629 1027 616111
1654 997 1754 1027 con-

278 1064 525 1111 traxerunt,
559 1055 737 1112 relicta,
779 1072 878 1102 cum
912 1054 1000 1101 alia
1025 1054 1170 1119 palam
1199 1055 1483 1113 contrahunt,
1511 1066 1675 1103 etcum
1700 1074 1752 1104 ea

277 1132 324 1178 in
347 1130 562 1178 adulterio
584 1131 762 1187 vivunt,
791 1130 905 1177 alias
927 1131 1204 1194 gravissimis
1238 1132 1393 1196 poenis
1417 1149 1469 1178 ea
1491 1132 1744 1197 prohibuit,

277 1207 522 1272 eademque
543 1217 690 1254 tamen
715 1207 839 1253 irrita
863 1224 952 1254 non
978 1207 1096 1253 fecit.
1125 1207 1211 1254 Sed
1235 1207 1345 1254 haec
1369 1218 1653 1255 sacrosancta
1676 1208 1751 1272 s'y-

278 1283 445 1341 nodus,
473 1301 573 1331 cum
607 1284 948 1341 animadvertat,
977 1284 1220 1332 remedium
1254 1283 1363 1331 illud
1398 1295 1575 1350 propter
1607 1284 1752 1331 homi-

278 1376 384 1405 num
419 1359 766 1406 inobedientiam
801 1359 1032 1424 hucusque
1065 1377 1221 1424 parum
1248 1359 1489 1424 profuisse,
1523 1359 1745 1416 decernit,

278 1444 328 1481 ut
351 1435 398 1480 in
429 1445 652 1500 posterum
686 1435 968 1483 matrimonia
1002 1435 1104 1491 illa,
1142 1453 1257 1500 quae
1284 1435 1397 1483 61661
1431 1435 1752 1482 contrahuntur

278 1511 436 1576 absque
462 1513 598 1559 tribus
623 1513 821 1566 testibus,
850 1509 974 1559 irrita
997 1512 1108 1568 sint,
1130 1512 1504 1576 quemadmodum
1529 1512 1750 1577 praesenti

278 1587 453 1635 decreto
496 1589 620 1636 irrita
668 1589 773 1636 facit
819 1590 968 1651 (37).»
997 1589 1173 1636 Refecta
1207 1588 1369 1635 deinde
1406 1589 1488 1635 fuit
1522 1589 1631 1635 haec
1664 1589 1753 1636 for-

278 1664 426 1722 mula,
461 1666 735 1731 suffectaque
770 1665 858 1712 alia
891 1675 984 1722 est,
1030 1683 1117 1729 qua
1154 1664 1452 1712 statuebatur:
1486 1684 1509 1709 «
1530 1665 1750 1711 Inhabiles

276 1741 367 1805 sore
401 1742 460 1788 ad
492 1740 846 1797 contrahendum,
875 1743 953 1806 qai
973 1742 1131 1806 absque
1152 1743 1402 1806 praesentia
1433 1742 1587 1789 saltem
1622 1743 1751 1788 trium

277 1818 449 1864 testium
471 1818 517 1864 id
542 1827 802 1865 attentarent
823 1819 975 1880 (38).»

373 1893 596 1941 Hactenus
632 1910 688 1940 ne
722 1894 886 1941 mentio
931 1893 1112 1959 quidem
1146 1893 1261 1940 facta
1293 1893 1435 1940 fuerat
1468 1892 1711 1940 sacerdotis
1734 1931 1744 1948 ‚

275 1970 687 2035 benedictionisque
715 1970 1001 2018 sacerdotalis
1026 1970 1073 2016 in
1098 1970 1392 2017 celebratione
1420 1969 1642 2032 coniugii,
1671 1969 1750 2016 do-

277 2063 356 2093 nec
382 2046 502 2094 card.
527 2047 859 2111 Lotharingius,
898 2065 996 2095 61161
1031 2046 1148 2094 mala
1181 2056 1512 2103 enumerasset,
1552 2063 1666 2111 quae
1697 2063 1749 2092 ex

275 2123 562 2171 clandestinis
595 2124 889 2172 matrimoniis
922 2124 1260 2190 proveniebant,
1289 2134 1332 2170 et
1355 2123 1465 2170 illud
1500 2122 1740 2178 recensuit,

275 2200 394 2265 quod
440 2200 496 2247 ob
537 2201 690 2263 gravia
736 2200 896 2248 delicta
923 2238 933 2258 ,
990 2217 1104 2265 quae
1145 2200 1313 2265 passim
1359 2198 1647 2264 patrabantur
1691 2197 1747 2243 ob

275 2276 494 2323 eiusmodi
539 2277 767 2340 coniugia,
817 2278 1078 2324 sacramenti
1114 2279 1261 2341 qratia
1303 2278 1350 2323 in
1392 2276 1563 2338 sceleris
1601 2273 1746 2320 'sordes

275 2347 614 2400 converteretur.
657 2353 723 2398 Ex
763 2369 851 2417 quo
896 2363 1044 2417 patet,
1083 2362 1132 2399 ut
1178 2353 1223 2398 id
1269 2352 1410 2400 obiter
1438 2339 1681 2397 [moneatur
1721 2366 1747 2395 a

275 2429 473 2493 patribus
507 2429 760 2476 tridentinis
794 2429 1001 2492 coniugia
1034 2428 1313 2476 clandestina
1346 2438 1570 2492 tamquam
1598 2442 1747 2472 sacra-

276 2516 423 2553 menta
456 2516 649 2571 spectata
678 2506 838 2562 fuisse,
867 2523 983 2571 quae
1005 2506 1190 2569 gratiam
1214 2522 1266 2552 ex
1290 2521 1422 2569 opere
1445 2502 1621 2568 operato
1645 2519 1745 2567 pro-

276 2581 509 2639 ducerent,
549 2582 637 2630 nisi
679 2582 846 2630 abusus
881 2581 991 2629 obex
1026 2580 1300 2636 obstitisset,
1344 2578 1527 2626 minime
1563 2595 1667 2639 vero
1699 2588 1748 2624 ut

370 2728 436 2769 (36)
455 2730 548 2761 Huc.
573 2738 666 2763 conc.
684 2729 777 2763 Trid.
793 2728 1120 2770 lib.xx11.oap.1v.
1138 2736 1170 2760 n.
1189 2732 1219 2760 5.

371 2781 437 2821 (37)
460 2783 553 2814 Num.
572 2788 601 2816 3.

370 2832 436 2873 (³8)
457 2835 552 2866 Num.
570 2837 600 2867 4,
