<?xml version="1.0" encoding="UTF-8"?>
<!DOCTYPE html PUBLIC "-//W3C//DTD XHTML 1.0 Transitional//EN"
    "http://www.w3.org/TR/xhtml1/DTD/xhtml1-transitional.dtd">
<html xmlns="http://www.w3.org/1999/xhtml" xml:lang="en" lang="en">
 <head>
  <title>
</title>
<meta http-equiv="Content-Type" content="text/html;charset=utf-8" />
  <meta name='ocr-system' content='tesseract 3.04.00' />
  <meta name='ocr-capabilities' content='ocr_page ocr_carea ocr_par ocr_line ocrx_word'/>
</head>
<body>
  <div class='ocr_page' id='page_1' title='image "a603380701perruoft_0457.png"; bbox 0 0 1912 3180; ppageno 0'>
   <div class='ocr_carea' id='block_1_1' title="bbox 322 217 1656 271">
    <p class='ocr_par' dir='ltr' id='par_1_1' title="bbox 322 217 1656 271">
     <span class='ocr_line' id='line_1_1' title="bbox 322 217 1656 271; baseline -0.001 -2"><span class='ocrx_word' id='word_1_1' title='bbox 322 237 413 269; x_wconf 60' lang='lat' dir='ltr'><strong>cir.</strong></span> <span class='ocrx_word' id='word_1_2' title='bbox 432 235 489 269; x_wconf 80' lang='grc' dir='ltr'><strong>ιν.</strong></span> <span class='ocrx_word' id='word_1_3' title='bbox 508 234 559 269; x_wconf 65' lang='lat' dir='ltr'><strong>nt:</strong></span> <span class='ocrx_word' id='word_1_4' title='bbox 582 236 739 271; x_wconf 68' lang='lat' dir='ltr'><strong>Ancum.</strong></span> <span class='ocrx_word' id='word_1_5' title='bbox 756 236 832 269; x_wconf 74' lang='lat' dir='ltr'><strong>ruo</strong></span> <span class='ocrx_word' id='word_1_6' title='bbox 857 234 960 269; x_wconf 70' lang='lat' dir='ltr'><strong>taen</strong></span> <span class='ocrx_word' id='word_1_7' title='bbox 985 237 1037 269; x_wconf 78' lang='lat' dir='ltr'><strong>nr.</strong></span> <span class='ocrx_word' id='word_1_8' title='bbox 1061 237 1186 269; x_wconf 71' lang='lat' dir='ltr'><strong>nun.</strong></span> <span class='ocrx_word' id='word_1_9' title='bbox 1203 235 1288 269; x_wconf 68' lang='grc' dir='ltr'><strong>ειν.</strong></span> <span class='ocrx_word' id='word_1_10' title='bbox 1310 236 1405 269; x_wconf 58' lang='lat' dir='ltr'><strong>aar.</strong></span> <span class='ocrx_word' id='word_1_11' title='bbox 1431 237 1493 269; x_wconf 91' lang='grc' dir='ltr'><strong>ιιι.</strong></span> <span class='ocrx_word' id='word_1_12' title='bbox 1568 217 1656 268; x_wconf 72' lang='grc'><strong>435</strong></span> 
     </span>
    </p>
   </div>
   <div class='ocr_carea' id='block_1_2' title="bbox 187 314 1716 2803">
    <p class='ocr_par' dir='ltr' id='par_1_2' title="bbox 188 314 1660 1062">
     <span class='ocr_line' id='line_1_2' title="bbox 193 314 1659 380; baseline 0.001 -18"><span class='ocrx_word' id='word_1_13' title='bbox 193 317 387 380; x_wconf 74' lang='lat' dir='ltr'><strong>regimen</strong></span> <span class='ocrx_word' id='word_1_14' title='bbox 421 316 577 372; x_wconf 88' lang='lat' dir='ltr'><strong>civile,</strong></span> <span class='ocrx_word' id='word_1_15' title='bbox 610 316 648 363; x_wconf 86' lang='lat' dir='ltr'><strong>si</strong></span> <span class='ocrx_word' id='word_1_16' title='bbox 673 315 780 363; x_wconf 82' lang='lat' dir='ltr'><strong>velit</strong></span> <span class='ocrx_word' id='word_1_17' title='bbox 811 315 892 362; x_wconf 86' lang='lat' dir='ltr'><strong>rite</strong></span> <span class='ocrx_word' id='word_1_18' title='bbox 923 314 1072 363; x_wconf 84' lang='lat' dir='ltr'><strong>officio</strong></span> <span class='ocrx_word' id='word_1_19' title='bbox 1107 332 1190 362; x_wconf 88' lang='lat' dir='ltr'><strong>suo</strong></span> <span class='ocrx_word' id='word_1_20' title='bbox 1224 315 1377 378; x_wconf 81' lang='lat' dir='ltr'><strong>fungi,</strong></span> <span class='ocrx_word' id='word_1_21' title='bbox 1403 314 1481 362; x_wconf 87' lang='lat' dir='ltr'><strong>ubi</strong></span> <span class='ocrx_word' id='word_1_22' title='bbox 1505 314 1659 378; x_wconf 81' lang='lat' dir='ltr'><strong>religio</strong></span> 
     </span>
     <span class='ocr_line' id='line_1_3' title="bbox 191 389 1660 455; baseline -0.002 -15"><span class='ocrx_word' id='word_1_23' title='bbox 191 392 409 440; x_wconf 89' lang='lat' dir='ltr'><strong>catholica</strong></span> <span class='ocrx_word' id='word_1_24' title='bbox 443 402 510 439; x_wconf 90' lang='lat' dir='ltr'><strong>est</strong></span> <span class='ocrx_word' id='word_1_25' title='bbox 550 391 620 439; x_wconf 82' lang='lat' dir='ltr'><strong>lex</strong></span> <span class='ocrx_word' id='word_1_26' title='bbox 660 392 783 455; x_wconf 80' lang='lat' dir='ltr'><strong>regni</strong></span> <span class='ocrx_word' id='word_1_27' title='bbox 815 389 885 439; x_wconf 84' lang='lat' dir='ltr'><strong>vel</strong></span> <span class='ocrx_word' id='word_1_28' title='bbox 920 390 1189 455; x_wconf 87' lang='lat' dir='ltr'><strong>reipublicae</strong></span> <span class='ocrx_word' id='word_1_29' title='bbox 1210 428 1221 447; x_wconf 86' lang='lat'>‚</span> <span class='ocrx_word' id='word_1_30' title='bbox 1259 391 1425 438; x_wconf 84' lang='lat' dir='ltr'><strong>efficiat</strong></span> <span class='ocrx_word' id='word_1_31' title='bbox 1452 401 1501 438; x_wconf 91' lang='lat' dir='ltr'><strong>ut</strong></span> <span class='ocrx_word' id='word_1_32' title='bbox 1535 408 1563 438; x_wconf 89' lang='lat' dir='ltr'><strong>a</strong></span> <span class='ocrx_word' id='word_1_33' title='bbox 1595 391 1660 438; x_wconf 89' lang='lat' dir='ltr'><strong>ci-</strong></span> 
     </span>
     <span class='ocr_line' id='line_1_4' title="bbox 190 466 1658 531; baseline 0 -17"><span class='ocrx_word' id='word_1_34' title='bbox 190 468 322 515; x_wconf 87' lang='lat' dir='ltr'><strong>vibus</strong></span> <span class='ocrx_word' id='word_1_35' title='bbox 356 484 408 514; x_wconf 89' lang='lat' dir='ltr'><strong>ea</strong></span> <span class='ocrx_word' id='word_1_36' title='bbox 425 505 435 523; x_wconf 88' lang='lat'>‚</span> <span class='ocrx_word' id='word_1_37' title='bbox 474 484 591 531; x_wconf 88' lang='lat' dir='ltr'><strong>quae</strong></span> <span class='ocrx_word' id='word_1_38' title='bbox 618 467 676 513; x_wconf 91' lang='lat' dir='ltr'><strong>ad</strong></span> <span class='ocrx_word' id='word_1_39' title='bbox 705 466 964 529; x_wconf 83' lang='lat' dir='ltr'>religionem</span> <span class='ocrx_word' id='word_1_40' title='bbox 989 476 1216 531; x_wconf 89' lang='lat' dir='ltr'><strong>spectant,</strong></span> <span class='ocrx_word' id='word_1_41' title='bbox 1244 477 1490 514; x_wconf 88' lang='lat' dir='ltr'><strong>serventur.</strong></span> <span class='ocrx_word' id='word_1_42' title='bbox 1518 466 1658 514; x_wconf 85' lang='lat' dir='ltr'><strong>Debet</strong></span> 
     </span>
     <span class='ocr_line' id='line_1_5' title="bbox 188 539 1653 606; baseline 0 -17"><span class='ocrx_word' id='word_1_43' title='bbox 188 543 309 590; x_wconf 89' lang='lat' dir='ltr'><strong>enim</strong></span> <span class='ocrx_word' id='word_1_44' title='bbox 338 552 535 606; x_wconf 89' lang='lat' dir='ltr'><strong>potestas</strong></span> <span class='ocrx_word' id='word_1_45' title='bbox 561 541 706 589; x_wconf 86' lang='lat' dir='ltr'><strong>civilis</strong></span> <span class='ocrx_word' id='word_1_46' title='bbox 733 541 948 589; x_wconf 88' lang='lat' dir='ltr'><strong>ecclesiae</strong></span> <span class='ocrx_word' id='word_1_47' title='bbox 972 552 1149 605; x_wconf 88' lang='lat' dir='ltr'><strong>praesto</strong></span> <span class='ocrx_word' id='word_1_48' title='bbox 1168 558 1269 589; x_wconf 90' lang='lat' dir='ltr'><strong>esse</strong></span> <span class='ocrx_word' id='word_1_49' title='bbox 1286 540 1332 588; x_wconf 89' lang='lat' dir='ltr'><strong>in</strong></span> <span class='ocrx_word' id='word_1_50' title='bbox 1352 539 1408 589; x_wconf 86' lang='lat' dir='ltr'><strong>iis</strong></span> <span class='ocrx_word' id='word_1_51' title='bbox 1428 542 1653 598; x_wconf 90' lang='lat' dir='ltr'><strong>omnibus,</strong></span> 
     </span>
     <span class='ocr_line' id='line_1_6' title="bbox 191 613 1656 682; baseline -0.001 -17"><span class='ocrx_word' id='word_1_52' title='bbox 191 635 307 682; x_wconf 88' lang='lat' dir='ltr'><strong>quae</strong></span> <span class='ocrx_word' id='word_1_53' title='bbox 341 618 436 664; x_wconf 91' lang='lat' dir='ltr'><strong>eius</strong></span> <span class='ocrx_word' id='word_1_54' title='bbox 477 617 674 664; x_wconf 87' lang='lat' dir='ltr'><strong>muneris</strong></span> <span class='ocrx_word' id='word_1_55' title='bbox 709 625 845 673; x_wconf 89' lang='lat' dir='ltr'><strong>sunt,</strong></span> <span class='ocrx_word' id='word_1_56' title='bbox 883 627 927 663; x_wconf 89' lang='lat' dir='ltr'><strong>et</strong></span> <span class='ocrx_word' id='word_1_57' title='bbox 965 615 1022 663; x_wconf 88' lang='lat' dir='ltr'><strong>ab</strong></span> <span class='ocrx_word' id='word_1_58' title='bbox 1057 616 1157 681; x_wconf 90' lang='lat' dir='ltr'><strong>ipsa</strong></span> <span class='ocrx_word' id='word_1_59' title='bbox 1190 617 1332 681; x_wconf 91' lang='lat' dir='ltr'><strong>poscit</strong></span> <span class='ocrx_word' id='word_1_60' title='bbox 1365 617 1571 664; x_wconf 89' lang='lat' dir='ltr'><strong>ecclesia.</strong></span> <span class='ocrx_word' id='word_1_61' title='bbox 1611 613 1656 663; x_wconf 91' lang='lat' dir='ltr'><strong>Si</strong></span> 
     </span>
     <span class='ocr_line' id='line_1_7' title="bbox 191 690 1657 758; baseline -0.001 -18"><span class='ocrx_word' id='word_1_62' title='bbox 191 711 337 741; x_wconf 90' lang='lat' dir='ltr'><strong>sermo</strong></span> <span class='ocrx_word' id='word_1_63' title='bbox 371 694 430 740; x_wconf 91' lang='lat' dir='ltr'><strong>sit</strong></span> <span class='ocrx_word' id='word_1_64' title='bbox 463 694 519 740; x_wconf 90' lang='lat' dir='ltr'><strong>de</strong></span> <span class='ocrx_word' id='word_1_65' title='bbox 553 690 706 758; x_wconf 82' lang='lat' dir='ltr'><strong>aliqua</strong></span> <span class='ocrx_word' id='word_1_66' title='bbox 752 692 986 740; x_wconf 88' lang='lat' dir='ltr'><strong>statuenda</strong></span> <span class='ocrx_word' id='word_1_67' title='bbox 1024 691 1121 755; x_wconf 84' lang='lat' dir='ltr'><strong>lege</strong></span> <span class='ocrx_word' id='word_1_68' title='bbox 1166 692 1283 740; x_wconf 88' lang='lat' dir='ltr'><strong>circa</strong></span> <span class='ocrx_word' id='word_1_69' title='bbox 1328 693 1657 741; x_wconf 83' lang='lat' dir='ltr'><strong>matrimonium</strong></span> 
     </span>
     <span class='ocr_line' id='line_1_8' title="bbox 189 767 1658 833; baseline 0 -17"><span class='ocrx_word' id='word_1_70' title='bbox 189 769 270 816; x_wconf 85' lang='lat' dir='ltr'><strong>sub</strong></span> <span class='ocrx_word' id='word_1_71' title='bbox 299 787 440 833; x_wconf 76' lang='lat' dir='ltr'><strong>poena</strong></span> <span class='ocrx_word' id='word_1_72' title='bbox 471 770 715 824; x_wconf 81' lang='lat' dir='ltr'><strong>nullitatis,</strong></span> <span class='ocrx_word' id='word_1_73' title='bbox 749 779 867 816; x_wconf 89' lang='lat' dir='ltr'><strong>certe</strong></span> <span class='ocrx_word' id='word_1_74' title='bbox 895 767 1041 815; x_wconf 89' lang='lat' dir='ltr'><strong>civilis</strong></span> <span class='ocrx_word' id='word_1_75' title='bbox 1076 769 1314 816; x_wconf 87' lang='lat' dir='ltr'><strong>auctoritas</strong></span> <span class='ocrx_word' id='word_1_76' title='bbox 1347 779 1538 816; x_wconf 84' lang='lat' dir='ltr'><strong>statuere</strong></span> <span class='ocrx_word' id='word_1_77' title='bbox 1561 786 1658 816; x_wconf 88' lang='lat' dir='ltr'><strong>eam</strong></span> 
     </span>
     <span class='ocr_line' id='line_1_9' title="bbox 190 842 1655 910; baseline 0.001 -18"><span class='ocrx_word' id='word_1_78' title='bbox 190 862 279 892; x_wconf 90' lang='lat' dir='ltr'><strong>non</strong></span> <span class='ocrx_word' id='word_1_79' title='bbox 302 855 470 910; x_wconf 89' lang='lat' dir='ltr'><strong>potest,</strong></span> <span class='ocrx_word' id='word_1_80' title='bbox 503 863 603 894; x_wconf 92' lang='lat' dir='ltr'><strong>cum</strong></span> <span class='ocrx_word' id='word_1_81' title='bbox 628 845 713 893; x_wconf 90' lang='lat' dir='ltr'><strong>hoc</strong></span> <span class='ocrx_word' id='word_1_82' title='bbox 735 845 919 893; x_wconf 82' lang='lat' dir='ltr'><strong>excedat</strong></span> <span class='ocrx_word' id='word_1_83' title='bbox 945 844 1109 891; x_wconf 86' lang='lat' dir='ltr'><strong>limites</strong></span> <span class='ocrx_word' id='word_1_84' title='bbox 1136 844 1337 892; x_wconf 90' lang='lat' dir='ltr'><strong>eiusdem</strong></span> <span class='ocrx_word' id='word_1_85' title='bbox 1367 842 1655 903; x_wconf 85' lang='lat' dir='ltr'><strong>auctoritatis,</strong></span> 
     </span>
     <span class='ocr_line' id='line_1_10' title="bbox 191 920 1658 986; baseline 0 -18"><span class='ocrx_word' id='word_1_86' title='bbox 191 931 336 986; x_wconf 88' lang='lat' dir='ltr'><strong>potest</strong></span> <span class='ocrx_word' id='word_1_87' title='bbox 367 938 472 969; x_wconf 83' lang='lat' dir='ltr'><strong>vero</strong></span> <span class='ocrx_word' id='word_1_88' title='bbox 505 921 659 986; x_wconf 89' lang='lat' dir='ltr'><strong>utique</strong></span> <span class='ocrx_word' id='word_1_89' title='bbox 692 931 735 968; x_wconf 93' lang='lat' dir='ltr'><strong>et</strong></span> <span class='ocrx_word' id='word_1_90' title='bbox 767 920 898 968; x_wconf 91' lang='lat' dir='ltr'><strong>debet</strong></span> <span class='ocrx_word' id='word_1_91' title='bbox 940 920 1084 983; x_wconf 82' lang='lat' dir='ltr'><strong>legem</strong></span> <span class='ocrx_word' id='word_1_92' title='bbox 1123 920 1343 968; x_wconf 87' lang='lat' dir='ltr'><strong>eiusmodi</strong></span> <span class='ocrx_word' id='word_1_93' title='bbox 1378 921 1434 968; x_wconf 81' lang='lat' dir='ltr'><strong>ab</strong></span> <span class='ocrx_word' id='word_1_94' title='bbox 1468 921 1658 970; x_wconf 91' lang='lat' dir='ltr'><strong>ecclesia</strong></span> 
     </span>
     <span class='ocr_line' id='line_1_11' title="bbox 190 996 1208 1062; baseline -0.002 -18"><span class='ocrx_word' id='word_1_95' title='bbox 190 996 325 1044; x_wconf 88' lang='lat' dir='ltr'><strong>latam</strong></span> <span class='ocrx_word' id='word_1_96' title='bbox 358 997 479 1044; x_wconf 92' lang='lat' dir='ltr'><strong>omni</strong></span> <span class='ocrx_word' id='word_1_97' title='bbox 514 997 738 1062; x_wconf 90' lang='lat' dir='ltr'><strong>praesidio</strong></span> <span class='ocrx_word' id='word_1_98' title='bbox 778 1014 956 1044; x_wconf 88' lang='lat' dir='ltr'><strong>servare</strong></span> <span class='ocrx_word' id='word_1_99' title='bbox 988 1014 1040 1043; x_wconf 89' lang='lat' dir='ltr'><strong>ac</strong></span> <span class='ocrx_word' id='word_1_100' title='bbox 1078 996 1208 1043; x_wconf 88' lang='lat' dir='ltr'><strong>tueri.</strong></span> 
     </span>
    </p>

    <p class='ocr_par' dir='ltr' id='par_1_3' title="bbox 187 1073 1660 1970">
     <span class='ocr_line' id='line_1_12' title="bbox 288 1073 1658 1138; baseline 0.001 -19"><span class='ocrx_word' id='word_1_101' title='bbox 288 1073 392 1120; x_wconf 87' lang='lat' dir='ltr'><strong>ldeo</strong></span> <span class='ocrx_word' id='word_1_102' title='bbox 415 1091 518 1121; x_wconf 84' lang='lat' dir='ltr'><strong>vero</strong></span> <span class='ocrx_word' id='word_1_103' title='bbox 552 1073 640 1120; x_wconf 83' lang='lat' dir='ltr'><strong>dici</strong></span> <span class='ocrx_word' id='word_1_104' title='bbox 677 1073 831 1138; x_wconf 90' lang='lat' dir='ltr'><strong>nequit</strong></span> <span class='ocrx_word' id='word_1_105' title='bbox 864 1074 1124 1127; x_wconf 77' lang='lat' dir='ltr'><strong>haereticus,</strong></span> <span class='ocrx_word' id='word_1_106' title='bbox 1156 1082 1234 1119; x_wconf 92' lang='lat' dir='ltr'><strong>aut</strong></span> <span class='ocrx_word' id='word_1_107' title='bbox 1260 1073 1558 1121; x_wconf 74' lang='lat' dir='ltr'><strong>schismaticus</strong></span> <span class='ocrx_word' id='word_1_108' title='bbox 1581 1074 1658 1138; x_wconf 87' lang='lat' dir='ltr'><strong>qui</strong></span> 
     </span>
     <span class='ocr_line' id='line_1_13' title="bbox 192 1148 1659 1214; baseline 0.001 -18"><span class='ocrx_word' id='word_1_109' title='bbox 192 1159 309 1197; x_wconf 87' lang='lat' dir='ltr'><strong>tenet</strong></span> <span class='ocrx_word' id='word_1_110' title='bbox 333 1150 581 1197; x_wconf 85' lang='lat' dir='ltr'><strong>doctrinam</strong></span> <span class='ocrx_word' id='word_1_111' title='bbox 607 1150 663 1197; x_wconf 90' lang='lat' dir='ltr'><strong>de</strong></span> <span class='ocrx_word' id='word_1_112' title='bbox 689 1150 957 1213; x_wconf 74' lang='lat' dir='ltr'><strong>separatione</strong></span> <span class='ocrx_word' id='word_1_113' title='bbox 991 1165 1071 1196; x_wconf 90' lang='lat' dir='ltr'><strong>seu</strong></span> <span class='ocrx_word' id='word_1_114' title='bbox 1105 1148 1162 1195; x_wconf 91' lang='lat' dir='ltr'><strong>de</strong></span> <span class='ocrx_word' id='word_1_115' title='bbox 1193 1149 1517 1214; x_wconf 74' lang='lat' dir='ltr'><strong>separabilitate</strong></span> <span class='ocrx_word' id='word_1_116' title='bbox 1545 1149 1659 1197; x_wconf 89' lang='lat' dir='ltr'><strong>inter</strong></span> 
     </span>
     <span class='ocr_line' id='line_1_14' title="bbox 188 1223 1660 1288; baseline 0 -17"><span class='ocrx_word' id='word_1_117' title='bbox 188 1235 463 1271; x_wconf 88' lang='lat' dir='ltr'><strong>contractum</strong></span> <span class='ocrx_word' id='word_1_118' title='bbox 504 1235 547 1272; x_wconf 92' lang='lat' dir='ltr'><strong>et</strong></span> <span class='ocrx_word' id='word_1_119' title='bbox 582 1235 935 1280; x_wconf 87' lang='lat' dir='ltr'><strong>sacramentum,</strong></span> <span class='ocrx_word' id='word_1_120' title='bbox 973 1223 1080 1288; x_wconf 89' lang='lat' dir='ltr'><strong>quia</strong></span> <span class='ocrx_word' id='word_1_121' title='bbox 1114 1223 1235 1270; x_wconf 83' lang='lat' dir='ltr'><strong>nulla</strong></span> <span class='ocrx_word' id='word_1_122' title='bbox 1269 1224 1355 1271; x_wconf 89' lang='lat' dir='ltr'><strong>hac</strong></span> <span class='ocrx_word' id='word_1_123' title='bbox 1386 1225 1442 1271; x_wconf 92' lang='lat' dir='ltr'><strong>de</strong></span> <span class='ocrx_word' id='word_1_124' title='bbox 1476 1242 1522 1271; x_wconf 90' lang='lat' dir='ltr'><strong>re</strong></span> <span class='ocrx_word' id='word_1_125' title='bbox 1555 1224 1660 1272; x_wconf 89' lang='lat' dir='ltr'><strong>data</strong></span> 
     </span>
     <span class='ocr_line' id='line_1_15' title="bbox 191 1299 1659 1365; baseline 0.001 -19"><span class='ocrx_word' id='word_1_126' title='bbox 191 1300 273 1347; x_wconf 80' lang='lat' dir='ltr'><strong>suit</strong></span> <span class='ocrx_word' id='word_1_127' title='bbox 293 1318 504 1365; x_wconf 86' lang='lat' dir='ltr'><strong>expressa</strong></span> <span class='ocrx_word' id='word_1_128' title='bbox 528 1319 580 1348; x_wconf 92' lang='lat' dir='ltr'><strong>ac</strong></span> <span class='ocrx_word' id='word_1_129' title='bbox 603 1300 800 1348; x_wconf 86' lang='lat' dir='ltr'><strong>formalis</strong></span> <span class='ocrx_word' id='word_1_130' title='bbox 820 1300 876 1347; x_wconf 87' lang='lat' dir='ltr'><strong>ab</strong></span> <span class='ocrx_word' id='word_1_131' title='bbox 896 1299 1084 1347; x_wconf 89' lang='lat' dir='ltr'><strong>ecclesia</strong></span> <span class='ocrx_word' id='word_1_132' title='bbox 1106 1300 1321 1347; x_wconf 88' lang='lat' dir='ltr'><strong>definitio.</strong></span> <span class='ocrx_word' id='word_1_133' title='bbox 1354 1300 1510 1347; x_wconf 88' lang='lat' dir='ltr'><strong>Verum</strong></span> <span class='ocrx_word' id='word_1_134' title='bbox 1539 1300 1659 1348; x_wconf 86' lang='lat' dir='ltr'><strong>eius-</strong></span> 
     </span>
     <span class='ocr_line' id='line_1_16' title="bbox 190 1375 1660 1440; baseline 0 -18"><span class='ocrx_word' id='word_1_135' title='bbox 190 1376 311 1423; x_wconf 87' lang='lat' dir='ltr'><strong>modi</strong></span> <span class='ocrx_word' id='word_1_136' title='bbox 336 1376 609 1424; x_wconf 88' lang='lat' dir='ltr'><strong>definitionis</strong></span> <span class='ocrx_word' id='word_1_137' title='bbox 637 1376 841 1424; x_wconf 81' lang='lat' dir='ltr'><strong>defectus</strong></span> <span class='ocrx_word' id='word_1_138' title='bbox 866 1394 953 1423; x_wconf 92' lang='lat' dir='ltr'><strong>non</strong></span> <span class='ocrx_word' id='word_1_139' title='bbox 981 1376 1167 1440; x_wconf 90' lang='lat' dir='ltr'><strong>impedit</strong></span> <span class='ocrx_word' id='word_1_140' title='bbox 1189 1375 1427 1440; x_wconf 90' lang='lat' dir='ltr'><strong>quominus</strong></span> <span class='ocrx_word' id='word_1_141' title='bbox 1460 1376 1660 1424; x_wconf 88' lang='lat' dir='ltr'><strong>doctrina</strong></span> 
     </span>
     <span class='ocr_line' id='line_1_17' title="bbox 190 1451 1658 1516; baseline 0.001 -18"><span class='ocrx_word' id='word_1_142' title='bbox 190 1451 278 1498; x_wconf 91' lang='lat' dir='ltr'><strong>dici</strong></span> <span class='ocrx_word' id='word_1_143' title='bbox 326 1469 413 1499; x_wconf 90' lang='lat' dir='ltr'><strong>non</strong></span> <span class='ocrx_word' id='word_1_144' title='bbox 447 1451 605 1499; x_wconf 88' lang='lat' dir='ltr'><strong>debeat</strong></span> <span class='ocrx_word' id='word_1_145' title='bbox 637 1452 780 1516; x_wconf 81' lang='lat' dir='ltr'><strong>salsa,</strong></span> <span class='ocrx_word' id='word_1_146' title='bbox 819 1468 993 1498; x_wconf 89' lang='lat' dir='ltr'><strong>erronea</strong></span> <span class='ocrx_word' id='word_1_147' title='bbox 1026 1461 1069 1498; x_wconf 92' lang='lat' dir='ltr'><strong>et</strong></span> <span class='ocrx_word' id='word_1_148' title='bbox 1101 1451 1315 1498; x_wconf 89' lang='lat' dir='ltr'><strong>ecclesiae</strong></span> <span class='ocrx_word' id='word_1_149' title='bbox 1347 1451 1575 1498; x_wconf 87' lang='lat' dir='ltr'><strong>doctrinae</strong></span> <span class='ocrx_word' id='word_1_150' title='bbox 1607 1469 1658 1499; x_wconf 90' lang='lat' dir='ltr'><strong>ac</strong></span> 
     </span>
     <span class='ocr_line' id='line_1_18' title="bbox 189 1526 1659 1592; baseline 0.001 -20"><span class='ocrx_word' id='word_1_151' title='bbox 189 1527 313 1591; x_wconf 84' lang='lat' dir='ltr'><strong>praxi</strong></span> <span class='ocrx_word' id='word_1_152' title='bbox 348 1528 592 1581; x_wconf 77' lang='lat' dir='ltr'><strong>contraria,</strong></span> <span class='ocrx_word' id='word_1_153' title='bbox 620 1527 763 1591; x_wconf 85' lang='lat' dir='ltr'><strong>etqui</strong></span> <span class='ocrx_word' id='word_1_154' title='bbox 798 1544 896 1573; x_wconf 90' lang='lat' dir='ltr'><strong>eam</strong></span> <span class='ocrx_word' id='word_1_155' title='bbox 930 1526 1180 1591; x_wconf 85' lang='lat' dir='ltr'><strong>profitetur,</strong></span> <span class='ocrx_word' id='word_1_156' title='bbox 1222 1529 1496 1581; x_wconf 69' lang='lat' dir='ltr'><strong>temerarius‘,</strong></span> <span class='ocrx_word' id='word_1_157' title='bbox 1527 1538 1659 1592; x_wconf 88' lang='lat' dir='ltr'><strong>atque</strong></span> 
     </span>
     <span class='ocr_line' id='line_1_19' title="bbox 189 1602 1660 1666; baseline 0.001 -17"><span class='ocrx_word' id='word_1_158' title='bbox 189 1620 217 1649; x_wconf 90' lang='lat' dir='ltr'><strong>a</strong></span> <span class='ocrx_word' id='word_1_159' title='bbox 251 1619 463 1666; x_wconf 80' lang='lat' dir='ltr'><strong>germana</strong></span> <span class='ocrx_word' id='word_1_160' title='bbox 497 1603 712 1650; x_wconf 89' lang='lat' dir='ltr'><strong>ecclesiae</strong></span> <span class='ocrx_word' id='word_1_161' title='bbox 746 1602 991 1650; x_wconf 88' lang='lat' dir='ltr'><strong>catholicae</strong></span> <span class='ocrx_word' id='word_1_162' title='bbox 1025 1602 1226 1649; x_wconf 89' lang='lat' dir='ltr'><strong>doctrina</strong></span> <span class='ocrx_word' id='word_1_163' title='bbox 1260 1602 1450 1649; x_wconf 87' lang='lat' dir='ltr'><strong>alienus.</strong></span> <span class='ocrx_word' id='word_1_164' title='bbox 1483 1604 1660 1650; x_wconf 88' lang='lat' dir='ltr'><strong>Praeter</strong></span> 
     </span>
     <span class='ocr_line' id='line_1_20' title="bbox 189 1678 1659 1742; baseline 0.001 -18"><span class='ocrx_word' id='word_1_165' title='bbox 189 1679 400 1734; x_wconf 80' lang='lat' dir='ltr'><strong>haeresis,</strong></span> <span class='ocrx_word' id='word_1_166' title='bbox 423 1690 500 1726; x_wconf 92' lang='lat' dir='ltr'><strong>aut</strong></span> <span class='ocrx_word' id='word_1_167' title='bbox 520 1680 764 1726; x_wconf 76' lang='lat' dir='ltr'><strong>schismatis</strong></span> <span class='ocrx_word' id='word_1_168' title='bbox 799 1690 954 1735; x_wconf 88' lang='lat' dir='ltr'><strong>notas,</strong></span> <span class='ocrx_word' id='word_1_169' title='bbox 993 1678 1143 1742; x_wconf 88' lang='lat' dir='ltr'><strong>plures</strong></span> <span class='ocrx_word' id='word_1_170' title='bbox 1177 1678 1292 1725; x_wconf 91' lang='lat' dir='ltr'><strong>aliae</strong></span> <span class='ocrx_word' id='word_1_171' title='bbox 1326 1679 1556 1726; x_wconf 84' lang='lat' dir='ltr'><strong>censoriae</strong></span> <span class='ocrx_word' id='word_1_172' title='bbox 1586 1697 1659 1726; x_wconf 84' lang='lat' dir='ltr'><strong>no·</strong></span> 
     </span>
     <span class='ocr_line' id='line_1_21' title="bbox 188 1754 1659 1819; baseline 0.001 -18"><span class='ocrx_word' id='word_1_173' title='bbox 188 1765 258 1802; x_wconf 92' lang='lat' dir='ltr'><strong>tae</strong></span> <span class='ocrx_word' id='word_1_174' title='bbox 277 1772 358 1801; x_wconf 91' lang='lat' dir='ltr'><strong>seu</strong></span> <span class='ocrx_word' id='word_1_175' title='bbox 376 1771 592 1802; x_wconf 83' lang='lat' dir='ltr'><strong>censurae</strong></span> <span class='ocrx_word' id='word_1_176' title='bbox 626 1766 731 1802; x_wconf 88' lang='lat' dir='ltr'><strong>sunt</strong></span> <span class='ocrx_word' id='word_1_177' title='bbox 764 1755 929 1819; x_wconf 89' lang='lat' dir='ltr'><strong>quibus</strong></span> <span class='ocrx_word' id='word_1_178' title='bbox 964 1754 1316 1819; x_wconf 78' lang='lat' dir='ltr'><strong>propositiones,</strong></span> <span class='ocrx_word' id='word_1_179' title='bbox 1341 1765 1416 1801; x_wconf 92' lang='lat' dir='ltr'><strong>aut</strong></span> <span class='ocrx_word' id='word_1_180' title='bbox 1432 1754 1659 1802; x_wconf 86' lang='lat' dir='ltr'><strong>doctrinae</strong></span> 
     </span>
     <span class='ocr_line' id='line_1_22' title="bbox 189 1828 1651 1894; baseline 0.001 -19"><span class='ocrx_word' id='word_1_181' title='bbox 189 1841 423 1887; x_wconf 85' lang='lat' dir='ltr'><strong>notantur,</strong></span> <span class='ocrx_word' id='word_1_182' title='bbox 459 1847 527 1877; x_wconf 82' lang='lat' dir='ltr'><strong>ex.</strong></span> <span class='ocrx_word' id='word_1_183' title='bbox 563 1848 628 1893; x_wconf 82' lang='lat' dir='ltr'><strong>gr.</strong></span> <span class='ocrx_word' id='word_1_184' title='bbox 652 1828 702 1876; x_wconf 83' lang='lat' dir='ltr'><strong>de</strong></span> <span class='ocrx_word' id='word_1_185' title='bbox 736 1831 903 1876; x_wconf 79' lang='lat' dir='ltr'><strong>haeresi</strong></span> <span class='ocrx_word' id='word_1_186' title='bbox 926 1840 1169 1893; x_wconf 79' lang='lat' dir='ltr'><strong>suspectae,</strong></span> <span class='ocrx_word' id='word_1_187' title='bbox 1210 1830 1376 1876; x_wconf 78' lang='lat' dir='ltr'><strong>haeresi</strong></span> <span class='ocrx_word' id='word_1_188' title='bbox 1402 1832 1651 1894; x_wconf 74' lang='lat' dir='ltr'><strong>proximae,</strong></span> 
     </span>
     <span class='ocr_line' id='line_1_23' title="bbox 187 1907 1319 1970; baseline 0 -18"><span class='ocrx_word' id='word_1_189' title='bbox 187 1907 401 1970; x_wconf 79' lang='lat' dir='ltr'><strong>sapientes</strong></span> <span class='ocrx_word' id='word_1_190' title='bbox 430 1907 660 1961; x_wconf 82' lang='lat' dir='ltr'><strong>haeresim,</strong></span> <span class='ocrx_word' id='word_1_191' title='bbox 696 1907 971 1960; x_wconf 77' lang='lat' dir='ltr'><strong>temerariae,</strong></span> <span class='ocrx_word' id='word_1_192' title='bbox 1013 1923 1208 1952; x_wconf 83' lang='lat' dir='ltr'><strong>erroneae</strong></span> <span class='ocrx_word' id='word_1_193' title='bbox 1240 1916 1319 1952; x_wconf 85' lang='lat' dir='ltr'><strong>etc.</strong></span> 
     </span>
    </p>

    <p class='ocr_par' dir='ltr' id='par_1_4' title="bbox 189 1979 1716 2500">
     <span class='ocr_line' id='line_1_24' title="bbox 284 1979 1659 2046; baseline 0.001 -19"><span class='ocrx_word' id='word_1_194' title='bbox 284 1982 436 2046; x_wconf 90' lang='lat' dir='ltr'><strong>Neque</strong></span> <span class='ocrx_word' id='word_1_195' title='bbox 475 1982 530 2028; x_wconf 90' lang='lat' dir='ltr'><strong>ad</strong></span> <span class='ocrx_word' id='word_1_196' title='bbox 570 1982 654 2029; x_wconf 91' lang='lat' dir='ltr'><strong>hoc</strong></span> <span class='ocrx_word' id='word_1_197' title='bbox 693 1981 943 2028; x_wconf 90' lang='lat' dir='ltr'><strong>necessario</strong></span> <span class='ocrx_word' id='word_1_198' title='bbox 978 1981 1215 2045; x_wconf 86' lang='lat' dir='ltr'><strong>requiritur</strong></span> <span class='ocrx_word' id='word_1_199' title='bbox 1246 1979 1422 2028; x_wconf 89' lang='lat' dir='ltr'><strong>concilii</strong></span> <span class='ocrx_word' id='word_1_200' title='bbox 1456 1998 1659 2029; x_wconf 83' lang='lat' dir='ltr'><strong>oecume-</strong></span> 
     </span>
     <span class='ocr_line' id='line_1_25' title="bbox 190 2057 1658 2122; baseline 0.001 -18"><span class='ocrx_word' id='word_1_201' title='bbox 190 2058 277 2105; x_wconf 88' lang='lat' dir='ltr'><strong>nici</strong></span> <span class='ocrx_word' id='word_1_202' title='bbox 319 2058 583 2115; x_wconf 88' lang='lat' dir='ltr'><strong>declaratio,</strong></span> <span class='ocrx_word' id='word_1_203' title='bbox 622 2075 758 2122; x_wconf 93' lang='lat' dir='ltr'><strong>quum</strong></span> <span class='ocrx_word' id='word_1_204' title='bbox 794 2075 879 2105; x_wconf 90' lang='lat' dir='ltr'><strong>non</strong></span> <span class='ocrx_word' id='word_1_205' title='bbox 915 2058 1062 2104; x_wconf 89' lang='lat' dir='ltr'><strong>minus</strong></span> <span class='ocrx_word' id='word_1_206' title='bbox 1098 2058 1155 2103; x_wconf 91' lang='lat' dir='ltr'><strong>sit</strong></span> <span class='ocrx_word' id='word_1_207' title='bbox 1188 2057 1437 2104; x_wconf 80' lang='lat' dir='ltr'><strong>infallibilis</strong></span> <span class='ocrx_word' id='word_1_208' title='bbox 1471 2057 1658 2105; x_wconf 90' lang='lat' dir='ltr'><strong>ecclesia</strong></span> 
     </span>
     <span class='ocr_line' id='line_1_26' title="bbox 189 2133 1659 2198; baseline 0.001 -19"><span class='ocrx_word' id='word_1_209' title='bbox 189 2133 424 2197; x_wconf 83' lang='lat' dir='ltr'><strong>dispersa,</strong></span> <span class='ocrx_word' id='word_1_210' title='bbox 463 2150 596 2198; x_wconf 90' lang='lat' dir='ltr'><strong>quam</strong></span> <span class='ocrx_word' id='word_1_211' title='bbox 631 2134 678 2179; x_wconf 91' lang='lat' dir='ltr'><strong>in</strong></span> <span class='ocrx_word' id='word_1_212' title='bbox 714 2133 902 2180; x_wconf 87' lang='lat' dir='ltr'><strong>concilio</strong></span> <span class='ocrx_word' id='word_1_213' title='bbox 935 2142 1213 2195; x_wconf 81' lang='lat' dir='ltr'><strong>congregata.</strong></span> <span class='ocrx_word' id='word_1_214' title='bbox 1251 2133 1473 2180; x_wconf 86' lang='lat' dir='ltr'><strong>Romanus</strong></span> <span class='ocrx_word' id='word_1_215' title='bbox 1514 2133 1659 2197; x_wconf 69' lang='lat' dir='ltr'><strong>ponti—</strong></span> 
     </span>
     <span class='ocr_line' id='line_1_27' title="bbox 191 2208 1716 2275; baseline 0.001 -20"><span class='ocrx_word' id='word_1_216' title='bbox 191 2210 261 2256; x_wconf 79' lang='lat' dir='ltr'><strong>fex</strong></span> <span class='ocrx_word' id='word_1_217' title='bbox 294 2209 509 2256; x_wconf 91' lang='lat' dir='ltr'><strong>ecclesiae</strong></span> <span class='ocrx_word' id='word_1_218' title='bbox 543 2220 676 2273; x_wconf 88' lang='lat' dir='ltr'><strong>caput</strong></span> <span class='ocrx_word' id='word_1_219' title='bbox 709 2209 817 2256; x_wconf 89' lang='lat' dir='ltr'><strong>satis</strong></span> <span class='ocrx_word' id='word_1_220' title='bbox 852 2219 1002 2272; x_wconf 88' lang='lat' dir='ltr'><strong>aperte</strong></span> <span class='ocrx_word' id='word_1_221' title='bbox 1035 2208 1280 2255; x_wconf 89' lang='lat' dir='ltr'><strong>innumeris</strong></span> <span class='ocrx_word' id='word_1_222' title='bbox 1316 2225 1452 2273; x_wconf 88' lang='lat' dir='ltr'><strong>prope</strong></span> <span class='ocrx_word' id='word_1_223' title='bbox 1486 2208 1657 2256; x_wconf 89' lang='lat' dir='ltr'><strong>actibus</strong></span> <span class='ocrx_word' id='word_1_224' title='bbox 1710 2270 1716 2275; x_wconf 17' lang='grc' dir='ltr'>ἑ</span> 
     </span>
     <span class='ocr_line' id='line_1_28' title="bbox 190 2284 1658 2349; baseline -0.001 -17"><span class='ocrx_word' id='word_1_225' title='bbox 190 2301 340 2333; x_wconf 91' lang='lat' dir='ltr'><strong>veram</strong></span> <span class='ocrx_word' id='word_1_226' title='bbox 374 2285 588 2333; x_wconf 86' lang='lat' dir='ltr'><strong>ecclesiae</strong></span> <span class='ocrx_word' id='word_1_227' title='bbox 623 2284 706 2332; x_wconf 90' lang='lat' dir='ltr'><strong>hac</strong></span> <span class='ocrx_word' id='word_1_228' title='bbox 739 2285 795 2331; x_wconf 92' lang='lat' dir='ltr'><strong>de</strong></span> <span class='ocrx_word' id='word_1_229' title='bbox 829 2302 876 2331; x_wconf 89' lang='lat' dir='ltr'><strong>re</strong></span> <span class='ocrx_word' id='word_1_230' title='bbox 909 2285 1112 2349; x_wconf 86' lang='lat' dir='ltr'><strong>exposuit</strong></span> <span class='ocrx_word' id='word_1_231' title='bbox 1145 2284 1416 2341; x_wconf 87' lang='lat' dir='ltr'><strong>doctrinam,</strong></span> <span class='ocrx_word' id='word_1_232' title='bbox 1438 2296 1487 2331; x_wconf 94' lang='lat' dir='ltr'><strong>ut</strong></span> <span class='ocrx_word' id='word_1_233' title='bbox 1507 2302 1558 2332; x_wconf 89' lang='lat' dir='ltr'><strong>ex</strong></span> <span class='ocrx_word' id='word_1_234' title='bbox 1593 2284 1658 2332; x_wconf 85' lang='lat' dir='ltr'><strong>al-</strong></span> 
     </span>
     <span class='ocr_line' id='line_1_29' title="bbox 191 2360 1657 2424; baseline 0 -16"><span class='ocrx_word' id='word_1_235' title='bbox 191 2360 292 2409; x_wconf 87' lang='lat' dir='ltr'><strong>latis</strong></span> <span class='ocrx_word' id='word_1_236' title='bbox 323 2361 599 2409; x_wconf 90' lang='lat' dir='ltr'><strong>documentis</strong></span> <span class='ocrx_word' id='word_1_237' title='bbox 628 2371 813 2408; x_wconf 88' lang='lat' dir='ltr'><strong>constat.</strong></span> <span class='ocrx_word' id='word_1_238' title='bbox 851 2362 938 2407; x_wconf 91' lang='lat' dir='ltr'><strong>Nec</strong></span> <span class='ocrx_word' id='word_1_239' title='bbox 967 2360 1154 2424; x_wconf 89' lang='lat' dir='ltr'><strong>proinde</strong></span> <span class='ocrx_word' id='word_1_240' title='bbox 1177 2377 1359 2408; x_wconf 89' lang='lat' dir='ltr'><strong>necesse</strong></span> <span class='ocrx_word' id='word_1_241' title='bbox 1385 2371 1476 2417; x_wconf 86' lang='lat' dir='ltr'><strong>est,</strong></span> <span class='ocrx_word' id='word_1_242' title='bbox 1503 2370 1552 2408; x_wconf 92' lang='lat' dir='ltr'><strong>ut</strong></span> <span class='ocrx_word' id='word_1_243' title='bbox 1574 2361 1657 2408; x_wconf 86' lang='lat' dir='ltr'><strong>hac</strong></span> 
     </span>
     <span class='ocr_line' id='line_1_30' title="bbox 189 2435 1105 2500; baseline -0.003 -16"><span class='ocrx_word' id='word_1_244' title='bbox 189 2437 245 2484; x_wconf 92' lang='lat' dir='ltr'><strong>de</strong></span> <span class='ocrx_word' id='word_1_245' title='bbox 279 2454 415 2484; x_wconf 91' lang='lat' dir='ltr'><strong>causa</strong></span> <span class='ocrx_word' id='word_1_246' title='bbox 450 2437 704 2484; x_wconf 91' lang='lat' dir='ltr'><strong>immutetur</strong></span> <span class='ocrx_word' id='word_1_247' title='bbox 737 2435 1105 2500; x_wconf 89' lang='lat' dir='ltr'><strong>iurisprudentia.</strong></span> 
     </span>
    </p>

    <p class='ocr_par' dir='ltr' id='par_1_5' title="bbox 189 2511 1658 2803">
     <span class='ocr_line' id='line_1_31' title="bbox 287 2511 1658 2578; baseline 0 -19"><span class='ocrx_word' id='word_1_248' title='bbox 287 2514 358 2561; x_wconf 89' lang='lat' dir='ltr'><strong>Sic</strong></span> <span class='ocrx_word' id='word_1_249' title='bbox 392 2530 503 2578; x_wconf 88' lang='lat' dir='ltr'><strong>opus</strong></span> <span class='ocrx_word' id='word_1_250' title='bbox 539 2512 703 2576; x_wconf 89' lang='lat' dir='ltr'><strong>pariter</strong></span> <span class='ocrx_word' id='word_1_251' title='bbox 749 2529 836 2559; x_wconf 93' lang='lat' dir='ltr'><strong>non</strong></span> <span class='ocrx_word' id='word_1_252' title='bbox 883 2520 951 2558; x_wconf 89' lang='lat' dir='ltr'><strong>est</strong></span> <span class='ocrx_word' id='word_1_253' title='bbox 995 2512 1263 2559; x_wconf 90' lang='lat' dir='ltr'><strong>constituere</strong></span> <span class='ocrx_word' id='word_1_254' title='bbox 1302 2522 1350 2558; x_wconf 90' lang='lat' dir='ltr'><strong>ut</strong></span> <span class='ocrx_word' id='word_1_255' title='bbox 1389 2511 1534 2559; x_wconf 83' lang='lat' dir='ltr'><strong>solum</strong></span> <span class='ocrx_word' id='word_1_256' title='bbox 1567 2530 1658 2559; x_wconf 84' lang='lat' dir='ltr'><strong>ma·</strong></span> 
     </span>
     <span class='ocr_line' id='line_1_32' title="bbox 191 2588 1658 2652; baseline 0.001 -17"><span class='ocrx_word' id='word_1_257' title='bbox 191 2590 446 2637; x_wconf 90' lang='lat' dir='ltr'><strong>trimonium</strong></span> <span class='ocrx_word' id='word_1_258' title='bbox 480 2598 645 2643; x_wconf 82' lang='lat' dir='ltr'><strong>ratum,</strong></span> <span class='ocrx_word' id='word_1_259' title='bbox 686 2605 773 2635; x_wconf 93' lang='lat' dir='ltr'><strong>non</strong></span> <span class='ocrx_word' id='word_1_260' title='bbox 808 2598 951 2634; x_wconf 92' lang='lat' dir='ltr'><strong>autem</strong></span> <span class='ocrx_word' id='word_1_261' title='bbox 985 2605 1095 2634; x_wconf 90' lang='lat' dir='ltr'><strong>mere</strong></span> <span class='ocrx_word' id='word_1_262' title='bbox 1132 2588 1390 2652; x_wconf 78' lang='lat' dir='ltr'><strong>leqitimum‚</strong></span> <span class='ocrx_word' id='word_1_263' title='bbox 1427 2599 1477 2635; x_wconf 89' lang='lat' dir='ltr'><strong>ut</strong></span> <span class='ocrx_word' id='word_1_264' title='bbox 1514 2599 1658 2636; x_wconf 84' lang='lat' dir='ltr'><strong>orato-</strong></span> 
     </span>
     <span class='ocr_line' id='line_1_33' title="bbox 190 2662 1654 2728; baseline 0.001 -19"><span class='ocrx_word' id='word_1_265' title='bbox 190 2663 252 2710; x_wconf 89' lang='lat' dir='ltr'><strong>ris</strong></span> <span class='ocrx_word' id='word_1_266' title='bbox 289 2664 441 2728; x_wconf 90' lang='lat' dir='ltr'><strong>phrasi</strong></span> <span class='ocrx_word' id='word_1_267' title='bbox 477 2674 676 2720; x_wconf 88' lang='lat' dir='ltr'><strong>utamur,</strong></span> <span class='ocrx_word' id='word_1_268' title='bbox 717 2663 932 2727; x_wconf 86' lang='lat' dir='ltr'><strong>producat</strong></span> <span class='ocrx_word' id='word_1_269' title='bbox 965 2662 1150 2710; x_wconf 83' lang='lat' dir='ltr'><strong>effectus</strong></span> <span class='ocrx_word' id='word_1_270' title='bbox 1184 2662 1353 2710; x_wconf 85' lang='lat' dir='ltr'><strong>civiles.</strong></span> <span class='ocrx_word' id='word_1_271' title='bbox 1385 2662 1512 2718; x_wconf 88' lang='lat' dir='ltr'><strong>Quod</strong></span> <span class='ocrx_word' id='word_1_272' title='bbox 1536 2664 1654 2710; x_wconf 89' lang='lat' dir='ltr'><strong>enim</strong></span> 
     </span>
     <span class='ocr_line' id='line_1_34' title="bbox 189 2738 1649 2803; baseline 0 -17"><span class='ocrx_word' id='word_1_273' title='bbox 189 2750 370 2787; x_wconf 85' lang='lat' dir='ltr'><strong>vocatur</strong></span> <span class='ocrx_word' id='word_1_274' title='bbox 402 2757 521 2788; x_wconf 90' lang='lat' dir='ltr'><strong>mere</strong></span> <span class='ocrx_word' id='word_1_275' title='bbox 560 2740 833 2803; x_wconf 77' lang='lat' dir='ltr'><strong>legitimum,</strong></span> <span class='ocrx_word' id='word_1_276' title='bbox 881 2755 968 2786; x_wconf 90' lang='lat' dir='ltr'><strong>non</strong></span> <span class='ocrx_word' id='word_1_277' title='bbox 1002 2748 1069 2786; x_wconf 88' lang='lat' dir='ltr'><strong>est</strong></span> <span class='ocrx_word' id='word_1_278' title='bbox 1109 2755 1262 2785; x_wconf 86' lang='lat' dir='ltr'><strong>verum</strong></span> <span class='ocrx_word' id='word_1_279' title='bbox 1304 2738 1649 2786; x_wconf 89' lang='lat' dir='ltr'><strong>matrimonium.</strong></span> 
     </span>
    </p>
   </div>
   <div class='ocr_carea' id='block_1_3' title="bbox 191 2813 1655 2918">
    <p class='ocr_par' dir='ltr' id='par_1_6' title="bbox 191 2813 1655 2918">
     <span class='ocr_line' id='line_1_35' title="bbox 191 2813 1655 2880; baseline 0.001 -19"><span class='ocrx_word' id='word_1_280' title='bbox 191 2815 390 2864; x_wconf 86' lang='lat' dir='ltr'><strong>Viderint</strong></span> <span class='ocrx_word' id='word_1_281' title='bbox 411 2833 542 2880; x_wconf 91' lang='lat' dir='ltr'><strong>porro</strong></span> <span class='ocrx_word' id='word_1_282' title='bbox 565 2815 946 2863; x_wconf 88' lang='lat' dir='ltr'><strong>administratores</strong></span> <span class='ocrx_word' id='word_1_283' title='bbox 970 2814 1091 2876; x_wconf 80' lang='lat' dir='ltr'><strong>regni</strong></span> <span class='ocrx_word' id='word_1_284' title='bbox 1116 2813 1184 2862; x_wconf 85' lang='lat' dir='ltr'><strong>vel</strong></span> <span class='ocrx_word' id='word_1_285' title='bbox 1214 2813 1481 2878; x_wconf 88' lang='lat' dir='ltr'><strong>reipublicae</strong></span> <span class='ocrx_word' id='word_1_286' title='bbox 1507 2814 1655 2862; x_wconf 84' lang='lat' dir='ltr'><strong>catho·</strong></span> 
     </span>
     <span class='ocr_line' id='line_1_36' title="bbox 1533 2892 1553 2918; baseline 0 -5"><span class='ocrx_word' id='word_1_287' title='bbox 1533 2892 1553 2918; x_wconf 50' lang='grc' dir='ltr'><strong>,ᾗ</strong></span> 
     </span>
    </p>
   </div>
  </div>
 </body>
</html>
