1912 3180
258 227 347 257 cn.
367 226 423 257 lv.
444 225 494 256 nr.
514 224 669 256 ancum.
695 224 770 255 vno
790 222 894 255 Lacr:
912 223 963 255 nt:
981 223 1107 255 nnn.
1126 223 1209 254 clv.
1229 222 1322 254 ΑΜ.
1348 223 1393 254 11.
1494 206 1584 253 383

218 303 336 351 Haec
365 314 511 350 tamen
541 313 646 349 sunt
678 300 906 366 praeclara
940 299 1161 365 exempla,
1189 299 1246 346 ad
1270 316 1386 364 quae
1409 316 1457 347 se
1480 299 1594 347 reci-

122 382 251 445 piunt
284 390 481 427 oratores
517 377 772 442 subalpini,
810 388 860 424 ut
892 376 1126 424 exitiosam
1160 376 1282 424 illam
1317 375 1458 440 legem
1492 392 1595 442 pro-

121 466 328 503 moveant
361 471 413 501 ac
448 454 665 501 sanciant.
696 453 851 500 Nonne
884 469 960 498 eos
997 452 1144 517 potius
1186 451 1354 517 pudere
1386 449 1595 499 deberet?

120 532 166 578 Si
201 549 303 579 vere
327 542 560 596 saperent,
592 530 708 578 hanc
730 529 891 593 agendi
917 529 1130 576 rationem
1158 530 1390 577 reiicerent
1416 529 1564 593 potius
1580 567 1590 583 ,

118 625 254 673 quam
271 608 499 672 gloriolam
512 624 672 654 vanam
691 606 736 653 in
750 606 875 653 hisce
893 605 1154 653 nationibus
1165 605 1392 653 imitandis
1408 605 1585 653 sectari.

218 685 347 741 Quod
373 686 409 732 si
435 685 603 732 romani
634 683 865 750 pontifices
899 699 1108 748 expresse
1132 700 1277 747 neque
1301 694 1454 730 contra
1478 682 1595 730 hanc

120 760 285 824 legem,
315 778 459 825 neque
490 772 641 808 contra
674 759 807 806 aliam
842 757 980 806 multo
1014 758 1207 823 peiorem
1246 757 1423 822 publice
1457 759 1598 806 recla-

121 847 323 892 marunt,
352 847 428 883 aut
451 835 679 902 protestati
711 845 841 891 sunt,
880 845 997 882 certe
1030 851 1117 882 non
1152 834 1213 880 ita
1248 851 1296 880 se
1330 846 1590 897 gesserunt,

121 912 240 976 quod
266 930 291 959 a
315 912 415 959 labe
439 912 679 959 immunem
699 950 709 967 ,
739 921 814 959 aut
838 910 1062 958 innoxiam
1098 910 1241 974 legem
1277 911 1423 975 ipsam
1447 911 1597 959 existi-

121 989 361 1045 maverint;
391 989 470 1036 sed
495 988 602 1053 quia
635 988 883 1035 animorum
919 987 1192 1051 comparatio
1216 1004 1304 1034 non
1328 987 1495 1034 ferebat
1516 987 1596 1035 ob-

122 1065 441 1128 iurgationem,
481 1076 556 1112 aut
595 1065 818 1130 publicam
863 1064 1236 1119 admonitionem,
1275 1082 1390 1128 quae
1423 1065 1594 1113 inutilis

118 1141 301 1197 suisset,
333 1153 463 1206 prout
492 1143 763 1190 medicorum
797 1140 1168 1206 praescriptiones
1192 1140 1373 1188 inutiles
1399 1152 1503 1188 sunt
1525 1141 1595 1188 in-

122 1218 261 1265 firmis
298 1218 535 1283 phraenesi
560 1218 882 1266 laborantibus.
912 1217 1019 1263 Cum
1045 1234 1149 1264 vero
1174 1227 1330 1280 postea
1354 1233 1424 1263 res
1449 1217 1494 1263 in
1518 1235 1596 1282 pe-

115 1294 192 1341 ius
227 1295 470 1351 creverint,
499 1295 555 1342 ad
581 1306 755 1359 tempus
791 1292 1156 1348 dissimularunt,
1196 1291 1352 1339 saltem
1388 1292 1588 1357 publice,

123 1369 263 1417 donec
299 1371 415 1418 nacti
441 1370 623 1418 meliora
647 1381 844 1435 tempora
866 1379 1048 1434 possent
1072 1385 1255 1415 munere
1278 1385 1360 1416 suo
1385 1385 1473 1416 non
1498 1369 1596 1417 sine

121 1446 273 1511 aliqua
292 1465 370 1513 spe
394 1447 606 1495 felicioris
630 1447 774 1493 exitus
799 1446 938 1509 fungi.
963 1447 1077 1493 Sane
1100 1462 1200 1492 cum
1225 1463 1313 1493 non
1338 1446 1398 1493 ita
1421 1446 1591 1511 pridem

121 1523 360 1586 agitaretur
393 1524 599 1588 quaestio
633 1523 689 1570 de
724 1522 819 1586 lege
853 1522 1159 1586 coniugiorum
1198 1522 1396 1570 civilium
1430 1523 1476 1569 in
1506 1525 1592 1571 No-

121 1599 499 1662 vae-granatensis
524 1598 793 1664 reipublicae
815 1598 1032 1654 comitiis,
1062 1598 1181 1646 illico
1206 1598 1311 1646 Pius
1348 1600 1421 1646 lx.
1450 1599 1593 1648 eidem

121 1675 402 1739 gravissimis
432 1676 577 1723 verbis
603 1675 779 1741 publice
812 1675 973 1723 bellum
1012 1676 1197 1732 indixit,
1235 1694 1423 1742 eamque
1447 1695 1594 1743 repro-

121 1752 241 1800 bavit
263 1755 380 1815 (60);
405 1770 455 1799 ac
480 1770 654 1800 rursum
691 1770 825 1800 sensa
858 1770 940 1800 sua
969 1752 1053 1800 hac
1086 1753 1141 1800 de
1176 1771 1221 1801 re
1255 1754 1454 1818 aperuit,
1492 1771 1592 1801 cum

120 1828 176 1876 de
207 1830 360 1876 eodem
396 1830 572 1892 negotio
607 1830 653 1875 in
684 1829 875 1877 comitiis
910 1829 1162 1894 subalpinis
1196 1842 1339 1878 actum
1377 1842 1443 1879 est
1471 1833 1587 1893 (61).

127 1982 187 2014 mis
210 1982 285 2023 qu’a
302 1982 330 2014 la
349 1982 518 2023 puissance
532 1982 608 2014 civil
625 1982 782 2015 seculiere
794 2007 803 2022 ,
828 1984 861 2015 et
880 1991 944 2023 que
969 1983 1131 2016 l'autorite
1152 1984 1395 2026 ecclesiastique
1414 1986 1467 2017 n'a
1489 1995 1595 2018 aucun

121 2034 208 2066 droit
224 2033 296 2066 d’en
313 2035 483 2075 einpecber
497 2034 675 2067 l'exercice.

222 2087 454 2127 considerant,
482 2096 546 2128 que
571 2096 635 2120 non
665 2088 794 2120 obstant
817 2089 849 2120 le
871 2090 1007 2129 pouvoir
1029 2089 1085 2130 qui
1107 2089 1252 2130 compete
1270 2090 1289 2123 a
1310 2091 1342 2123 la
1362 2091 1532 2132 puissance
1548 2094 1594 2126 se·

119 2138 239 2170 culiere
252 2147 308 2170 sur
323 2139 370 2171 les
386 2140 473 2171 actes
488 2139 582 2171 civils
594 2139 635 2172 de
650 2140 799 2181 menage,
811 2140 833 2173 ἰΙ
850 2141 932 2173 n’est
948 2150 1005 2182 pas
1019 2141 1199 2182 cependant
1222 2142 1303 2175 dans
1325 2146 1419 2176 notre
1439 2144 1595 2178 intention

120 2192 160 2222 de
176 2200 258 2223 nous
273 2192 434 2224 immiscer
446 2201 484 2224 en
501 2201 538 2225 ce
548 2202 612 2233 que
624 2194 654 2224 la
666 2193 798 2233 religion
813 2193 926 2226 etablit
942 2203 1024 2235 pour
1039 2195 1202 2226 sanctitier
1214 2195 1261 2228 les
1272 2196 1445 2237 marhges,
1456 2199 1539 2230 mais
1553 2198 1594 2231 de

118 2245 230 2277 laisser
248 2245 265 2276 a
281 2247 332 2277 cet
347 2245 443 2286 egard
461 2246 605 2278 l'entiere
622 2246 736 2278 liberte
751 2248 834 2278 etc.»

216 2298 257 2329 At
277 2297 350 2338 quis
373 2306 436 2329 non
458 2297 546 2329 videt
566 2298 707 2338 primum
728 2298 888 2330 motivum
910 2298 1086 2332 adductum
1108 2309 1178 2333 esse
1199 2310 1332 2342 prorsus
1350 2302 1468 2335 salsum
1490 2306 1523 2336 et
1545 2312 1592 2336 re-

119 2350 231 2391 ligioni
246 2350 425 2382 catholicae
438 2351 664 2382 contrarium?

216 2404 281 2444 (60)
303 2405 391 2436 Haec
416 2404 513 2435 verba
532 2406 608 2435 sunt
631 2404 844 2437 Allocutionis
860 2405 892 2437 in
909 2405 1103 2439 consistorio
1123 2409 1246 2440 secreto
1260 2408 1314 2440 die
1329 2413 1379 2441 21.
1394 2411 1481 2451 Sept.
1502 2415 1592 2444 1852.

120 2454 226 2487 «Nihil
237 2455 375 2488 dicimus
392 2455 432 2487 de
445 2456 509 2487 alio
522 2456 577 2487 illo
588 2455 733 2496 decreto,
749 2466 814 2498 quo
826 2458 1023 2490 matrimonii
1041 2459 1232 2492 sacramenti
1248 2460 1411 2502 mysterio,
1422 2461 1591 2503 dignitate,

118 2509 288 2541 sanctitate
301 2509 433 2541 omnino
444 2508 611 2549 denegata,
622 2508 755 2550 eiusque
768 2507 974 2543 institutione
985 2512 1018 2544 et
1031 2512 1147 2544 natura
1161 2521 1293 2553 prorsus
1306 2514 1452 2554 ignorata
1461 2517 1494 2548 et
1504 2524 1593 2548 ever·

118 2569 170 2600 sa,
185 2563 284 2602 atque
298 2562 451 2594 ecclesiae
466 2562 500 2593 in
514 2564 751 2594 sacramentum
772 2562 859 2595 idem
882 2565 1039 2604 potestate
1064 2565 1191 2605 penitus
1210 2568 1337 2607 spreta,
1354 2568 1594 2608 proponebatur

120 2614 211 2645 iuxta
227 2614 291 2646 iam
305 2614 475 2646 damnatos
492 2614 727 2646 haereticorum
741 2623 878 2656 errores,
894 2618 992 2658 atque
1005 2616 1162 2650 adversus
1179 2618 1336 2651 ecclesiae
1347 2619 1542 2661 doctrinam,
1558 2623 1594 2654 ut

119 2666 363 2699 matrimonium
381 2669 549 2708 tamquam
568 2667 676 2699 civilis
687 2669 814 2701 tantum
828 2671 1014 2702 contractus
1030 2670 1200 2704 baberetur
1211 2695 1220 2712 ,
1235 2680 1413 2714 omnesque
1427 2674 1590 2707 matrimo-

119 2719 222 2751 niales
234 2727 351 2751 causae
364 2719 405 2752 ad
421 2720 504 2752 laica
517 2719 718 2753 deferrentur
734 2721 945 2754 tribunalia.»

218 2772 283 2812 (61)
304 2772 379 2805 Vid.
401 2774 539 2806 Laetera
559 2772 690 2805 diretta
710 2773 810 2806 dalla
830 2775 965 2807 saneim
985 2774 1022 2808 di
1045 2778 1108 2809 Pio
1135 2778 1203 2809 lx.
1220 2786 1244 2809 a
1263 2786 1330 2810 sua
1344 2779 1478 2812 maesta
1497 2780 1526 2812 il
1553 2790 1590 2812 re

125 2825 268 2855 Vittorio
291 2825 518 2857 [emmanuele
531 2825 555 2857 la·
573 2830 619 2857 19.
636 2826 794 2858 settemb.
819 2832 905 2859 1852.
923 2826 982 2859 sul
1003 2830 1223 2862 matrimonio
1245 2830 1363 2869 civile,
1378 2831 1411 2862 in
1428 2840 1493 2872 qua
1506 2841 1590 2864 sum-
