1918 3186
282 190 341 236 58
544 204 626 236 un.
656 203 686 234 1.
714 201 827 234 sscr.
859 200 888 230 1.
916 198 969 230 nn
1002 199 1176 231 unuln.
1205 198 1489 232 smmunn'to.
1518 213 1521 215 -

276 280 563 329 affirmaverit
599 277 830 325 discedere
856 274 1055 323 voluisse
1082 293 1109 322 a
1134 275 1359 331 doctrina,
1393 292 1528 340 quam
1562 275 1752 342 theologi
1776 267 1779 270 ,

276 356 472 406 unanimi
485 370 705 403 consensu
717 361 860 400 aetate
877 356 960 400 sua
975 352 1279 409 adstruebant‚
1293 352 1402 417 quin
1414 352 1460 400 id
1472 352 1747 402 indicaverit.

369 432 512 497 Atque
536 441 586 477 ut
616 446 644 477 a
667 429 896 477 Paludano
919 429 1202 477 exordiamur
1217 467 1227 486 ‚
1255 429 1294 476 is
1312 429 1359 476 in
1375 428 1623 477 Commeat.
1642 430 1690 477 in
1703 432 1746 477 t.

275 509 394 556 Sent.
417 507 523 554 dist.
548 507 624 552 26.
646 523 694 570 q.
719 506 765 552 1.
787 504 895 552 dub.
920 507 965 552 3.
989 505 1054 552 sic
1077 505 1233 552 definit
1260 505 1501 568 generatim
1529 506 1755 554 matrimo-

274 583 421 630 nium:
448 581 808 629 «Matrimonium
840 591 910 629 est
940 581 1130 628 duarum
1163 587 1455 645 personarum
1491 581 1751 629 idonearum

276 657 499 721 legitimus
522 657 570 703 in
596 656 908 705 coniunctione
933 672 1180 704 consensus
1213 657 1399 720 (9).»Et
1414 657 1523 704 ibid.
1544 658 1690 705 Defin.
1705 661 1749 704 ὃ.

279 733 632 781 «Matrimonium
648 770 659 790 ,
685 733 853 798 inquit,
874 743 943 781 est
959 750 1205 781 consensus
1228 733 1365 781 maris
1381 744 1424 781 et
1438 734 1656 781 foeminae
1674 734 1755 782 ha,-

273 810 395 859 bitus
426 810 473 857 in
506 810 730 875 praesenti
751 811 900 872 (10).»
918 810 982 856 Ne
1004 809 1106 874 quis
1129 812 1234 857 vero
1268 810 1574 874 suspicaretur
1605 810 1754 874 ipsum

276 886 472 935 locutum
497 887 554 935 de
579 886 674 934 solo
697 885 1001 942 matrimonio,
1023 896 1156 950 prout
1177 896 1246 933 est
1262 896 1531 943 contractus,
1547 886 1653 934 dist.
1674 888 1750 934 26.

274 974 451 1029 quaest.
488 964 531 1010 4.
555 963 643 1011 sibi
666 963 841 1011 obiicit:
877 982 900 1007 «
921 963 1253 1010 Sacramentum
1270 1000 1282 1019 ‚
1318 962 1440 1027 quod
1471 980 1560 1010 non
1587 965 1657 1010 est
1680 964 1757 1011 ne·

275 1039 498 1088 cessitatis
514 1078 524 1097 ‚
555 1039 691 1087 habet
718 1057 797 1104 per
824 1038 1053 1086 ministros
1081 1038 1298 1086 ecclesiae
1322 1038 1598 1103 dispensari3
1617 1039 1758 1087 unice

275 1115 398 1164 solus
425 1116 701 1180 baptismus,
730 1115 809 1179 qui
841 1125 911 1162 est
943 1116 1269 1162 sacramentum
1304 1115 1583 1162 necessitatis
1611 1125 1758 1179 potest

274 1209 354 1256 per
379 1191 621 1257 quemlibet
635 1191 802 1239 'laicum
819 1190 1072 1256 dispensari
1090 1210 1100 1247 ;
1129 1191 1209 1238 sed
1232 1191 1562 1239 matrimonium
1581 1192 1670 1239 non
1689 1202 1757 1238 est

275 1267 558 1315 necessitatis
590 1278 806 1332 quantum
839 1268 896 1314 ad
930 1266 1175 1332 quamlibet
1205 1284 1441 1331 personam
1456 1304 1467 1323 ‚
1494 1278 1643 1314 tamen
1667 1284 1756 1314 non

273 1342 564 1408 dispensatur
595 1360 677 1408 per
707 1343 934 1391 ministros
968 1343 1203 1391 ecclesiae:
1236 1343 1485 1391 benedictio
1519 1343 1637 1390 enim
1674 1360 1756 1389 nu·

275 1418 476 1466 bentium
510 1435 598 1467 non
631 1429 701 1466 est
738 1419 794 1465 de
834 1418 1097 1466 necessitate
1129 1419 1415 1467 matrimonii.
1456 1419 1572 1481 Ergo
1605 1418 1757 1465 matri-

276 1494 476 1543 monium
512 1512 600 1543 non
633 1506 702 1543 est
739 1505 1064 1543 sacramentum
1098 1497 1252 1557 (11).»
1281 1495 1535 1560 Respondet
1566 1505 1713 1542 autem
1743 1514 1752 1540 ε

277 1571 564 1619 «Dicendum
592 1582 662 1619 est
689 1588 819 1635 ergo,
849 1571 969 1637 quod
993 1571 1105 1618 illud
1129 1572 1486 1628 matrimonium,
1515 1571 1644 1619 cuius
1669 1582 1759 1619 tota

273 1646 471 1695 efficacia
503 1657 573 1694 est
605 1647 651 1693 in
684 1647 870 1695 materia
903 1657 947 1694 et
976 1647 1138 1704 forma,
1177 1665 1267 1695 non
1296 1664 1350 1694 ex
1382 1658 1508 1712 parte
1538 1647 1753 1703 ministri,

275 1721 388 1770 illud
423 1733 572 1788 potest
608 1723 797 1771 conferri
828 1724 888 1772 ab
921 1723 1009 1772 alio
1025 1762 1035 1781 ‚
1070 1741 1204 1790 quam
1237 1742 1265 1771 a
1297 1724 1502 1771 ministro
1542 1723 1758 1771 ecclesiae

274 1798 408 1846 etiam
431 1799 477 1846 in
501 1799 765 1847 necessitate
782 1810 826 1847 et
846 1810 968 1848 extra
991 1801 1302 1848 necessitatem
1321 1819 1330 1847 :
1360 1800 1464 1847 licet
1486 1817 1573 1848 non
1598 1800 1759 1847 debeat

275 1874 363 1922 nisi
396 1875 444 1921 in
468 1875 767 1923 necessitate:
809 1875 927 1923 sicut
957 1875 1012 1922 de
1045 1875 1207 1924 effectu
1240 1875 1537 1924 eucharistiae
1577 1875 1759 1939 indigne

276 1961 539 2015 susceptae:
577 1950 685 2015 quia
718 1961 809 1998 tota
840 1951 982 1999 virtus
1015 1951 1232 1999 causandi
1265 1952 1453 2015 gratiam
1489 1962 1557 1998 est
1591 1951 1637 1997 in
1670 1968 1725 1998 eo
1743 1989 1754 2007 ,

274 2026 395 2090 quod
423 2026 689 2091 suscipitur:
728 2038 774 2075 et
804 2027 908 2075 licet
940 2045 1028 2076 non
1063 2028 1222 2076 debeat
1253 2028 1497 2076 ministrari
1524 2027 1612 2074 nisi
1636 2045 1663 2074 a
1686 2045 1759 2074 sa—

277 2102 467 2159 cerdote,
489 2114 671 2168 excepta
693 2104 983 2152 necessitate.
1002 2143 1012 2151 .
1029 2142 1038 2151 .
1054 2116 1223 2153 tantum
1249 2105 1336 2152 sibi
1362 2104 1478 2152 valet
1501 2106 1757 2167 susceptum

278 2195 306 2224 a
328 2177 467 2236 laico,
494 2197 627 2244 quem
653 2180 792 2228 credit
815 2198 945 2228 suum
970 2192 1170 2228 curatum
1194 2192 1410 2247 quantum
1434 2198 1461 2228 a
1484 2197 1566 2228 suo
1582 2189 1750 2227 curato.

276 2255 342 2302 lta
369 2265 437 2302 est
459 2255 515 2302 de
541 2255 790 2320 baptismo,
826 2257 1038 2322 quoniam
1072 2258 1169 2305 eius
1202 2258 1343 2306 virtus
1377 2275 1464 2306 non
1498 2267 1566 2304 est
1597 2257 1641 2302 in
1676 2257 1758 2301 mi-

275 2329 415 2377 nistro
446 2330 682 2379 ecclesiae:
717 2342 760 2379 et
792 2332 894 2380 ideo
929 2351 1018 2381 non
1054 2344 1232 2398 propter
1263 2334 1376 2390 hoc,
1413 2332 1533 2398 quod
1568 2348 1655 2378 non
1691 2342 1759 2377 est

276 2407 577 2455 necessarium
600 2445 610 2465 ‚
656 2426 756 2456 cum
804 2409 862 2456 sit
903 2411 1205 2458 necessarium
1251 2408 1554 2458 communitati
1581 2444 1592 2464 ‚
1641 2408 1757 2455 sicut

275 2481 524 2547 baptismus
566 2501 785 2549 personae
818 2485 1060 2549 singulari,
1100 2486 1178 2533 sed
1221 2486 1328 2551 quia
1360 2486 1500 2534 virtus
1533 2483 1632 2532 eius
1668 2502 1755 2531 non

373 2652 420 2692 (9)
440 2653 510 2685 1²01.
531 2658 599 2687 138.
615 2654 669 2687 ed.
685 2655 787 2687 Paris.
808 2658 898 2689 1514.

368 2705 437 2746 (10)
458 2708 539 2739 Nam
563 2708 659 2740 affert
676 2709 821 2750 quinque
840 2708 1042 2741 definitiones
1072 2708 1288 2748 matrimonii,
1311 2717 1349 2743 ac
1371 2710 1405 2742 in
1427 2710 1517 2742 nulla
1537 2717 1649 2742 carum
1668 2717 1753 2740 men-

278 2757 400 2791 tionem
419 2757 524 2791 iniicit
538 2760 735 2802 sacerdotis,
751 2762 807 2794 aut
821 2761 1030 2795 sacerdotalis
1044 2761 1288 2794 benedictionis.

377 2809 444 2851 (11)
465 2811 536 2844 Fon.
557 2815 624 2846 140.
640 2821 733 2846 verso
746 2814 809 2846 col.
830 2819 859 2846 2.
