<?xml version="1.0" encoding="UTF-8"?>
<!DOCTYPE html PUBLIC "-//W3C//DTD XHTML 1.0 Transitional//EN"
    "http://www.w3.org/TR/xhtml1/DTD/xhtml1-transitional.dtd">
<html xmlns="http://www.w3.org/1999/xhtml" xml:lang="en" lang="en">
 <head>
  <title>
</title>
<meta http-equiv="Content-Type" content="text/html;charset=utf-8" />
  <meta name='ocr-system' content='tesseract 3.04.00' />
  <meta name='ocr-capabilities' content='ocr_page ocr_carea ocr_par ocr_line ocrx_word'/>
</head>
<body>
  <div class='ocr_page' id='page_1' title='image "a603380701perruoft_0271.png"; bbox 0 0 1912 3180; ppageno 0'>
   <div class='ocr_carea' id='block_1_1' title="bbox 324 189 1548 240">
    <p class='ocr_par' dir='ltr' id='par_1_1' title="bbox 324 189 1548 240">
     <span class='ocr_line' id='line_1_1' title="bbox 324 189 1548 240; baseline -0.004 -2"><span class='ocrx_word' id='word_1_1' title='bbox 324 208 412 240; x_wconf 53' lang='lat' dir='ltr'>cir.</span> <span class='ocrx_word' id='word_1_2' title='bbox 438 209 466 239; x_wconf 87' lang='lat'>1.</span> <span class='ocrx_word' id='word_1_3' title='bbox 492 208 543 238; x_wconf 73' lang='lat' dir='ltr'>nr:</span> <span class='ocrx_word' id='word_1_4' title='bbox 569 208 741 239; x_wconf 70' lang='lat' dir='ltr'>immin.</span> <span class='ocrx_word' id='word_1_5' title='bbox 765 206 913 238; x_wconf 74' lang='lat' dir='ltr'>mvms</span> <span class='ocrx_word' id='word_1_6' title='bbox 935 206 1230 238; x_wconf 44' lang='lat' dir='ltr'>NATURAsAR‘r.</span> <span class='ocrx_word' id='word_1_7' title='bbox 1250 206 1289 236; x_wconf 90' lang='lat' dir='ltr'>v.</span> <span class='ocrx_word' id='word_1_8' title='bbox 1459 189 1548 234; x_wconf 77' lang='lat'>249</span> 
     </span>
    </p>
   </div>
   <div class='ocr_carea' id='block_1_2' title="bbox 81 281 1559 2401">
    <p class='ocr_par' dir='ltr' id='par_1_2' title="bbox 81 281 1556 1108">
     <span class='ocr_line' id='line_1_2' title="bbox 190 281 1553 351; baseline -0.004 -17"><span class='ocrx_word' id='word_1_9' title='bbox 190 288 329 343; x_wconf 85' lang='lat' dir='ltr'><strong>Quem</strong></span> <span class='ocrx_word' id='word_1_10' title='bbox 374 295 600 351; x_wconf 88' lang='lat' dir='ltr'>praeterea</span> <span class='ocrx_word' id='word_1_11' title='bbox 640 283 919 331; x_wconf 89' lang='lat' dir='ltr'>instillabunt</span> <span class='ocrx_word' id='word_1_12' title='bbox 958 300 1140 330; x_wconf 89' lang='lat' dir='ltr'>sensum</span> <span class='ocrx_word' id='word_1_13' title='bbox 1182 299 1286 345; x_wconf 86' lang='lat' dir='ltr'>erga</span> <span class='ocrx_word' id='word_1_14' title='bbox 1331 281 1553 346; x_wconf 87' lang='lat' dir='ltr'>publicam</span> 
     </span>
     <span class='ocr_line' id='line_1_3' title="bbox 84 354 1554 422; baseline -0.005 -12"><span class='ocrx_word' id='word_1_15' title='bbox 84 363 384 410; x_wconf 86' lang='lat' dir='ltr'>auctoritatem</span> <span class='ocrx_word' id='word_1_16' title='bbox 425 360 530 406; x_wconf 89' lang='lat' dir='ltr'>filiis</span> <span class='ocrx_word' id='word_1_17' title='bbox 570 359 665 406; x_wconf 91' lang='lat' dir='ltr'>suis</span> <span class='ocrx_word' id='word_1_18' title='bbox 689 396 699 414; x_wconf 90' lang='lat'>,</span> <span class='ocrx_word' id='word_1_19' title='bbox 744 358 821 421; x_wconf 91' lang='lat' dir='ltr'>qui</span> <span class='ocrx_word' id='word_1_20' title='bbox 858 358 919 404; x_wconf 85' lang='lat' dir='ltr'>ita</span> <span class='ocrx_word' id='word_1_21' title='bbox 955 369 1059 405; x_wconf 89' lang='lat' dir='ltr'>sunt</span> <span class='ocrx_word' id='word_1_22' title='bbox 1090 358 1238 406; x_wconf 86' lang='lat' dir='ltr'>animo</span> <span class='ocrx_word' id='word_1_23' title='bbox 1270 354 1554 422; x_wconf 76' lang='lat' dir='ltr'>comparati?</span> 
     </span>
     <span class='ocr_line' id='line_1_4' title="bbox 81 433 1554 501; baseline -0.001 -17"><span class='ocrx_word' id='word_1_24' title='bbox 81 439 147 486; x_wconf 90' lang='lat' dir='ltr'>De</span> <span class='ocrx_word' id='word_1_25' title='bbox 179 438 394 501; x_wconf 91' lang='lat' dir='ltr'>obsequio</span> <span class='ocrx_word' id='word_1_26' title='bbox 421 446 464 482; x_wconf 90' lang='lat' dir='ltr'>et</span> <span class='ocrx_word' id='word_1_27' title='bbox 491 451 641 482; x_wconf 90' lang='lat' dir='ltr'>amore</span> <span class='ocrx_word' id='word_1_28' title='bbox 668 433 731 480; x_wconf 88' lang='lat' dir='ltr'>nil</span> <span class='ocrx_word' id='word_1_29' title='bbox 760 443 851 488; x_wconf 88' lang='lat' dir='ltr'>est,</span> <span class='ocrx_word' id='word_1_30' title='bbox 885 434 1001 497; x_wconf 88' lang='lat' dir='ltr'>quod</span> <span class='ocrx_word' id='word_1_31' title='bbox 1028 434 1252 491; x_wconf 87' lang='lat' dir='ltr'>dicamus,</span> <span class='ocrx_word' id='word_1_32' title='bbox 1286 434 1366 482; x_wconf 87' lang='lat' dir='ltr'>sed</span> <span class='ocrx_word' id='word_1_33' title='bbox 1393 451 1446 482; x_wconf 87' lang='lat' dir='ltr'>ea</span> <span class='ocrx_word' id='word_1_34' title='bbox 1474 451 1554 498; x_wconf 91' lang='lat' dir='ltr'>po-</span> 
     </span>
     <span class='ocr_line' id='line_1_5' title="bbox 84 508 1554 578; baseline -0.003 -16"><span class='ocrx_word' id='word_1_35' title='bbox 84 515 172 562; x_wconf 88' lang='lat' dir='ltr'>tius</span> <span class='ocrx_word' id='word_1_36' title='bbox 204 512 422 578; x_wconf 88' lang='lat' dir='ltr'>principia</span> <span class='ocrx_word' id='word_1_37' title='bbox 457 510 718 558; x_wconf 89' lang='lat' dir='ltr'>subversiva</span> <span class='ocrx_word' id='word_1_38' title='bbox 753 508 977 556; x_wconf 89' lang='lat' dir='ltr'>societatis</span> <span class='ocrx_word' id='word_1_39' title='bbox 1006 527 1082 557; x_wconf 92' lang='lat' dir='ltr'>eos</span> <span class='ocrx_word' id='word_1_40' title='bbox 1110 510 1351 566; x_wconf 89' lang='lat' dir='ltr'>docebunt,</span> <span class='ocrx_word' id='word_1_41' title='bbox 1389 510 1554 575; x_wconf 86' lang='lat' dir='ltr'>quibus</span> 
     </span>
     <span class='ocr_line' id='line_1_6' title="bbox 84 585 1550 655; baseline -0.002 -18"><span class='ocrx_word' id='word_1_42' title='bbox 84 591 261 655; x_wconf 82' lang='lat' dir='ltr'><strong>ipsimet</strong></span> <span class='ocrx_word' id='word_1_43' title='bbox 303 588 459 635; x_wconf 83' lang='lat' dir='ltr'>imbuti</span> <span class='ocrx_word' id='word_1_44' title='bbox 496 598 631 642; x_wconf 90' lang='lat' dir='ltr'>sunt,</span> <span class='ocrx_word' id='word_1_45' title='bbox 670 585 962 633; x_wconf 81' lang='lat' dir='ltr'>execrationis</span> <span class='ocrx_word' id='word_1_46' title='bbox 997 595 1041 632; x_wconf 93' lang='lat' dir='ltr'>et</span> <span class='ocrx_word' id='word_1_47' title='bbox 1074 586 1164 632; x_wconf 91' lang='lat' dir='ltr'>odii</span> <span class='ocrx_word' id='word_1_48' title='bbox 1200 586 1412 634; x_wconf 87' lang='lat' dir='ltr'>adversus</span> <span class='ocrx_word' id='word_1_49' title='bbox 1447 603 1550 642; x_wconf 90' lang='lat' dir='ltr'>eos,</span> 
     </span>
     <span class='ocr_line' id='line_1_7' title="bbox 82 662 1555 730; baseline -0.003 -17"><span class='ocrx_word' id='word_1_50' title='bbox 82 683 194 730; x_wconf 88' lang='lat' dir='ltr'>quos</span> <span class='ocrx_word' id='word_1_51' title='bbox 225 665 312 729; x_wconf 91' lang='lat' dir='ltr'>ipsi</span> <span class='ocrx_word' id='word_1_52' title='bbox 341 674 498 712; x_wconf 90' lang='lat' dir='ltr'>vocant</span> <span class='ocrx_word' id='word_1_53' title='bbox 522 674 732 728; x_wconf 82' lang='lat' dir='ltr'>tyrannos</span> <span class='ocrx_word' id='word_1_54' title='bbox 757 673 800 709; x_wconf 92' lang='lat' dir='ltr'>et</span> <span class='ocrx_word' id='word_1_55' title='bbox 822 679 1126 727; x_wconf 80' lang='lat' dir='ltr'>oppressores.</span> <span class='ocrx_word' id='word_1_56' title='bbox 1151 662 1213 709; x_wconf 88' lang='lat' dir='ltr'>Ac</span> <span class='ocrx_word' id='word_1_57' title='bbox 1241 662 1303 709; x_wconf 89' lang='lat' dir='ltr'>ita</span> <span class='ocrx_word' id='word_1_58' title='bbox 1326 662 1555 726; x_wconf 84' lang='lat' dir='ltr'>paullatim</span> 
     </span>
     <span class='ocr_line' id='line_1_8' title="bbox 85 737 1554 804; baseline -0.001 -16"><span class='ocrx_word' id='word_1_59' title='bbox 85 742 185 798; x_wconf 82' lang='lat' dir='ltr'>fiet,</span> <span class='ocrx_word' id='word_1_60' title='bbox 229 751 276 787; x_wconf 94' lang='lat' dir='ltr'>ut</span> <span class='ocrx_word' id='word_1_61' title='bbox 309 741 365 788; x_wconf 90' lang='lat' dir='ltr'>de</span> <span class='ocrx_word' id='word_1_62' title='bbox 398 740 683 804; x_wconf 80' lang='lat' dir='ltr'>generatione</span> <span class='ocrx_word' id='word_1_63' title='bbox 715 740 761 785; x_wconf 92' lang='lat' dir='ltr'>in</span> <span class='ocrx_word' id='word_1_64' title='bbox 797 738 1149 801; x_wconf 80' lang='lat' dir='ltr'>generationem,</span> <span class='ocrx_word' id='word_1_65' title='bbox 1187 737 1321 785; x_wconf 88' lang='lat' dir='ltr'>veluti</span> <span class='ocrx_word' id='word_1_66' title='bbox 1360 739 1554 803; x_wconf 87' lang='lat' dir='ltr'>quadam</span> 
     </span>
     <span class='ocr_line' id='line_1_9' title="bbox 85 813 1556 879; baseline -0.002 -16"><span class='ocrx_word' id='word_1_67' title='bbox 85 816 351 864; x_wconf 86' lang='lat' dir='ltr'>traditionali</span> <span class='ocrx_word' id='word_1_68' title='bbox 376 817 467 871; x_wconf 88' lang='lat' dir='ltr'>via,</span> <span class='ocrx_word' id='word_1_69' title='bbox 491 816 551 862; x_wconf 91' lang='lat' dir='ltr'>ita</span> <span class='ocrx_word' id='word_1_70' title='bbox 580 815 798 879; x_wconf 90' lang='lat' dir='ltr'>principia</span> <span class='ocrx_word' id='word_1_71' title='bbox 822 813 899 860; x_wconf 89' lang='lat' dir='ltr'>illa</span> <span class='ocrx_word' id='word_1_72' title='bbox 924 823 1221 878; x_wconf 85' lang='lat' dir='ltr'>propagentur</span> <span class='ocrx_word' id='word_1_73' title='bbox 1242 830 1293 860; x_wconf 89' lang='lat' dir='ltr'>ac</span> <span class='ocrx_word' id='word_1_74' title='bbox 1317 813 1556 861; x_wconf 84' lang='lat' dir='ltr'>dilatentur</span> 
     </span>
     <span class='ocr_line' id='line_1_10' title="bbox 85 888 1555 955; baseline -0.003 -16"><span class='ocrx_word' id='word_1_75' title='bbox 85 893 226 955; x_wconf 88' lang='lat' dir='ltr'>magis</span> <span class='ocrx_word' id='word_1_76' title='bbox 246 910 296 939; x_wconf 88' lang='lat' dir='ltr'>ac</span> <span class='ocrx_word' id='word_1_77' title='bbox 323 892 480 954; x_wconf 87' lang='lat' dir='ltr'>magis.</span> <span class='ocrx_word' id='word_1_78' title='bbox 504 891 674 938; x_wconf 85' lang='lat' dir='ltr'>Exinde</span> <span class='ocrx_word' id='word_1_79' title='bbox 702 890 919 954; x_wconf 81' lang='lat' dir='ltr'>originem</span> <span class='ocrx_word' id='word_1_80' title='bbox 938 889 1102 936; x_wconf 88' lang='lat' dir='ltr'>habent</span> <span class='ocrx_word' id='word_1_81' title='bbox 1118 899 1181 936; x_wconf 89' lang='lat' dir='ltr'>tot</span> <span class='ocrx_word' id='word_1_82' title='bbox 1198 888 1453 952; x_wconf 86' lang='lat' dir='ltr'>demagogi,</span> <span class='ocrx_word' id='word_1_83' title='bbox 1478 890 1555 953; x_wconf 91' lang='lat' dir='ltr'>qui</span> 
     </span>
     <span class='ocr_line' id='line_1_11' title="bbox 85 964 1550 1031; baseline -0.003 -17"><span class='ocrx_word' id='word_1_84' title='bbox 85 969 262 1015; x_wconf 88' lang='lat' dir='ltr'>aluntur</span> <span class='ocrx_word' id='word_1_85' title='bbox 294 978 338 1015; x_wconf 90' lang='lat' dir='ltr'>et</span> <span class='ocrx_word' id='word_1_86' title='bbox 374 977 579 1015; x_wconf 88' lang='lat' dir='ltr'>crescunt</span> <span class='ocrx_word' id='word_1_87' title='bbox 614 967 657 1012; x_wconf 91' lang='lat' dir='ltr'>in</span> <span class='ocrx_word' id='word_1_88' title='bbox 693 966 934 1031; x_wconf 91' lang='lat' dir='ltr'>perniciem</span> <span class='ocrx_word' id='word_1_89' title='bbox 967 964 1254 1012; x_wconf 77' lang='lat' dir='ltr'>&#39;auctoritatis</span> <span class='ocrx_word' id='word_1_90' title='bbox 1302 964 1550 1027; x_wconf 86' lang='lat' dir='ltr'>legitimae,</span> 
     </span>
     <span class='ocr_line' id='line_1_12' title="bbox 84 1040 1307 1108; baseline -0.003 -17"><span class='ocrx_word' id='word_1_91' title='bbox 84 1061 135 1091; x_wconf 88' lang='lat' dir='ltr'>ac</span> <span class='ocrx_word' id='word_1_92' title='bbox 169 1054 401 1108; x_wconf 88' lang='lat' dir='ltr'>propterea</span> <span class='ocrx_word' id='word_1_93' title='bbox 435 1044 480 1089; x_wconf 90' lang='lat' dir='ltr'>in</span> <span class='ocrx_word' id='word_1_94' title='bbox 514 1043 851 1090; x_wconf 86' lang='lat' dir='ltr'>dissolutionem</span> <span class='ocrx_word' id='word_1_95' title='bbox 887 1042 1030 1106; x_wconf 90' lang='lat' dir='ltr'>ipsius</span> <span class='ocrx_word' id='word_1_96' title='bbox 1068 1040 1307 1089; x_wconf 88' lang='lat' dir='ltr'>societatis.</span> 
     </span>
    </p>

    <p class='ocr_par' dir='ltr' id='par_1_3' title="bbox 84 1117 1559 2401">
     <span class='ocr_line' id='line_1_13' title="bbox 177 1117 1557 1183; baseline -0.002 -17"><span class='ocrx_word' id='word_1_97' title='bbox 177 1121 334 1166; x_wconf 90' lang='lat' dir='ltr'>Verum</span> <span class='ocrx_word' id='word_1_98' title='bbox 367 1137 454 1166; x_wconf 91' lang='lat' dir='ltr'>non</span> <span class='ocrx_word' id='word_1_99' title='bbox 490 1120 637 1166; x_wconf 90' lang='lat' dir='ltr'>minus</span> <span class='ocrx_word' id='word_1_100' title='bbox 669 1119 808 1166; x_wconf 89' lang='lat' dir='ltr'>solide</span> <span class='ocrx_word' id='word_1_101' title='bbox 840 1118 959 1183; x_wconf 91' lang='lat' dir='ltr'>quod</span> <span class='ocrx_word' id='word_1_102' title='bbox 995 1118 1306 1182; x_wconf 86' lang='lat' dir='ltr'>proposuimus</span> <span class='ocrx_word' id='word_1_103' title='bbox 1340 1117 1557 1165; x_wconf 87' lang='lat' dir='ltr'>evincitur</span> 
     </span>
     <span class='ocr_line' id='line_1_14' title="bbox 84 1193 1555 1260; baseline -0.001 -16"><span class='ocrx_word' id='word_1_104' title='bbox 84 1215 136 1244; x_wconf 84' lang='lat' dir='ltr'>ex</span> <span class='ocrx_word' id='word_1_105' title='bbox 168 1195 349 1243; x_wconf 83' lang='lat' dir='ltr'>effraeni</span> <span class='ocrx_word' id='word_1_106' title='bbox 385 1213 555 1243; x_wconf 87' lang='lat' dir='ltr'>morum</span> <span class='ocrx_word' id='word_1_107' title='bbox 586 1195 792 1251; x_wconf 89' lang='lat' dir='ltr'>licentia,</span> <span class='ocrx_word' id='word_1_108' title='bbox 831 1212 965 1260; x_wconf 91' lang='lat' dir='ltr'>quam</span> <span class='ocrx_word' id='word_1_109' title='bbox 1000 1195 1231 1259; x_wconf 88' lang='lat' dir='ltr'>provenire</span> <span class='ocrx_word' id='word_1_110' title='bbox 1263 1211 1316 1241; x_wconf 85' lang='lat' dir='ltr'>ex</span> <span class='ocrx_word' id='word_1_111' title='bbox 1349 1193 1555 1242; x_wconf 88' lang='lat' dir='ltr'>civilibus</span> 
     </span>
     <span class='ocr_line' id='line_1_15' title="bbox 85 1270 1551 1336; baseline -0.002 -15"><span class='ocrx_word' id='word_1_112' title='bbox 85 1272 303 1336; x_wconf 85' lang='lat' dir='ltr'>coniugiis</span> <span class='ocrx_word' id='word_1_113' title='bbox 328 1288 512 1320; x_wconf 91' lang='lat' dir='ltr'>necesse</span> <span class='ocrx_word' id='word_1_114' title='bbox 534 1282 617 1319; x_wconf 90' lang='lat' dir='ltr'>est.</span> <span class='ocrx_word' id='word_1_115' title='bbox 648 1272 756 1318; x_wconf 83' lang='lat' dir='ltr'>Heio</span> <span class='ocrx_word' id='word_1_116' title='bbox 775 1271 989 1335; x_wconf 87' lang='lat' dir='ltr'>explorati</span> <span class='ocrx_word' id='word_1_117' title='bbox 1009 1271 1217 1335; x_wconf 89' lang='lat' dir='ltr'>principii</span> <span class='ocrx_word' id='word_1_118' title='bbox 1242 1270 1338 1318; x_wconf 92' lang='lat' dir='ltr'>loco</span> <span class='ocrx_word' id='word_1_119' title='bbox 1354 1287 1551 1326; x_wconf 88' lang='lat' dir='ltr'>assumo,</span> 
     </span>
     <span class='ocr_line' id='line_1_16' title="bbox 87 1347 1556 1413; baseline -0.001 -18"><span class='ocrx_word' id='word_1_120' title='bbox 87 1367 176 1396; x_wconf 91' lang='lat' dir='ltr'>rem</span> <span class='ocrx_word' id='word_1_121' title='bbox 212 1349 436 1413; x_wconf 89' lang='lat' dir='ltr'>politicam</span> <span class='ocrx_word' id='word_1_122' title='bbox 455 1387 464 1404; x_wconf 92' lang='lat'>,</span> <span class='ocrx_word' id='word_1_123' title='bbox 503 1366 579 1396; x_wconf 91' lang='lat' dir='ltr'>seu</span> <span class='ocrx_word' id='word_1_124' title='bbox 618 1349 870 1396; x_wconf 86' lang='lat' dir='ltr'>societatem</span> <span class='ocrx_word' id='word_1_125' title='bbox 894 1365 946 1395; x_wconf 90' lang='lat' dir='ltr'>eo</span> <span class='ocrx_word' id='word_1_126' title='bbox 972 1347 1142 1394; x_wconf 85' lang='lat' dir='ltr'>firmius</span> <span class='ocrx_word' id='word_1_127' title='bbox 1168 1347 1439 1403; x_wconf 87' lang='lat' dir='ltr'>consistere,</span> <span class='ocrx_word' id='word_1_128' title='bbox 1467 1364 1556 1411; x_wconf 89' lang='lat' dir='ltr'>quo</span> 
     </span>
     <span class='ocr_line' id='line_1_17' title="bbox 85 1422 1557 1487; baseline 0 -17"><span class='ocrx_word' id='word_1_129' title='bbox 85 1425 227 1487; x_wconf 85' lang='lat' dir='ltr'>magis</span> <span class='ocrx_word' id='word_1_130' title='bbox 260 1424 379 1472; x_wconf 90' lang='lat' dir='ltr'>cives</span> <span class='ocrx_word' id='word_1_131' title='bbox 414 1424 588 1483; x_wconf 88' lang='lat' dir='ltr'>honesti</span> <span class='ocrx_word' id='word_1_132' title='bbox 625 1434 729 1471; x_wconf 88' lang='lat' dir='ltr'>sunt</span> <span class='ocrx_word' id='word_1_133' title='bbox 756 1440 807 1470; x_wconf 89' lang='lat' dir='ltr'>ac</span> <span class='ocrx_word' id='word_1_134' title='bbox 837 1423 993 1486; x_wconf 88' lang='lat' dir='ltr'>probi,</span> <span class='ocrx_word' id='word_1_135' title='bbox 1032 1440 1122 1486; x_wconf 92' lang='lat' dir='ltr'>quo</span> <span class='ocrx_word' id='word_1_136' title='bbox 1157 1423 1402 1470; x_wconf 87' lang='lat' dir='ltr'>accuratius</span> <span class='ocrx_word' id='word_1_137' title='bbox 1436 1422 1557 1485; x_wconf 88' lang='lat' dir='ltr'>leges</span> 
     </span>
     <span class='ocr_line' id='line_1_18' title="bbox 87 1497 1556 1564; baseline -0.001 -18"><span class='ocrx_word' id='word_1_138' title='bbox 87 1510 296 1555; x_wconf 85' lang='lat' dir='ltr'>servant,</span> <span class='ocrx_word' id='word_1_139' title='bbox 328 1517 406 1546; x_wconf 93' lang='lat' dir='ltr'>seu</span> <span class='ocrx_word' id='word_1_140' title='bbox 441 1517 529 1564; x_wconf 94' lang='lat' dir='ltr'>quo</span> <span class='ocrx_word' id='word_1_141' title='bbox 564 1499 849 1546; x_wconf 86' lang='lat' dir='ltr'>ferventiores</span> <span class='ocrx_word' id='word_1_142' title='bbox 878 1498 1112 1545; x_wconf 88' lang='lat' dir='ltr'>christiani</span> <span class='ocrx_word' id='word_1_143' title='bbox 1137 1515 1237 1546; x_wconf 90' lang='lat' dir='ltr'>esse</span> <span class='ocrx_word' id='word_1_144' title='bbox 1266 1497 1460 1546; x_wconf 88' lang='lat' dir='ltr'>student.</span> <span class='ocrx_word' id='word_1_145' title='bbox 1490 1497 1556 1544; x_wconf 91' lang='lat' dir='ltr'>Ab</span> 
     </span>
     <span class='ocr_line' id='line_1_19' title="bbox 86 1574 1556 1640; baseline -0.001 -18"><span class='ocrx_word' id='word_1_146' title='bbox 86 1575 312 1631; x_wconf 89' lang='lat' dir='ltr'>omnibus,</span> <span class='ocrx_word' id='word_1_147' title='bbox 335 1574 412 1639; x_wconf 92' lang='lat' dir='ltr'>qui</span> <span class='ocrx_word' id='word_1_148' title='bbox 430 1574 485 1622; x_wconf 93' lang='lat' dir='ltr'>de</span> <span class='ocrx_word' id='word_1_149' title='bbox 503 1592 549 1622; x_wconf 88' lang='lat' dir='ltr'>re</span> <span class='ocrx_word' id='word_1_150' title='bbox 569 1574 747 1639; x_wconf 89' lang='lat' dir='ltr'>politica</span> <span class='ocrx_word' id='word_1_151' title='bbox 766 1575 1067 1640; x_wconf 87' lang='lat' dir='ltr'>scripserunt,</span> <span class='ocrx_word' id='word_1_152' title='bbox 1101 1575 1197 1622; x_wconf 90' lang='lat' dir='ltr'>sive</span> <span class='ocrx_word' id='word_1_153' title='bbox 1222 1574 1278 1621; x_wconf 94' lang='lat' dir='ltr'>de</span> <span class='ocrx_word' id='word_1_154' title='bbox 1308 1575 1556 1622; x_wconf 89' lang='lat' dir='ltr'>constantia</span> 
     </span>
     <span class='ocr_line' id='line_1_20' title="bbox 86 1651 1555 1716; baseline 0.001 -19"><span class='ocrx_word' id='word_1_155' title='bbox 86 1651 303 1716; x_wconf 88' lang='lat' dir='ltr'>cuiusque</span> <span class='ocrx_word' id='word_1_156' title='bbox 336 1651 501 1714; x_wconf 88' lang='lat' dir='ltr'>gentis,</span> <span class='ocrx_word' id='word_1_157' title='bbox 539 1654 633 1699; x_wconf 87' lang='lat' dir='ltr'>sive</span> <span class='ocrx_word' id='word_1_158' title='bbox 657 1651 714 1698; x_wconf 94' lang='lat' dir='ltr'>de</span> <span class='ocrx_word' id='word_1_159' title='bbox 740 1651 908 1714; x_wconf 86' lang='lat' dir='ltr'>magis,</span> <span class='ocrx_word' id='word_1_160' title='bbox 942 1662 1019 1698; x_wconf 88' lang='lat' dir='ltr'>aut</span> <span class='ocrx_word' id='word_1_161' title='bbox 1050 1651 1196 1698; x_wconf 91' lang='lat' dir='ltr'>minus</span> <span class='ocrx_word' id='word_1_162' title='bbox 1233 1651 1431 1716; x_wconf 86' lang='lat' dir='ltr'>proxima</span> <span class='ocrx_word' id='word_1_163' title='bbox 1459 1651 1555 1698; x_wconf 91' lang='lat' dir='ltr'>eius</span> 
     </span>
     <span class='ocr_line' id='line_1_21' title="bbox 86 1727 1556 1792; baseline 0.001 -20"><span class='ocrx_word' id='word_1_164' title='bbox 86 1727 378 1775; x_wconf 86' lang='lat' dir='ltr'>dissolutione</span> <span class='ocrx_word' id='word_1_165' title='bbox 401 1745 453 1774; x_wconf 89' lang='lat' dir='ltr'>ac</span> <span class='ocrx_word' id='word_1_166' title='bbox 476 1728 604 1775; x_wconf 87' lang='lat' dir='ltr'>ruina</span> <span class='ocrx_word' id='word_1_167' title='bbox 621 1766 631 1783; x_wconf 94' lang='lat'>,</span> <span class='ocrx_word' id='word_1_168' title='bbox 666 1727 879 1775; x_wconf 89' lang='lat' dir='ltr'>indicium</span> <span class='ocrx_word' id='word_1_169' title='bbox 916 1745 1093 1792; x_wconf 90' lang='lat' dir='ltr'>semper</span> <span class='ocrx_word' id='word_1_170' title='bbox 1117 1727 1281 1792; x_wconf 90' lang='lat' dir='ltr'>petitur</span> <span class='ocrx_word' id='word_1_171' title='bbox 1313 1737 1481 1774; x_wconf 87' lang='lat' dir='ltr'>certum</span> <span class='ocrx_word' id='word_1_172' title='bbox 1504 1745 1556 1774; x_wconf 85' lang='lat' dir='ltr'>ex</span> 
     </span>
     <span class='ocr_line' id='line_1_22' title="bbox 87 1803 1552 1868; baseline 0.001 -18"><span class='ocrx_word' id='word_1_173' title='bbox 87 1820 256 1850; x_wconf 89' lang='lat' dir='ltr'>morum</span> <span class='ocrx_word' id='word_1_174' title='bbox 290 1805 548 1868; x_wconf 87' lang='lat' dir='ltr'>praesertim</span> <span class='ocrx_word' id='word_1_175' title='bbox 583 1803 859 1868; x_wconf 89' lang='lat' dir='ltr'>publicorum</span> <span class='ocrx_word' id='word_1_176' title='bbox 895 1804 1152 1859; x_wconf 89' lang='lat' dir='ltr'>honestate,</span> <span class='ocrx_word' id='word_1_177' title='bbox 1191 1815 1268 1851; x_wconf 90' lang='lat' dir='ltr'>aut</span> <span class='ocrx_word' id='word_1_178' title='bbox 1305 1804 1520 1868; x_wconf 89' lang='lat' dir='ltr'>pravitate</span> <span class='ocrx_word' id='word_1_179' title='bbox 1542 1842 1552 1859; x_wconf 93' lang='lat'>,</span> 
     </span>
     <span class='ocr_line' id='line_1_23' title="bbox 87 1879 1557 1943; baseline 0.001 -18"><span class='ocrx_word' id='word_1_180' title='bbox 87 1895 202 1942; x_wconf 90' lang='lat' dir='ltr'>quae</span> <span class='ocrx_word' id='word_1_181' title='bbox 236 1879 355 1942; x_wconf 89' lang='lat' dir='ltr'>apud</span> <span class='ocrx_word' id='word_1_182' title='bbox 389 1880 507 1927; x_wconf 89' lang='lat' dir='ltr'>cives</span> <span class='ocrx_word' id='word_1_183' title='bbox 543 1879 779 1943; x_wconf 88' lang='lat' dir='ltr'>praevalet.</span> <span class='ocrx_word' id='word_1_184' title='bbox 810 1879 893 1926; x_wconf 89' lang='lat' dir='ltr'>Ubi</span> <span class='ocrx_word' id='word_1_185' title='bbox 926 1880 1044 1927; x_wconf 90' lang='lat' dir='ltr'>enim</span> <span class='ocrx_word' id='word_1_186' title='bbox 1069 1880 1261 1943; x_wconf 87' lang='lat' dir='ltr'>viguerit</span> <span class='ocrx_word' id='word_1_187' title='bbox 1290 1880 1465 1943; x_wconf 87' lang='lat' dir='ltr'>religio,</span> <span class='ocrx_word' id='word_1_188' title='bbox 1495 1879 1557 1926; x_wconf 89' lang='lat' dir='ltr'>le-</span> 
     </span>
     <span class='ocr_line' id='line_1_24' title="bbox 88 1955 1559 2021; baseline 0.003 -21"><span class='ocrx_word' id='word_1_189' title='bbox 88 1971 190 2016; x_wconf 86' lang='lat' dir='ltr'>gum</span> <span class='ocrx_word' id='word_1_190' title='bbox 220 1955 421 2002; x_wconf 87' lang='lat' dir='ltr'>custodia</span> <span class='ocrx_word' id='word_1_191' title='bbox 450 1966 492 2002; x_wconf 91' lang='lat' dir='ltr'>et</span> <span class='ocrx_word' id='word_1_192' title='bbox 516 1972 660 2013; x_wconf 83' lang='lat' dir='ltr'>amor3</span> <span class='ocrx_word' id='word_1_193' title='bbox 683 1956 760 2002; x_wconf 94' lang='lat' dir='ltr'>ubi</span> <span class='ocrx_word' id='word_1_194' title='bbox 789 1957 1167 2021; x_wconf 87' lang='lat' dir='ltr'>perseveraverint</span> <span class='ocrx_word' id='word_1_195' title='bbox 1189 1957 1334 2003; x_wconf 91' lang='lat' dir='ltr'>avitae</span> <span class='ocrx_word' id='word_1_196' title='bbox 1358 1956 1559 2004; x_wconf 84' lang='lat' dir='ltr'>traditio-</span> 
     </span>
     <span class='ocr_line' id='line_1_25' title="bbox 88 2030 1556 2097; baseline 0.003 -22"><span class='ocrx_word' id='word_1_197' title='bbox 88 2047 165 2076; x_wconf 91' lang='lat' dir='ltr'>nes</span> <span class='ocrx_word' id='word_1_198' title='bbox 194 2030 500 2087; x_wconf 88' lang='lat' dir='ltr'>intemeratae,</span> <span class='ocrx_word' id='word_1_199' title='bbox 522 2049 574 2078; x_wconf 90' lang='lat' dir='ltr'>ac</span> <span class='ocrx_word' id='word_1_200' title='bbox 592 2031 778 2095; x_wconf 88' lang='lat' dir='ltr'>proinde</span> <span class='ocrx_word' id='word_1_201' title='bbox 801 2031 978 2097; x_wconf 90' lang='lat' dir='ltr'>publica</span> <span class='ocrx_word' id='word_1_202' title='bbox 1012 2050 1184 2079; x_wconf 91' lang='lat' dir='ltr'>morum</span> <span class='ocrx_word' id='word_1_203' title='bbox 1219 2031 1452 2088; x_wconf 87' lang='lat' dir='ltr'>honestas,</span> <span class='ocrx_word' id='word_1_204' title='bbox 1483 2031 1556 2079; x_wconf 85' lang='lat' dir='ltr'>hic</span> 
     </span>
     <span class='ocr_line' id='line_1_26' title="bbox 88 2106 1551 2172; baseline 0.001 -19"><span class='ocrx_word' id='word_1_205' title='bbox 88 2106 277 2171; x_wconf 90' lang='lat' dir='ltr'>populus</span> <span class='ocrx_word' id='word_1_206' title='bbox 296 2106 421 2154; x_wconf 85' lang='lat' dir='ltr'>sortis</span> <span class='ocrx_word' id='word_1_207' title='bbox 439 2107 704 2172; x_wconf 88' lang='lat' dir='ltr'>validusque</span> <span class='ocrx_word' id='word_1_208' title='bbox 726 2119 952 2165; x_wconf 88' lang='lat' dir='ltr'>censetur,</span> <span class='ocrx_word' id='word_1_209' title='bbox 973 2108 1063 2156; x_wconf 88' lang='lat' dir='ltr'>vita</span> <span class='ocrx_word' id='word_1_210' title='bbox 1087 2126 1138 2155; x_wconf 91' lang='lat' dir='ltr'>ac</span> <span class='ocrx_word' id='word_1_211' title='bbox 1163 2109 1313 2172; x_wconf 85' lang='lat' dir='ltr'>vigore</span> <span class='ocrx_word' id='word_1_212' title='bbox 1337 2118 1551 2172; x_wconf 88' lang='lat' dir='ltr'>praestat,</span> 
     </span>
     <span class='ocr_line' id='line_1_27' title="bbox 87 2182 1555 2249; baseline 0.002 -21"><span class='ocrx_word' id='word_1_213' title='bbox 87 2199 166 2229; x_wconf 90' lang='lat' dir='ltr'>nec</span> <span class='ocrx_word' id='word_1_214' title='bbox 200 2182 332 2229; x_wconf 89' lang='lat' dir='ltr'>habet</span> <span class='ocrx_word' id='word_1_215' title='bbox 359 2183 415 2230; x_wconf 89' lang='lat' dir='ltr'>ab</span> <span class='ocrx_word' id='word_1_216' title='bbox 446 2185 637 2231; x_wconf 84' lang='lat' dir='ltr'>externis</span> <span class='ocrx_word' id='word_1_217' title='bbox 673 2185 792 2249; x_wconf 92' lang='lat' dir='ltr'>quod</span> <span class='ocrx_word' id='word_1_218' title='bbox 825 2185 954 2232; x_wconf 91' lang='lat' dir='ltr'>valde</span> <span class='ocrx_word' id='word_1_219' title='bbox 988 2186 1162 2241; x_wconf 88' lang='lat' dir='ltr'>timeat;</span> <span class='ocrx_word' id='word_1_220' title='bbox 1190 2202 1243 2232; x_wconf 87' lang='lat' dir='ltr'>ex</span> <span class='ocrx_word' id='word_1_221' title='bbox 1268 2185 1403 2232; x_wconf 88' lang='lat' dir='ltr'>totius</span> <span class='ocrx_word' id='word_1_222' title='bbox 1437 2185 1555 2231; x_wconf 91' lang='lat' dir='ltr'>enim</span> 
     </span>
     <span class='ocr_line' id='line_1_28' title="bbox 85 2258 1549 2325; baseline 0.002 -20"><span class='ocrx_word' id='word_1_223' title='bbox 85 2258 379 2307; x_wconf 88' lang='lat' dir='ltr'>multitudinis</span> <span class='ocrx_word' id='word_1_224' title='bbox 414 2261 741 2325; x_wconf 88' lang='lat' dir='ltr'>conspiratione</span> <span class='ocrx_word' id='word_1_225' title='bbox 774 2279 889 2308; x_wconf 90' lang='lat' dir='ltr'>unus</span> <span class='ocrx_word' id='word_1_226' title='bbox 915 2261 1048 2309; x_wconf 90' lang='lat' dir='ltr'>homo</span> <span class='ocrx_word' id='word_1_227' title='bbox 1079 2261 1328 2309; x_wconf 88' lang='lat' dir='ltr'>coalescere</span> <span class='ocrx_word' id='word_1_228' title='bbox 1361 2260 1549 2309; x_wconf 88' lang='lat' dir='ltr'>videtur.</span> 
     </span>
     <span class='ocr_line' id='line_1_29' title="bbox 85 2333 1556 2401; baseline 0.002 -20"><span class='ocrx_word' id='word_1_229' title='bbox 85 2333 246 2382; x_wconf 87' lang='lat' dir='ltr'>Contra</span> <span class='ocrx_word' id='word_1_230' title='bbox 277 2353 379 2383; x_wconf 92' lang='lat' dir='ltr'>vero</span> <span class='ocrx_word' id='word_1_231' title='bbox 413 2336 488 2382; x_wconf 93' lang='lat' dir='ltr'>ubi</span> <span class='ocrx_word' id='word_1_232' title='bbox 523 2336 711 2401; x_wconf 90' lang='lat' dir='ltr'>populus</span> <span class='ocrx_word' id='word_1_233' title='bbox 743 2336 800 2383; x_wconf 85' lang='lat' dir='ltr'>ab</span> <span class='ocrx_word' id='word_1_234' title='bbox 829 2337 1029 2386; x_wconf 86' lang='lat' dir='ltr'>instituto</span> <span class='ocrx_word' id='word_1_235' title='bbox 1058 2338 1318 2394; x_wconf 88' lang='lat' dir='ltr'>desciverit,</span> <span class='ocrx_word' id='word_1_236' title='bbox 1358 2355 1410 2384; x_wconf 89' lang='lat' dir='ltr'>ac</span> <span class='ocrx_word' id='word_1_237' title='bbox 1443 2338 1556 2385; x_wconf 89' lang='lat' dir='ltr'>inter</span> 
     </span>
    </p>
   </div>
   <div class='ocr_carea' id='block_1_3' title="bbox 82 2499 1556 2760">
    <p class='ocr_par' dir='ltr' id='par_1_4' title="bbox 82 2499 1556 2760">
     <span class='ocr_line' id='line_1_30' title="bbox 84 2499 1556 2543; baseline 0.003 -13"><span class='ocrx_word' id='word_1_238' title='bbox 84 2499 175 2532; x_wconf 74' lang='lat' dir='ltr'>vivre</span> <span class='ocrx_word' id='word_1_239' title='bbox 187 2509 263 2533; x_wconf 86' lang='lat' dir='ltr'>sous</span> <span class='ocrx_word' id='word_1_240' title='bbox 276 2500 456 2534; x_wconf 79' lang='lat' dir='ltr'>l&#39;inssuence</span> <span class='ocrx_word' id='word_1_241' title='bbox 471 2501 511 2534; x_wconf 88' lang='lat' dir='ltr'>de</span> <span class='ocrx_word' id='word_1_242' title='bbox 526 2503 609 2534; x_wconf 85' lang='lat' dir='ltr'>cette</span> <span class='ocrx_word' id='word_1_243' title='bbox 623 2510 795 2543; x_wconf 73' lang='lat' dir='ltr'>croyaiicc,</span> <span class='ocrx_word' id='word_1_244' title='bbox 815 2503 953 2535; x_wconf 73' lang='lat' dir='ltr'>aussitot</span> <span class='ocrx_word' id='word_1_245' title='bbox 968 2502 999 2535; x_wconf 89' lang='lat' dir='ltr'>le</span> <span class='ocrx_word' id='word_1_246' title='bbox 1011 2502 1164 2535; x_wconf 60' lang='lat' dir='ltr'>‹lssordre</span> <span class='ocrx_word' id='word_1_247' title='bbox 1182 2504 1289 2535; x_wconf 82' lang='lat' dir='ltr'>rentre</span> <span class='ocrx_word' id='word_1_248' title='bbox 1307 2502 1389 2535; x_wconf 84' lang='lat' dir='ltr'>dans</span> <span class='ocrx_word' id='word_1_249' title='bbox 1402 2503 1556 2535; x_wconf 83' lang='lat' dir='ltr'>l&#39;homme</span> 
     </span>
     <span class='ocr_line' id='line_1_31' title="bbox 84 2552 1554 2598; baseline 0.004 -15"><span class='ocrx_word' id='word_1_250' title='bbox 84 2554 116 2583; x_wconf 74' lang='lat' dir='ltr'>et</span> <span class='ocrx_word' id='word_1_251' title='bbox 138 2552 219 2585; x_wconf 79' lang='lat' dir='ltr'>dans</span> <span class='ocrx_word' id='word_1_252' title='bbox 240 2553 270 2586; x_wconf 81' lang='lat' dir='ltr'>la</span> <span class='ocrx_word' id='word_1_253' title='bbox 293 2554 412 2586; x_wconf 71' lang='lat' dir='ltr'>societe</span> <span class='ocrx_word' id='word_1_254' title='bbox 432 2554 489 2587; x_wconf 85' lang='lat' dir='ltr'>des</span> <span class='ocrx_word' id='word_1_255' title='bbox 511 2555 742 2587; x_wconf 56' lang='lat' dir='ltr'>hommes-La</span> <span class='ocrx_word' id='word_1_256' title='bbox 756 2555 852 2588; x_wconf 84' lang='lat' dir='ltr'>chute</span> <span class='ocrx_word' id='word_1_257' title='bbox 876 2555 916 2588; x_wconf 90' lang='lat' dir='ltr'>de</span> <span class='ocrx_word' id='word_1_258' title='bbox 936 2556 1098 2588; x_wconf 68' lang='lat' dir='ltr'>l’autorite</span> <span class='ocrx_word' id='word_1_259' title='bbox 1119 2555 1201 2588; x_wconf 84' lang='lat' dir='ltr'>dans</span> <span class='ocrx_word' id='word_1_260' title='bbox 1224 2555 1341 2588; x_wconf 79' lang='lat' dir='ltr'>l’ordre</span> <span class='ocrx_word' id='word_1_261' title='bbox 1354 2557 1554 2598; x_wconf 76' lang='lat' dir='ltr'>sumaturei,</span> 
     </span>
     <span class='ocr_line' id='line_1_32' title="bbox 84 2606 1556 2650; baseline 0.005 -16"><span class='ocrx_word' id='word_1_262' title='bbox 84 2606 227 2638; x_wconf 74' lang='lat' dir='ltr'>entralne</span> <span class='ocrx_word' id='word_1_263' title='bbox 237 2606 319 2638; x_wconf 74' lang='lat' dir='ltr'>ainsi</span> <span class='ocrx_word' id='word_1_264' title='bbox 333 2607 366 2638; x_wconf 83' lang='lat' dir='ltr'>la</span> <span class='ocrx_word' id='word_1_265' title='bbox 379 2607 475 2640; x_wconf 82' lang='lat' dir='ltr'>chute</span> <span class='ocrx_word' id='word_1_266' title='bbox 486 2607 527 2639; x_wconf 84' lang='lat' dir='ltr'>de</span> <span class='ocrx_word' id='word_1_267' title='bbox 539 2608 702 2640; x_wconf 75' lang='lat' dir='ltr'>l&#39;autorite</span> <span class='ocrx_word' id='word_1_268' title='bbox 716 2607 797 2640; x_wconf 85' lang='lat' dir='ltr'>dans</span> <span class='ocrx_word' id='word_1_269' title='bbox 816 2608 934 2640; x_wconf 84' lang='lat' dir='ltr'>l&#39;ordre</span> <span class='ocrx_word' id='word_1_270' title='bbox 954 2608 1069 2640; x_wconf 86' lang='lat' dir='ltr'>social.</span> <span class='ocrx_word' id='word_1_271' title='bbox 1081 2608 1248 2641; x_wconf 82' lang='lat' dir='ltr'>L&#39;homme</span> <span class='ocrx_word' id='word_1_272' title='bbox 1262 2608 1315 2640; x_wconf 81' lang='lat' dir='ltr'>u’a</span> <span class='ocrx_word' id='word_1_273' title='bbox 1329 2609 1402 2650; x_wconf 87' lang='lat' dir='ltr'>plus</span> <span class='ocrx_word' id='word_1_274' title='bbox 1416 2609 1556 2643; x_wconf 68' lang='lat' dir='ltr'>des-locs</span> 
     </span>
     <span class='ocr_line' id='line_1_33' title="bbox 87 2657 1555 2705; baseline 0.005 -16"><span class='ocrx_word' id='word_1_275' title='bbox 87 2657 114 2689; x_wconf 83' lang='lat' dir='ltr'>le</span> <span class='ocrx_word' id='word_1_276' title='bbox 133 2658 220 2691; x_wconf 77' lang='lat' dir='ltr'>droit</span> <span class='ocrx_word' id='word_1_277' title='bbox 241 2669 297 2692; x_wconf 83' lang='lat' dir='ltr'>sur</span> <span class='ocrx_word' id='word_1_278' title='bbox 320 2661 488 2702; x_wconf 84' lang='lat' dir='ltr'>l&#39;homme;</span> <span class='ocrx_word' id='word_1_279' title='bbox 506 2664 538 2694; x_wconf 81' lang='lat' dir='ltr'>et</span> <span class='ocrx_word' id='word_1_280' title='bbox 552 2663 602 2695; x_wconf 84' lang='lat' dir='ltr'>s’il</span> <span class='ocrx_word' id='word_1_281' title='bbox 617 2663 648 2695; x_wconf 84' lang='lat' dir='ltr'>le</span> <span class='ocrx_word' id='word_1_282' title='bbox 662 2663 810 2703; x_wconf 85' lang='lat' dir='ltr'>domine,</span> <span class='ocrx_word' id='word_1_283' title='bbox 829 2672 866 2695; x_wconf 85' lang='lat' dir='ltr'>ce</span> <span class='ocrx_word' id='word_1_284' title='bbox 882 2672 921 2695; x_wconf 89' lang='lat' dir='ltr'>ue</span> <span class='ocrx_word' id='word_1_285' title='bbox 937 2666 1014 2704; x_wconf 83' lang='lat' dir='ltr'>peut</span> <span class='ocrx_word' id='word_1_286' title='bbox 1026 2666 1094 2696; x_wconf 76' lang='lat' dir='ltr'>eti-e</span> <span class='ocrx_word' id='word_1_287' title='bbox 1106 2672 1170 2704; x_wconf 86' lang='lat' dir='ltr'>que</span> <span class='ocrx_word' id='word_1_288' title='bbox 1184 2672 1241 2705; x_wconf 78' lang='lat' dir='ltr'>par</span> <span class='ocrx_word' id='word_1_289' title='bbox 1255 2664 1288 2696; x_wconf 80' lang='lat' dir='ltr'>la</span> <span class='ocrx_word' id='word_1_290' title='bbox 1302 2663 1401 2697; x_wconf 78' lang='lat' dir='ltr'>force.</span> <span class='ocrx_word' id='word_1_291' title='bbox 1421 2664 1555 2698; x_wconf 79' lang='lat' dir='ltr'>celle-ci</span> 
     </span>
     <span class='ocr_line' id='line_1_34' title="bbox 82 2709 1554 2760; baseline 0.008 -21"><span class='ocrx_word' id='word_1_292' title='bbox 82 2709 153 2740; x_wconf 82' lang='lat' dir='ltr'>doit</span> <span class='ocrx_word' id='word_1_293' title='bbox 163 2710 426 2746; x_wconf 58' lang='lat' dir='ltr'>necassairement</span> <span class='ocrx_word' id='word_1_294' title='bbox 435 2714 566 2746; x_wconf 83' lang='lat' dir='ltr'>devenir</span> <span class='ocrx_word' id='word_1_295' title='bbox 578 2715 770 2756; x_wconf 78' lang='lat' dir='ltr'>tyrannique</span> <span class='ocrx_word' id='word_1_296' title='bbox 783 2718 814 2747; x_wconf 88' lang='lat' dir='ltr'>et</span> <span class='ocrx_word' id='word_1_297' title='bbox 828 2715 968 2747; x_wconf 82' lang='lat' dir='ltr'>violente</span> <span class='ocrx_word' id='word_1_298' title='bbox 980 2724 1061 2756; x_wconf 86' lang='lat' dir='ltr'>pour</span> <span class='ocrx_word' id='word_1_299' title='bbox 1075 2715 1201 2749; x_wconf 83' lang='lat' dir='ltr'>obtenir</span> <span class='ocrx_word' id='word_1_300' title='bbox 1217 2725 1281 2749; x_wconf 88' lang='lat' dir='ltr'>une</span> <span class='ocrx_word' id='word_1_301' title='bbox 1294 2716 1486 2758; x_wconf 68' lang='lat' dir='ltr'>subjectioni,</span> <span class='ocrx_word' id='word_1_302' title='bbox 1497 2718 1554 2760; x_wconf 85' lang='lat' dir='ltr'>qui</span> 
     </span>
    </p>
   </div>
   <div class='ocr_carea' id='block_1_4' title="bbox 86 2761 1556 2856">
    <p class='ocr_par' dir='ltr' id='par_1_5' title="bbox 86 2761 1556 2856">
     <span class='ocr_line' id='line_1_35' title="bbox 87 2761 1556 2813; baseline 0.007 -22"><span class='ocrx_word' id='word_1_303' title='bbox 87 2762 137 2792; x_wconf 82' lang='lat' dir='ltr'>n&#39;a</span> <span class='ocrx_word' id='word_1_304' title='bbox 151 2761 223 2802; x_wconf 81' lang='lat' dir='ltr'>plus</span> <span class='ocrx_word' id='word_1_305' title='bbox 234 2762 354 2803; x_wconf 81' lang='lat' dir='ltr'>d&#39;objet</span> <span class='ocrx_word' id='word_1_306' title='bbox 368 2767 483 2803; x_wconf 78' lang='lat' dir='ltr'>moral,</span> <span class='ocrx_word' id='word_1_307' title='bbox 503 2769 534 2798; x_wconf 77' lang='lat' dir='ltr'>et</span> <span class='ocrx_word' id='word_1_308' title='bbox 549 2776 613 2806; x_wconf 84' lang='lat' dir='ltr'>que</span> <span class='ocrx_word' id='word_1_309' title='bbox 633 2776 719 2799; x_wconf 66' lang='lat' dir='ltr'>cesse</span> <span class='ocrx_word' id='word_1_310' title='bbox 735 2767 833 2798; x_wconf 75' lang='lat' dir='ltr'>d&#39;etre</span> <span class='ocrx_word' id='word_1_311' title='bbox 843 2767 1061 2813; x_wconf 55' lang='lat' dir='ltr'>solemnii-e.»</span> <span class='ocrx_word' id='word_1_312' title='bbox 1079 2770 1153 2809; x_wconf 81' lang='lat' dir='ltr'>Pag.</span> <span class='ocrx_word' id='word_1_313' title='bbox 1172 2773 1240 2802; x_wconf 83' lang='grc'><strong>138.</strong></span> <span class='ocrx_word' id='word_1_314' title='bbox 1257 2770 1344 2803; x_wconf 82' lang='lat' dir='ltr'>Haec</span> <span class='ocrx_word' id='word_1_315' title='bbox 1359 2769 1556 2803; x_wconf 77' lang='lat' dir='ltr'>meditentur</span> 
     </span>
     <span class='ocr_line' id='line_1_36' title="bbox 86 2815 355 2856; baseline 0.019 -13"><span class='ocrx_word' id='word_1_316' title='bbox 86 2815 355 2856; x_wconf 63' lang='lat' dir='ltr'>pseudo-politici.</span> 
     </span>
    </p>
   </div>
  </div>
 </body>
</html>
