1912 3180
324 227 475 258 CAP.11.
494 227 545 260 m:
573 229 695 260 MATR.
720 229 802 261 CIV.
827 230 936 262 omo.
963 230 1010 262 m
1036 232 1181 264 PROGR.
1205 233 1296 264 ΛΒΤ.
1321 233 1365 264 11.
1505 219 1593 264 273

129 302 215 367 ipsi
249 305 403 351 sectati
438 316 542 352 sunt
588 306 705 353 circa
738 307 959 369 coniugia.
1001 309 1172 355 Etenim
1201 310 1288 374 ipsi
1324 328 1375 356 ex
1411 312 1594 374 praesti-

130 388 221 426 tuta
253 378 455 427 doctrina
478 380 534 426 de
557 381 835 428 matrimonio
863 381 1127 440 christiano,
1155 385 1273 448 quod
1304 386 1592 450 spectandum

128 455 188 502 sit
211 465 261 502 ut
293 455 438 503 civilis
473 466 722 503 contractus
757 474 783 503 a
816 456 912 519 lege
945 459 1159 524 principis
1193 460 1481 526 dependens,
1521 479 1595 510 co-

127 529 306 576 rollaria
339 531 535 594 practica
566 531 864 588 deduxerunt,
902 549 1017 596 quae
1051 534 1095 579 in
1130 553 1181 582 ea
1214 536 1513 583 includuntur.
1541 537 1594 584 Et

127 622 237 652 sane
259 616 460 654 auctores
497 607 674 654 fuerunt
707 608 1011 673 principibus:

222 681 369 751 Primo
403 693 452 729 ut
486 682 711 730 tolleretur
748 701 774 730 a
807 684 1086 731 matrimonio
1121 687 1373 734 omnimoda
1406 688 1483 735 illa
1520 689 1596 735 fir-

127 756 282 813 mitas,
321 775 435 823 quae
469 759 683 807 hactenus
718 760 919 823 viguerat
948 760 993 806 in
1023 760 1210 808 ecclesia
1237 763 1469 811 catholica.
1494 764 1595 811 Plu-

125 849 196 879 res
230 832 349 881 illico
383 835 669 898 assignarunt
701 835 875 883 divortii
912 834 1090 901 perfecti
1123 837 1306 893 causas,
1340 839 1591 886 cuiusmodi

126 918 229 955 sunt
257 909 521 958 adulterium
539 950 549 968 ,
584 912 787 959 affectata
810 912 1014 975 coniugis
1039 912 1241 959 absentia
1257 951 1267 969 ,
1303 914 1469 961 crimen
1492 915 1595 962 hae-

128 986 241 1033 resis
280 989 395 1049 (suo
426 988 581 1043 modo,
609 999 657 1035 ut
680 999 820 1053 patet,
860 988 1107 1036 intellectae
1130 1005 1183 1036 ac
1205 988 1477 1050 iudicatae),
1506 1007 1595 1037 mo-

123 1059 234 1108 lesta
269 1062 562 1119 cohabitatio,
591 1063 794 1128 aliaeque
828 1063 1047 1111 eiusmodi
1086 1064 1201 1125 (27).

218 1136 386 1184 Harum
421 1155 551 1202 porro
585 1155 820 1186 causarum
848 1139 1176 1187 discussionem
1200 1150 1243 1187 et
1267 1140 1481 1188 iudicium
1506 1159 1595 1189 ma-

122 1230 211 1277 gna
244 1213 401 1261 saltem
435 1232 489 1262 ex
523 1225 648 1279 parte
682 1215 947 1262 dimiserunt
979 1216 1312 1278 magistratibus
1348 1234 1428 1264 seu
1455 1217 1596 1264 tribu-

124 1290 301 1339 nalibus
346 1292 589 1348 civilibus;
638 1309 753 1357 quae
793 1292 974 1356 quidem
1017 1310 1180 1340 causae
1214 1294 1335 1341 iuxta
1367 1294 1596 1341 doctorum

124 1368 460 1431 protestantium
498 1370 646 1417 varias
687 1370 928 1417 sententias
972 1370 1212 1427 coarctari,
1253 1381 1328 1417 aut
1361 1370 1593 1419 indefinite

122 1444 299 1492 extendi
334 1456 537 1510 possunt.
579 1446 749 1492 Exinde
772 1446 841 1502 fit,
870 1455 918 1492 ut
941 1462 1041 1492 cum
1065 1446 1283 1493 eiusmodi
1319 1463 1480 1493 causae
1504 1447 1595 1493 sint

123 1520 235 1568 adeo
272 1522 542 1585 expansivae
566 1539 645 1586 pro
674 1521 886 1586 qualitate
921 1539 1000 1569 seu
1034 1522 1287 1569 conditione
1326 1522 1595 1570 contenden-

125 1597 258 1653 tium,
299 1613 378 1661 pro
414 1596 611 1644 iudicum
646 1597 880 1645 severitate
914 1608 990 1644 aut
1023 1597 1318 1660 benignitate,
1349 1608 1397 1645 ut
1425 1599 1594 1664 passim

122 1672 459 1731 dissolutiones,
497 1690 576 1721 seu
604 1674 797 1738 perfecta
829 1674 1018 1721 divortia
1044 1674 1365 1731 decernantur,
1394 1675 1514 1739 quod
1539 1693 1593 1722 ex

125 1750 212 1796 iam
238 1749 384 1797 allatis
415 1750 695 1797 documentis
726 1750 1028 1806 ostendimus,
1057 1761 1100 1797 et
1121 1750 1254 1798 latius
1279 1751 1426 1798 adhuc
1449 1762 1596 1798 osten-

124 1825 304 1882 demus,
333 1842 433 1872 cum
459 1843 604 1873 sermo
628 1826 710 1873 erit
736 1826 781 1871 in
806 1826 933 1873 tertio
966 1826 1080 1873 libro
1112 1827 1169 1873 de
1203 1826 1595 1874 indissolubilitate

125 1901 391 1948 matrimonii
410 1903 527 1964 (28).
543 1902 625 1948 Hic
642 1901 834 1949 contenti
854 1902 1019 1949 erimus
1033 1902 1397 1959 animadvertere,
1415 1902 1534 1966 quod
1548 1903 1594 1949 in

124 1977 350 2024 Britannia
364 2015 373 2033 ‚
397 1977 474 2024 ubi
493 1978 688 2026 severior
704 1977 774 2025 lex
792 1977 1007 2025 hactenus
1034 1978 1171 2041 viguit
1194 1978 1312 2025 circa
1329 1978 1566 2025 divortium
1580 2017 1589 2033 ,

221 2138 286 2177 (27)
302 2139 349 2169 Ex
359 2136 607 2178 antiquioribus,
620 2138 676 2178 qui
691 2137 815 2169 licitum
832 2138 923 2169 extra
940 2135 1090 2170 adulterii
1104 2145 1235 2169 causam
1249 2136 1427 2169 divortium
1438 2136 1602 2170 adstruxe-

126 2190 218 2229 runt,
240 2189 384 2221 eminent
407 2189 490 2221 inter
510 2190 724 2230 protestantes
739 2191 805 2221 Leo
818 2189 917 2221 Iudae
930 2189 963 2220 in
977 2188 1142 2231 epistolis,
1157 2197 1240 2229 quae
1251 2187 1294 2220 ad
1307 2188 1427 2220 calcem
1442 2188 1523 2219 tomi
1539 2189 1596 2220 111.

129 2245 255 2274 Rerum
279 2242 583 2274 alemannicarum
606 2241 753 2274 Goldasti
776 2241 951 2282 {labentum
972 2243 1114 2274 Bucerus
1135 2241 1176 2273 de
1191 2250 1257 2281 quo
1274 2241 1356 2273 alias
1373 2240 1532 2281 diximus3
1548 2242 1594 2272 lo.

124 2295 286 2327 Miltonus
303 2296 337 2327 et
357 2297 485 2327 Marcus
495 2296 569 2327 Ant.
585 2297 632 2326 De
647 2293 793 2326 Dominis
807 2294 840 2325 in
853 2293 973 2334 scripto
988 2293 1028 2325 de
1045 2293 1264 2332 matrimonio,
1279 2293 1319 2325 de
1331 2302 1396 2334 quo
1411 2293 1549 2325 Bzovius
1564 2291 1598 2324 in

122 2347 287 2380 Annalib.
311 2347 533 2380 ecclesiastic.
552 2347 593 2379 ad
616 2355 670 2379 an.
692 2349 779 2379 1479.
807 2355 841 2378 n.
863 2350 913 2379 2⁰.
936 2346 1113 2378 Salmasius
1136 2348 1186 2378 De
1213 2348 1366 2378 Foenore
1396 2346 1598 2386 trapezitico

122 2405 306 2441 nato-³16.
321 2402 354 2432 et
367 2401 528 2440 Scriptum
543 2399 683 2431 Londini
701 2402 790 2431 1715.
805 2399 929 2431 editum
944 2400 997 2431 cui
1014 2400 1063 2431 tit.
1079 2401 1128 2432 On
1142 2407 1239 2439 essay
1255 2407 1348 2440 upon
1365 2398 1597 2430 devm-cernent

124 2454 259 2485 written
274 2451 410 2492 forme
423 2451 511 2493 qood
526 2450 569 2489 of
581 2451 659 2483 both
682 2459 790 2484 sexes.
803 2451 853 2482 Cf.
869 2451 967 2483 etiam
986 2451 1065 2483 lahn
1078 2450 1327 2490 Archaeoloqia
1342 2448 1489 2482 Biblica.
1504 2449 1598 2481 Vien-

126 2513 186 2537 nae
202 2508 293 2537 1814.

219 2557 286 2598 (28)
307 2559 442 2590 Interim
459 2557 572 2589 notatu
588 2556 723 2598 dignum
739 2558 808 2597 est,
826 2556 907 2588 adeo
921 2556 1096 2588 invaluisse
1110 2564 1149 2588 ac
1167 2556 1361 2588 invalescere
1376 2555 1409 2587 in
1426 2555 1598 2587 Germania

125 2610 264 2643 facilitas
278 2610 513 2651 divortiorum,
531 2610 612 2642 utin
630 2609 754 2650 synodo
770 2610 968 2650 protestante
990 2608 1256 2640 francofordiensi
1277 2608 1362 2640 serio
1376 2609 1485 2640 actum
1500 2607 1600 2639 fuerit

123 2663 165 2694 de
179 2663 408 2695 revocandam
419 2664 540 2696 statum
558 2662 731 2704 pristinum
745 2661 1030 2694 indissolubilitate
1045 2661 1198 2701 coniugii.
1212 2661 1270 2692 Ast
1281 2660 1314 2692 hi
1325 2661 1474 2700 conatus,
1490 2660 1597 2700 quoad

123 2715 338 2755 protestantes
357 2716 426 2748 sine
440 2716 645 2756 auctoritate,
662 2715 794 2747 inutiles
807 2723 940 2756 prorsus
955 2714 1042 2746 sunt.
1059 2713 1110 2745 Cf.
1128 2714 1272 2746 Univers
1291 2717 1338 2746 13.
1351 2712 1492 2746 octobre
1504 2715 1594 2745 1854.

125 2775 265 2807 cumque
283 2776 336 2800 an.
353 2771 443 2801 1857.
460 2768 579 2801 iterum
595 2769 628 2800 in
644 2766 784 2800 comitiis
798 2768 905 2799 actum
922 2766 1018 2798 suerit
1033 2766 1073 2798 de
1095 2765 1282 2798 coercendis
1304 2765 1412 2798 causis
1438 2764 1570 2797 divortii
1587 2789 1595 2804 ‚

126 2829 179 2853 res
207 2820 325 2853 iterum
354 2821 473 2854 insecta
500 2822 559 2853 est.

1495 2891 1536 2922 18
