1912 3180
288 202 378 233 cn.
398 201 444 234 ιι.
467 199 518 233 ni:
542 200 666 233 nnn.
690 201 771 232 civ.
796 200 906 232 omo.
932 199 980 232 ετ
1005 199 1149 233 ranan.
1172 199 1263 231 aar.
1291 195 1352 231 ιιι.
1490 180 1576 227 281

126 279 287 327 cellant
313 319 323 336 ‚
380 291 568 327 attamen
620 279 915 343 perniciosum
966 278 1180 325 influxum
1229 293 1315 325 non
1362 274 1581 324 modicum

125 366 427 409 exercuerunt,
446 355 809 418 sanctitatemque
825 353 1090 400 matrimonii
1109 352 1408 418 profanarum.
1424 352 1583 409 Quem-

125 431 364 478 admodum
409 431 527 477 enim
571 430 687 477 circa
729 445 820 475 rem
864 427 1111 493 politicam,
1148 429 1352 495 circaque
1384 429 1582 494 proprie-

127 516 288 562 tatem,
323 506 383 553 ita
414 506 545 552 etiam
579 506 695 552 circa
728 503 981 568 coniugium
1006 520 1093 551 non
1116 521 1272 569 parum
1302 504 1476 552 illorum
1509 521 1583 552 so·-

123 581 346 646 phismata
370 581 425 628 ad
456 582 580 628 ideas
615 580 874 628 evertendas
908 579 1203 636 contulerunt,
1243 580 1582 646 exitialibusque

122 657 479 705 innovationibus
526 657 694 704 aditum
737 656 1062 721 amplissimum
1094 655 1164 703 vel
1198 656 1310 702 inter
1352 657 1475 720 ipsos
1508 673 1583 703 ca-

122 733 309 782 tholicos
344 744 623 798 aperuerunt.
664 734 714 778 ln
750 733 928 798 politica
964 749 1011 779 re
1044 731 1251 796 quidem3
1290 749 1390 779 uam
1423 732 1468 779 in
1502 749 1582 798 po·—

121 809 322 874 pulorum
364 811 534 858 animos
569 809 818 857 diffundere
845 819 1051 857 curarunt
1084 808 1302 855 funestam
1341 808 1581 873 quamdam

120 888 455 952 dispositionem
473 888 530 935 ad
549 887 838 935 concutienda
862 887 1033 934 ordinis
1057 885 1234 934 socialis
1269 885 1575 943 fundamenta,

120 964 175 1010 ad
199 964 430 1011 excitanda
452 963 588 1011 dubia
612 964 728 1011 circa
751 964 847 1011 eius
870 963 1208 1026 legitimitatem‚
1236 971 1279 1010 et
1301 963 1354 1010 ad
1379 963 1579 1010 eiusdem

119 1039 460 1087 destructionem
495 1040 833 1105 provocandam.
861 1041 968 1086 Item
997 1050 1316 1087 concusserunt
1347 1056 1580 1103 germanae

118 1115 286 1162 ethices
311 1115 544 1180 principia,
573 1116 793 1163 notionem
828 1126 1113 1180 corruperunt
1145 1114 1451 1178 obligationis,
1479 1131 1580 1162 sen-

118 1209 215 1239 sum
239 1192 515 1239 extinxerunt
531 1192 751 1257 obsequii,
773 1192 891 1257 quod
915 1191 1099 1239 debetur
1121 1191 1385 1248 auctoritati,
1412 1191 1578 1256 depen-

117 1269 316 1325 dentiae,
346 1269 632 1317 subiectionis
662 1280 703 1316 et
732 1268 1022 1316 obedientiae.
1052 1268 1185 1314 Arma
1214 1267 1573 1333 suppeditarunt,

118 1346 434 1410 speciososque
468 1356 716 1410 praetextus
746 1344 1087 1393 cohonestandis
1111 1343 1317 1391 omnibus
1348 1344 1578 1391 infirmita-

117 1421 202 1477 tis,
232 1438 310 1468 seu
337 1421 483 1485 potius
512 1421 805 1486 corruptionis
832 1421 1053 1468 humanae
1085 1420 1483 1485 propensionibus‚
1510 1420 1576 1468 vi-

117 1497 279 1561 tiisque
315 1496 519 1543 omnibus
551 1506 683 1561 atque
707 1495 896 1543 delictis.
932 1495 1111 1543 lllorum
1145 1496 1371 1543 doctrinae
1402 1495 1579 1544 fuerunt

116 1574 161 1619 in
191 1572 397 1621 societate
421 1572 477 1619 ad
501 1573 643 1620 instar
665 1571 806 1620 morbi
831 1572 1062 1620 cuiusdam
1097 1571 1404 1628 dissolventis,
1431 1582 1480 1619 ut
1501 1589 1577 1620 vo-

115 1661 216 1697 cant
237 1688 247 1706 ,
294 1667 345 1697 eo
385 1650 738 1714 perniciosioris,
779 1666 868 1714 quo
901 1649 998 1696 eius
1032 1649 1147 1697 actio
1180 1649 1298 1696 lenta
1331 1661 1424 1696 erat
1447 1688 1456 1706 ,
1496 1667 1577 1697 nec

115 1726 223 1774 satis
247 1726 453 1774 sensibus
478 1725 623 1773 obvia.
654 1725 807 1790 Populi
827 1743 879 1773 eo
895 1726 1053 1790 spiritu
1078 1726 1225 1773 infecti
1249 1726 1310 1773 ita
1334 1737 1437 1773 sunt
1459 1743 1578 1773 com-

115 1802 277 1866 parati,
304 1811 352 1848 ut
375 1801 605 1849 commoda
634 1812 765 1866 atque
793 1813 1040 1866 opportuna
1063 1801 1149 1849 sibi
1174 1801 1321 1849 oblata
1345 1801 1578 1849 occasione

115 1878 170 1924 ad
206 1879 397 1942 primum
432 1877 731 1942 adspirantem
764 1877 950 1924 halitum
985 1889 1217 1943 erumpant
1240 1878 1285 1924 in
1310 1876 1575 1943 perduellio—

114 1953 183 2001 nis
208 1964 374 2010 motus,
402 1971 453 2001 ac
474 1953 724 2001 vastitatem
749 1971 1090 2018 supremamque
1122 1953 1362 2019 perniciem
1390 1953 1575 2000 afferant

114 2029 330 2076 societati.
353 2029 548 2076 Actualis
568 2029 854 2094 experientia,
878 2046 956 2076 seu
974 2029 1218 2094 praesentis
1237 2028 1458 2076 societatis
1476 2045 1579 2076 con-

112 2105 248 2160 ditio,
286 2115 497 2170 perpetua
529 2105 773 2162 fluctuatio,
812 2105 857 2151 in
892 2122 982 2169 qua
1014 2122 1242 2152 versamur
1264 2143 1274 2162 ,
1318 2115 1575 2168 argumento

111 2192 214 2228 sunt
246 2182 491 2229 certissimo
521 2199 631 2247 quos
657 2192 935 2247 quantosque
967 2181 1149 2229 effectus
1180 2182 1572 2229 communistarum

111 2274 161 2304 ac
186 2257 507 2305 socialistarum
543 2257 738 2305 theoriae
774 2257 818 2304 in
854 2275 900 2306 re
934 2257 1114 2322 politica
1147 2258 1407 2323 producant.

206 2333 333 2390 Quod
368 2334 424 2381 ad
460 2334 770 2399 proprietatem
794 2351 898 2381 vero
926 2333 1080 2381 attinet
1102 2333 1219 2381 idem
1244 2334 1483 2382 cernimus.
1504 2334 1571 2381 Ex

108 2427 196 2475 quo
219 2410 337 2456 enim
362 2410 605 2475 proprietas
628 2410 794 2475 furtum
817 2409 1058 2457 nebulones
1078 2409 1406 2475 proclamarunt
1428 2421 1471 2458 et
1493 2410 1572 2457 de-

108 2485 383 2549 clararunt(3
392 2487 433 2548 4)
446 2525 456 2542 ,
468 2486 612 2551 coepit
629 2485 712 2534 hoc
730 2486 1000 2534 mortiferum
1020 2486 1285 2551 principium
1304 2487 1434 2551 quasi
1453 2487 1572 2535 tinea

201 2655 266 2695 (³4)
286 2656 404 2688 Notum
419 2658 467 2690 est
482 2658 656 2691 Proudhon
671 2667 723 2690 ιιι.
746 2662 834 2692 1840.
852 2659 885 2691 in
903 2659 1044 2700 quodam
1067 2660 1211 2702 scripto,
1233 2660 1319 2701 quod
1342 2660 1487 2702 vulgavit
1502 2661 1565 2694 nub

105 2706 210 2737 titulo:
231 2706 294 2744 ου’
293 2709 356 2740 est-
357 2717 394 2741 ce
402 2718 468 2750 que
483 2710 518 2742 la
527 2711 704 2751 propriae
711 2714 727 2742 Ρ
741 2711 871 2744 resolvit
886 2712 1105 2752 quaestionem
1122 2713 1172 2745 his
1185 2713 1308 2746 verbis:
1320 2716 1370 2747 La
1378 2715 1566 2759 prophete,

105 2767 122 2789 c
125 2758 184 2790 ’est
199 2758 231 2791 le
246 2759 314 2792 vol.
332 2761 502 2803 Quumque
516 2766 590 2804 post
601 2764 789 2797 sexennium
807 2765 1007 2798 revocasset
998 2774 1031 2797 ιιι
1046 2767 1234 2800 memoriam
1249 2767 1410 2801 eiusmodi
1423 2769 1565 2810 proprie·

105 2812 178 2843 tatis
190 2811 418 2855 definitionem,
433 2824 515 2855 quae
529 2814 592 2849 iam
606 2816 742 2849 celebris
756 2817 869 2850 effecta
884 2820 972 2859 erat,
988 2818 1048 2850 sibi
1061 2812 1264 2860 complacens
1276 2820 1487 2854 exclamavit:
1503 2823 1568 2855 «ιι
