1918 3186
247 213 336 257 190
524 227 605 258 Lm.
635 226 664 256 ι.
694 223 807 255 sacr.
838 223 867 255 1.
888 223 940 255 m:
958 223 1132 256 mrum.
1150 223 1434 256 sacnmsnro.

244 315 294 352 ut
320 296 446 351 mens
474 301 649 350 concilii
684 301 888 367 patefiat:
920 301 1050 358 «Qui
1085 301 1234 357 aliter,
1270 303 1422 350 statuit
1454 302 1713 362 concilium,

245 397 379 444 quam
416 383 648 443 praesente
682 378 902 442 parocho,
930 378 999 425 vel
1023 377 1112 425 alio
1137 378 1366 426 sacerdote
1389 378 1445 426 de
1468 379 1611 445 ipsius
1646 396 1720 444 pa-

243 455 364 503 rochi
391 472 470 502 seu
493 454 706 502 ordinarii
733 454 932 511 licentia,
960 466 1005 502 et
1030 454 1206 502 duobus
1232 455 1302 503 vel
1332 455 1474 503 tribus
1503 455 1715 513 testibus,

242 531 569 578 matrimonium
603 531 862 578 contrahere
896 530 1193 588 attentabunt,
1223 549 1300 579 eos
1329 542 1483 579 sancta
1521 532 1721 597 synodus

245 606 301 653 ad
332 606 665 653 contrahendum
687 608 855 653 omnino
880 606 1094 653 inhabiles
1111 606 1275 662 reddit,
1299 617 1343 654 et
1361 607 1607 654 huiusmodi
1623 625 1723 655 con—

246 692 408 729 tractus
442 684 589 729 irritos
612 700 699 729 esse
722 682 931 736 decernit,
960 693 1092 746 prout
1114 699 1190 730 eos
1215 684 1438 747 praesenti
1462 683 1638 732 decreto
1662 684 1723 730 ir-

250 758 358 807 ritos
393 758 499 806 facit
529 769 573 806 et
606 758 807 806 annullat
837 759 954 820 (14).
983 778 1004 803 »

336 834 400 881 Ex
435 834 524 882 alio
556 844 784 900 praeterea
817 833 934 881 fonte
968 833 1183 881 ecclesiae
1217 834 1419 882 doctrina
1455 836 1541 882 hac
1585 852 1723 900 super

243 930 289 959 re
324 913 583 969 innotescit,
619 912 787 960 scilicet
810 929 863 958 ex
892 911 1062 959 ratione
1091 911 1208 975 signi
1237 922 1368 976 prout
1393 912 1564 959 indicat
1594 912 1723 960 unio-

243 1006 343 1036 nem
377 988 543 1036 Christi
578 1006 678 1036 cum
713 987 925 1044 ecclesia,
957 987 1077 1053 quod
1110 988 1228 1035 inest
1256 988 1344 1053 ipsi
1374 989 1635 1036 contractui.
1665 989 1716 1035 In

241 1074 411 1112 tantum
445 1065 564 1112 enim
599 1064 928 1112 matrimonium
972 1064 1329 1111 christifidelium
1367 1075 1436 1112 est
1473 1082 1723 1112 sacramen-

242 1131 356 1197 tum',
378 1141 424 1186 in
444 1150 657 1205 quantum
682 1152 749 1188 est
773 1141 949 1204 signum
979 1141 1221 1206 practicum
1245 1134 1570 1189 coniunctionis
1595 1141 1723 1188 Chri-

244 1218 297 1263 sti
333 1228 376 1264 et
409 1217 644 1274 ecclesiae,
676 1228 719 1264 et
747 1218 831 1265 suh
859 1217 944 1265 hoc
972 1228 1176 1283 respectu
1205 1219 1392 1282 gratiam
1418 1218 1615 1282 legitime
1641 1236 1724 1266 nu-

244 1292 452 1341 bentibus
476 1294 657 1341 confert.
692 1295 784 1341 Iam
806 1311 910 1341 vero
934 1294 1152 1341 eiusmodi
1178 1295 1355 1359 signum
1381 1305 1448 1342 est
1471 1305 1722 1343 contractus

244 1386 325 1434 per
347 1387 615 1418 consensum
642 1370 808 1427 verbis,
833 1381 908 1417 aut
932 1371 1072 1434 signis
1097 1371 1316 1428 elicitum,
1340 1382 1384 1418 et
1406 1371 1589 1436 quidem
1608 1371 1721 1418 inter

240 1445 459 1509 legitimas
483 1464 696 1512 personas
721 1464 772 1494 ac
796 1446 881 1494 suh
904 1447 1068 1494 debitis
1093 1447 1441 1495 conditionibus.
1466 1447 1511 1493 Si
1534 1447 1722 1512 proinde

244 1539 331 1569 non
368 1522 557 1571 habetur
590 1533 915 1571 sacramentum
936 1562 945 1578 ,
984 1522 1085 1570 ideo
1119 1534 1211 1580 est,
1252 1524 1359 1588 quia
1392 1525 1519 1571 deest
1551 1535 1726 1572 contra—

240 1607 361 1654 ctus;
394 1615 495 1645 nam
523 1599 562 1645 si
591 1599 768 1647 adesset
799 1599 1023 1663 legitimus
1049 1609 1315 1655 contractus,
1349 1600 1435 1647 hoc
1463 1600 1563 1665 ipso
1588 1600 1726 1647 habe-

242 1683 363 1720 retur
386 1684 735 1730 sacramentum;
768 1692 872 1738 ergo
896 1674 1079 1722 minime
1113 1675 1330 1739 possibile
1363 1687 1456 1732 est,
1486 1687 1535 1722 ut
1558 1675 1723 1723 habea-

242 1759 314 1795 tur
345 1760 618 1807 contractus,
649 1750 726 1797 ubi
761 1768 849 1798 non
883 1761 951 1799 est
985 1762 1328 1799 sacramentum.

340 1826 507 1873 Eadem
548 1827 763 1875 ecclesiae
805 1827 1024 1875 sentiendi
1061 1827 1172 1875 ratio
1205 1828 1442 1875 innotescit
1475 1846 1527 1875 ex
1562 1827 1721 1883 modo,

243 1919 333 1967 quo
366 1903 466 1968 ip'sa
499 1921 548 1951 se
581 1905 694 1967 'gerit
726 1905 900 1970 quoties
935 1905 979 1951 in
1003 1905 1348 1952 christianorum
1383 1905 1604 1968 coniugiis
1638 1922 1725 1952 non

243 1978 483 2026 intervenit
510 1990 862 2037 sacramentum,
890 1997 990 2028 cum
1015 1997 1177 2044 nempe
1201 1979 1353 2045 aliquo
1377 1999 1430 2028 ex
1455 1980 1602 2044 capite
1625 1997 1727 2027 eve-

243 2054 335 2110 nit,
374 2064 424 2100 ut
456 2065 782 2102 sacramentum
817 2073 905 2104 non
939 2056 1172 2103 habeatur.
1213 2056 1443 2121 Siquidem
1479 2055 1580 2121 ipsa
1608 2052 1727 2104 illico

244 2129 518 2194 ut-innuptos
543 2141 711 2195 spectat
732 2149 809 2180 eos
827 2171 836 2189 ,
858 2133 936 2197 qui
961 2133 1022 2179 ita
1045 2127 1373 2189 contraxerunt,
1401 2143 1536 2198 atque
1558 2142 1636 2179 aut
1657 2148 1726 2180 se-

246 2216 374 2269 parat
407 2206 464 2253 ab
498 2207 712 2265 invicem,
751 2219 828 2256 aut
859 2227 935 2256 eos
963 2209 1097 2256 habet
1124 2220 1173 2256 ut
1205 2209 1483 2256 fornicarios.
1509 2204 1602 2256 ¹Cur
1621 2224 1727 2255 vero

245 2282 305 2328 ita
341 2300 389 2330 se
425 2284 563 2347 gerit,
602 2284 704 2332 licet
737 2286 1037 2343 materialem,
1075 2297 1151 2334 aut
1183 2285 1357 2334 civilem
1391 2286 1506 2333 inter
1534 2301 1589 2332 -se
1621 2301 1726 2331 con-

243 2359 492 2407 ventionem
533 2360 736 2414 fecerint,
780 2363 867 2410 nisi
909 2363 1016 2428 quia
1056 2363 1155 2427 ipsa
1189 2379 1269 2427 pro
1303 2371 1421 2409 certo
1455 2361 1590 2407 habet
1628 2359 1727 2406 nul-

243 2433 336 2481 lum
361 2435 521 2484 adesse
542 2435 771 2485 formalem
806 2455 859 2485 ac
892 2456 1046 2503 presse
1070 2437 1236 2485 dictum
1260 2434 1569 2485 contractum?
1586 2435 1727 2499 quue

247 2510 345 2558 sine
376 2513 470 2560 ulla
501 2514 782 2580 exceptione3
821 2531 951 2580 porro
985 2514 1109 2560 nulla
1141 2523 1261 2561 esset
1293 2514 1406 2560 ratio
1435 2513 1499 2559 sic
1529 2512 1719 2575 agendi,

247 2585 285 2632 si
319 2588 506 2637 ecclesia
537 2589 809 2638 existimaret
838 2607 972 2655 posse
995 2589 1150 2636 haberi
1179 2587 1427 2652 legitimum
1451 2598 1724 2636 contractum

221 2737 234 2743 ·’
246 2730 289 2763 ad
315 2735 508 2767 sacramenti
530 2735 741 2778 dignitatum
760 2737 896 2770 ecclesia
914 2736 1014 2778 igitur
1028 2735 1239 2776 determinat,
1254 2743 1338 2776 quae
1350 2734 1416 2768 sint
1429 2735 1602 2777 leqitlmae
1610 2743 1728 2777 perso·

247 2791 315 2817 nae
325 2808 338 2825 ,
356 2787 390 2818 et
409 2795 447 2818 co
474 2788 572 2821 modo
592 2790 762 2823 materiam
776 2791 809 2823 ct
820 2790 1066 2823 fundamentum
1090 2790 1260 2831 praeparat
1276 2789 1478 2820 sacramento
1492 2787 1725 2821 matrimonii.»

343 2837 410 2878 (14)
431 2839 515 2872 sess.
532 2843 648 2874 xxw.
666 2842 787 2876 decret.
805 2845 854 2875 De
867 2842 1010 2883 reform.
1028 2841 1135 2874 matr.
1151 2849 1225 2882 cap.
1238 2843 1264 2872 Ι.
