1918 3186
297 191 321 236 4
563 207 643 240 Lm.
676 208 706 239 1.
737 208 849 240 secr.
878 208 907 239 1.
937 207 989 238 nr
1024 208 1197 241 mrum.
1227 208 1510 242 semmuro.

298 300 376 331 seu
417 284 503 332 suh
542 285 673 331 finem
719 283 856 331 seculi
901 283 950 330 V.
986 283 1043 332 de
1074 303 1164 350 quo
1203 286 1414 351 peculiari
1455 287 1624 335 ratione
1660 305 1759 336 mox

294 376 492 422 agemus.
533 359 710 406 Interim
755 359 1144 408 animadvertimus
1179 361 1225 407 in
1256 362 1397 410 tribus
1436 363 1655 411 eiusmodi
1688 381 1760 412 or·-

292 435 471 483 dinibus
507 435 833 482 matrimonium
867 437 1091 501 conceptis
1122 438 1270 485 verbis
1296 449 1609 486 sacramentum
1642 457 1758 486 nun-

291 511 441 576 cupari
466 514 528 573 (5)
542 547 552 557 .
574 510 639 557 Ad
663 511 782 575 quod
806 523 1128 559 sacramentum
1159 524 1387 578 propterea
1410 514 1491 562 rite
1515 515 1761 580 suscipien-

289 586 393 632 dum
424 585 469 631 in
501 585 660 632 iisdem
703 585 860 634 aliisve
887 586 1119 634 ordinibus
1147 587 1462 652 praescribitur
1486 600 1758 654 peccatorum

290 661 492 724 confessio
527 662 613 723 (6).
649 661 714 707 Ex
752 659 824 708 his
863 678 966 709 vero
1000 660 1232 709 ritualibus
1255 699 1266 719 ‚
1310 673 1386 711 aut
1424 664 1758 728 pontificalibus

288 734 500 782 nonnulla
533 745 634 782 ante
662 735 925 799 octigentos,
960 746 1225 799 nongentos,
1253 748 1329 785 aut
1360 738 1491 786 etiam
1525 739 1647 786 mille
1679 757 1760 787 an-

288 830 372 860 nos
404 822 581 859 exarata
614 823 734 860 sunt.

383 887 592 936 Omnium
618 899 762 936 autem
786 887 1144 953 antiquissimum
1169 899 1238 937 est
1253 889 1438 937 Missale
1458 890 1753 954 gelasianum,

288 963 408 1029 quod
442 964 639 1012 omnium
688 964 857 1030 primus
901 964 1097 1028 vulgavit
1129 964 1177 1011 b.
1197 966 1324 1013 card.
1360 965 1626 1015 Thomasius
1643 1004 1654 1025 ‚
1696 968 1760 1015 si-

287 1040 468 1106 mulque
501 1041 632 1099 certis
659 1041 930 1105 argumentis
959 1041 1152 1088 ostendit
1173 1043 1546 1090 Sacramentorum
1571 1044 1757 1099 librum,

286 1117 350 1164 uti
380 1117 656 1174 inscribitur,
692 1135 733 1164 s.
761 1117 934 1165 Gelasio
961 1134 1064 1165 vero
1088 1117 1185 1164 eius
1209 1118 1376 1166 auctori
1411 1118 1757 1166 adscribendum

286 1211 401 1242 esse.
440 1195 598 1258 Itaque
620 1194 665 1240 in
690 1193 770 1240 lib.
797 1195 878 1240 Ill.
903 1195 1273 1242 Sacramentoram
1309 1212 1347 1242 s.
1377 1194 1540 1242 Gelasii
1568 1196 1758 1244 occurrit

286 1271 403 1316 Actio
435 1269 687 1334 Nuptialis,
723 1270 769 1316 id
803 1281 871 1318 est
903 1271 1124 1317 celebritas
1157 1272 1432 1335 nuptiarum,
1478 1289 1595 1337 quac
1635 1272 1758 1320 iuxta

284 1357 474 1394 veterem
501 1363 665 1393 morem
692 1346 826 1394 fiebat
853 1347 966 1394 inter
992 1346 1230 1393 missarum
1259 1346 1475 1394 solemnia
1505 1350 1596 1410 (7);
1630 1348 1676 1395 in
1704 1365 1758 1396 ea

287 1422 430 1486 gratia
464 1422 715 1488 exposcitur
747 1433 796 1470 ut
829 1423 1044 1471 nubentes
1080 1423 1343 1480 sanctificet,
1373 1440 1544 1489 eosque
1574 1424 1758 1472 idoneos

286 1499 443 1546 reddat
471 1499 527 1546 ad
551 1500 705 1547 munia
728 1499 974 1563 coniugalis
1000 1509 1141 1547 status
1166 1499 1248 1546 rite
1270 1499 1498 1557 obeunda,
1525 1518 1642 1566 quae
1663 1518 1760 1564 gra-

286 1574 347 1622 tia
369 1585 437 1622 est
460 1574 815 1631 sacramentalis3
844 1592 896 1622 ac
922 1582 1149 1640 praeterea
1174 1574 1284 1639 leyes
1314 1573 1439 1622 datae
1462 1575 1668 1623 dicuntur
1690 1577 1759 1623 in-

283 1652 435 1698 stituta
468 1651 662 1715 futurae,
691 1650 736 1697 id
771 1661 839 1698 est
869 1650 980 1714 legis
1018 1668 1179 1707 novae,
1209 1667 1324 1715 quae
1347 1650 1555 1698 connubii
1581 1651 1757 1699 vincula

285 1726 342 1774 ad
377 1727 679 1792 perfectiorem
716 1737 884 1775 statum
924 1726 1107 1774 adduxit
1144 1728 1241 1789 (8);
1281 1737 1374 1774 tum
1407 1726 1474 1774 eis
1507 1728 1759 1776 communio

287 1803 598 1851 distribuenda
618 1803 901 1869 praecipitur.
925 1803 1049 1860 Quae
1072 1803 1251 1869 quidem
1275 1803 1425 1851 omnia
1447 1803 1594 1869 palam
1617 1815 1757 1852 osten·

381 1914 428 1955 (5)
448 1914 639 1947 Huiusmodi
660 1916 711 1947 est
735 1915 815 1947 ordo
841 1917 926 1948 XIV.
949 1924 988 1948 ex
1019 1915 1127 1949 rituali
1153 1915 1307 1948 leodiensi
1328 1915 1362 1947 in
1384 1918 1451 1956 quo
1473 1914 1609 1955 legitur:
1638 1914 1760 1946 «Ritus

285 1976 323 1999 ac
338 1968 443 2000 forma
465 1967 652 2000 solemniter
670 1968 853 2001 celebrandi
873 1970 1130 2002 sacramentum
1147 1970 1393 2002 matrimonii-n
1405 1967 1485 2000 alter
1499 1967 1555 2008 qui
1569 1969 1618 1999 est
1634 1968 1706 1999 ΧΠ.
1720 1975 1759 2000 ει

282 2021 382 2053 veteri
402 2021 522 2053 Rituali
542 2021 730 2053 lemoviensi
748 2021 827 2054 haec
846 2021 960 2054 habet:
987 2035 1002 2049 «ι
1015 2022 1133 2063 Incipit
1156 2022 1271 2054 modus
1286 2019 1531 2053 administrandi
1546 2021 1758 2052 matrimonii

280 2076 568 2107 sacramentum.»
577 2075 732 2107 Similiter
745 2075 862 2116 legitur
876 2076 908 2107 in
923 2075 1036 2108 ordine
1050 2077 1119 2108 XV.
1131 2075 1172 2108 de
1186 2085 1251 2116 quo
1265 2084 1339 2107 mox
1354 2075 1471 2107 iterum
1485 2073 1639 2106 dicemus.
1648 2073 1760 2106 GLDe

283 2129 437 2169 antiquis
462 2127 581 2160 eccles.
598 2127 695 2160 ritib.
709 2128 767 2161 lib.
782 2130 808 2160 1.
824 2137 893 2169 par.
910 2130 951 2161 ll.
968 2136 1040 2169 cap.
1059 2130 1112 2161 lx.
1124 2130 1184 2160 art.
1203 2129 1243 2160 V.

384 2179 428 2221 (6)
455 2180 509 2212 Sic
521 2180 556 2212 in
570 2180 686 2212 ordine
700 2182 784 2213 XIV.
803 2193 818 2209 α
834 2180 956 2213 Deinde
973 2181 1076 2222 pridie
1090 2189 1187 2222 quam
1203 2188 1340 2221 sponsus
1355 2180 1387 2212 et
1399 2187 1516 2221 sponsa
1529 2178 1759 2210 sacramenta·

285 2233 367 2266 liter
380 2233 590 2274 contrahant,
606 2233 776 2274 diligenter
789 2243 824 2266 se
837 2234 1074 2275 praeparabunt
1087 2234 1128 2266 ad
1143 2233 1392 2274 consessionem
1405 2229 1704 2264 sacramentalem.
1715 2231 1755 2262 ln

282 2287 396 2319 ordine
414 2295 492 2319 vero
506 2287 641 2328 allegato
655 2289 724 2319 XV.
740 2296 778 2319 ex
795 2287 915 2320 Rituali
930 2287 1134 2320 ambrosiano
1149 2287 1285 2319 dicitur:
1303 2287 1394 2326 «lpse
1405 2283 1563 2325 parochus
1575 2290 1756 2315 sermonem

284 2338 416 2371 habebit
435 2339 476 2371 de
490 2339 545 2380 vi,
563 2339 730 2371 sanctitate
752 2341 785 2371 et
810 2340 1002 2372 ceremoniis
1028 2339 1133 2372 huius
1155 2338 1417 2371 sacramenti...
1433 2343 1570 2377 sponsus
1588 2335 1620 2366 et
1639 2342 1757 2375 sponsa

286 2393 360 2424 ante
375 2391 685 2424 consummationem
705 2391 925 2430 matrimonii,
937 2394 1085 2434 peccata
1099 2390 1246 2431 conse-ssi
1261 2391 1344 2422 etc.»
1356 2388 1406 2421 ef.
1420 2387 1503 2421 ibid.

386 2444 431 2486 (7)
454 2444 504 2476 Cf.
523 2445 606 2478 Ven.
618 2445 687 2476 viri
704 2443 838 2484 Iosephi
851 2446 986 2476 Mariae
1003 2443 1174 2476 Thomasit
1183 2442 1269 2475 cler.
1278 2441 1390 2483 requl.
1402 2442 1435 2474 s.
1446 2442 1487 2474 R.
1501 2441 1543 2474 Ε.
1556 2438 1756 2473 cardinalis

283 2505 386 2538 opera
402 2498 518 2529 omnia
532 2496 583 2528 ed.
593 2498 708 2529 Franc.
717 2495 848 2528 Vezzosi
861 2497 981 2528 Romae
996 2498 1086 2528 1751.
1098 2496 1242 2527 tom.vi.
1251 2493 1371 2534 Praef.
1384 2493 1464 2526 libri
1479 2494 1547 2525 tres
1558 2500 1753 2525 sacramen·

285 2551 400 2581 torum
415 2551 452 2581 R.
461 2551 502 2581 Ε.
513 2558 584 2590 pag.
594 2550 638 2581 ΙΙ.
653 2557 744 2590 seqq.
758 2549 824 2581 Nec
837 2557 902 2580 non
917 2549 1033 2580 Franc.
1043 2547 1172 2580 Vezzosi
1181 2549 1224 2579 In
1238 2554 1364 2579 novam
1383 2545 1566 2578 editionem
1578 2543 1756 2586 praefatio

283 2611 355 2644 pag.
369 2603 440 2635 ΧΠ.
457 2611 547 2643 seqq.
563 2602 625 2635 Ubi
644 2603 672 2635 is
691 2601 846 2634 adversus
873 2603 936 2634 lac.
953 2601 1146 2642 Basnagium
1168 2609 1228 2641 pro
1255 2599 1448 2640 antiquitate
1473 2607 1534 2631 ms.
1557 2597 1753 2631 thomasiuni

285 2656 439 2697 disputat.
454 2657 521 2687 Hos
543 2656 629 2696 ipsos
643 2665 670 2688 s.
683 2655 802 2688 Gelasii
818 2655 1091 2687 sacramentorum
1115 2653 1215 2686 libros
1235 2653 1344 2694 postea
1358 2661 1397 2685 ex
1411 2660 1473 2684 ms.
1489 2651 1625 2684 remensi
1641 2652 1673 2683 et
1686 2650 1753 2692 gai-

283 2708 406 2740 lonensi
431 2716 483 2739 an.
497 2712 570 2740 900.
581 2708 756 2749 vulgarunt
770 2709 864 2748 Hugo
878 2706 1049 2740 Menardus
1065 2707 1099 2738 in
1115 2704 1252 2747 append.
1272 2704 1313 2737 ad
1337 2704 1620 2738 sacramentarium
1638 2713 1664 2736 s.
1681 2704 1757 2736 Gre-

283 2761 365 2801 gorii
379 2763 422 2793 M.
438 2762 470 2793 et
483 2761 659 2793 martenius
679 2761 702 2793 l.
721 2770 750 2793 e.

382 2814 430 2855 (8)
450 2815 551 2846 Prout
565 2813 659 2846 docte
673 2814 805 2854 exponit
818 2813 991 2846 Menardus
1004 2813 1038 2844 in
1051 2813 1126 2844 nota
1144 2814 1232 2844 1134.
