1912 3180
287 212 378 242 cir.
395 211 452 242 iv.
476 211 527 242 ns
546 210 703 242 Ancum.
725 210 801 241 ruo
827 209 930 241 Leon
949 209 1000 240 m:
1019 209 1144 241 nnn.
1161 209 1357 241 emur.
1379 209 1406 239 l.
1519 192 1607 237 369

143 306 199 336 ne
238 290 508 355 impietatem
541 287 717 342 dicam,
756 297 907 351 utpote
941 286 1166 342 absurda,
1206 303 1293 333 non
1328 294 1474 349 potest
1511 301 1611 331 esse

142 383 223 413 nec
253 383 465 431 umquam
500 365 583 412 erit
615 381 779 428 scopus
814 363 946 426 legis.
980 363 1065 418 Qui
1097 364 1180 411 hoc
1215 362 1518 437 imprudentes
1553 361 1612 409 ef-

142 442 330 498 futiunt,
362 441 605 506 procedunt
627 457 679 487 ex
705 449 872 487 secreto
899 438 1106 487 atheismi
1135 440 1317 504 practici
1352 439 1608 494 dictamine,

141 535 168 564 a
201 536 290 582 quo
323 518 454 564 unice
489 527 716 580 reguntur.

236 593 445 641 Admissa
482 594 615 641 semel
651 603 801 658 optata
837 593 1118 658 separatione
1152 606 1276 641 satus
1309 612 1336 641 a
1370 593 1608 656 religione,

141 672 337 735 regimen
372 672 417 718 in
455 672 779 736 despotismum
825 671 1077 718 absolutum
1124 682 1463 719 converteretur.
1509 671 1613 717 Sine

139 749 238 796 basi
274 766 326 796 ac
360 749 647 796 fundamento
681 747 869 796 societas
898 765 987 813 quo
1016 757 1264 811 regeretur,
1303 749 1529 803 evaderet,
1560 765 1613 794 ac

140 825 278 881 cives,
307 825 383 890 qui
410 843 498 872 non
532 825 725 890 amplius
755 825 801 870 in
836 824 1031 871 absurda
1057 823 1135 871 illa
1162 823 1400 889 hypothesi
1428 843 1482 872 ex
1508 842 1613 872 con-

141 901 327 948 scientia
372 901 756 966 obtemperarent,
795 900 974 947 nonnisi
1007 900 1051 947 vi
1084 900 1300 947 materiali
1336 900 1613 947 contineren-

139 988 212 1024 tur
229 1016 238 1032 ,
266 995 318 1024 ac
341 978 388 1023 in
411 978 560 1025 omnia
593 977 789 1024 facinora
806 1015 815 1032 ,
845 994 961 1041 quae
995 976 1175 1041 impune
1208 987 1382 1040 patrare
1406 993 1455 1023 se
1480 993 1613 1039 posse

137 1064 395 1118 sperarent,
429 1065 599 1101 tantum
625 1071 712 1101 non
737 1052 1053 1100 dilaberentur.
1085 1054 1217 1100 Porro
1237 1053 1452 1118 quidnam
1485 1052 1613 1100 fieret

136 1130 195 1177 de
228 1129 303 1177 tali
341 1130 586 1178 societate?

236 1206 418 1253 Accedit
443 1206 562 1270 quod
589 1217 785 1271 potestas
810 1206 1005 1271 politica,
1025 1224 1140 1272 quae
1163 1223 1212 1254 se
1231 1206 1287 1254 ab
1307 1205 1496 1253 ecclesia
1518 1205 1612 1253 vin-

137 1282 337 1337 dicaret,
376 1292 425 1329 ut
459 1283 828 1347 independentem
864 1300 913 1329 se
946 1282 1263 1337 constitueret,
1303 1281 1360 1328 de
1394 1282 1510 1329 facto
1541 1299 1614 1328 ec—

140 1358 278 1406 lesiae
305 1359 609 1406 dominaretur
635 1377 824 1424 eamque
847 1359 933 1406 sibi
959 1358 1212 1406 subiiceret.
1235 1358 1345 1405 Cum
1369 1358 1489 1405 enim
1512 1375 1614 1404 ven-

140 1446 230 1482 tum
276 1435 407 1482 suerit
439 1435 495 1482 ad
532 1436 798 1483 divisionem
845 1436 1090 1498 temporalis
1123 1445 1162 1481 et
1194 1435 1441 1498 spiritualis
1467 1471 1479 1488 ,
1525 1433 1610 1481 sihi

128 1512 287 1558 omnia
321 1511 590 1566 vindicaret,
630 1528 745 1575 quae
779 1512 995 1558 exteriora
1029 1522 1131 1559 sunt
1154 1528 1206 1558 ac
1236 1510 1322 1558 sub
1356 1527 1517 1558 sensus
1540 1527 1614 1557 ca-

139 1588 275 1644 dunt,
315 1588 515 1653 adeoque
550 1587 636 1634 sibi
674 1588 744 1635 ius
779 1598 1002 1651 arrogaret
1031 1588 1075 1634 in
1108 1605 1347 1652 personas,
1388 1587 1434 1633 in
1469 1587 1607 1642 bona,

142 1665 185 1710 in
221 1664 536 1730 disciplinam,
566 1682 618 1712 ac
647 1665 692 1711 in
720 1664 818 1729 ipsa
847 1675 1150 1722 sacramenta,
1179 1675 1309 1729 prout
1333 1664 1481 1711 medio
1505 1680 1612 1711 aevo

140 1741 270 1806 primi
303 1742 601 1805 separastsmi,
640 1751 689 1787 ut
719 1751 902 1796 vocant,
936 1740 1187 1790 inventores
1221 1741 1371 1806 reipsa
1406 1739 1490 1787 sub
1524 1739 1609 1787 hoc

140 1817 434 1881 separationis
481 1826 708 1881 praetextu
755 1816 851 1862 iura
894 1816 1043 1863 omnia
1078 1817 1123 1864 in
1159 1834 1286 1865 sacra
1327 1815 1605 1881 principibus

142 1891 394 1940 tribuebant
415 1894 531 1955 (38).

240 1992 305 2033 (38)
323 1993 463 2025 Historia
472 1995 587 2027 status
599 1995 827 2036 separatislae
840 1994 985 2036 exposita
995 1995 1151 2036 reperitur
1161 1994 1194 2026 in
1206 1993 1418 2036 scriptoribus
1427 2002 1512 2027 saec.
1523 1996 1608 2027 xlv.

140 2046 172 2076 et
187 2046 256 2077 XV.
272 2046 329 2087 qui
349 2048 481 2087 egerunt
497 2046 538 2079 de
553 2047 721 2088 utriusque
739 2047 903 2088 potestatis
916 2046 1213 2079 limitibus.verum
1227 2046 1383 2078 celebrior
1394 2045 1606 2086 omniumque

138 2097 262 2138 primus
277 2098 360 2130 inter
379 2107 435 2130 eos
458 2098 518 2131 suit
537 2099 729 2131 Guilielmus
746 2099 939 2131 Ocellalnus.
957 2100 1017 2131 Hic
1033 2099 1065 2131 in
1081 2099 1163 2131 libro
1186 2099 1356 2140 inscripto:
1379 2101 1426 2130 De
1436 2100 1609 2140 potestate

136 2150 369 2183 ecclesiastica
390 2153 423 2183 et
440 2151 636 2193 saeculari,
661 2153 815 2193 (vulgato
831 2162 850 2184 a
864 2152 1010 2184 Goldasti
1040 2154 1087 2184 De
1113 2152 1317 2184 ntonarchia
1339 2154 1418 2184 tom.
1437 2152 1461 2182 l.
1482 2160 1553 2191 pag.
1576 2155 1611 2182 13

138 2204 252 2243 seqq.)
268 2212 366 2244 quem
379 2203 508 2245 scripsit
524 2206 637 2236 contra
651 2204 851 2236 Bonisaciuin
867 2206 954 2236 Vlll.
971 2213 1028 2245 pro
1045 2203 1194 2245 Philippo
1207 2203 1365 2243 Pulchro,
1380 2203 1484 2244 prima
1499 2204 1531 2234 et
1545 2211 1612 2235 am·

139 2256 243 2297 pliora
268 2256 460 2289 lineamenta
481 2257 571 2289 dedit
592 2257 686 2289 istius
709 2257 886 2289 doctrinae.
902 2255 1068 2297 Siquidem
1086 2256 1119 2288 in
1141 2265 1180 2289 eo
1199 2256 1313 2288 statuit
1336 2255 1485 2297 principii
1510 2255 1612 2287 instar

136 2311 390 2351 separationem
416 2310 585 2351 utriusque
610 2309 793 2351 potestatis,
815 2318 953 2350 quarum
973 2309 1075 2341 altera
1099 2309 1299 2350 temporalis
1315 2308 1374 2348 sit,
1391 2317 1475 2349 quac
1491 2308 1541 2340 ius
1557 2308 1611 2339 lia-

138 2362 212 2395 beat
225 2371 322 2404 super
336 2363 544 2404 temporalia;
565 2363 665 2394 altera
680 2362 895 2404 spiritualis,
912 2371 996 2403 quae
1011 2362 1169 2394 contineri
1184 2361 1299 2394 debeat
1313 2362 1398 2393 intra
1414 2361 1493 2393 lines
1505 2370 1612 2393 rerum

137 2415 367 2457 spiritualium.
386 2415 445 2448 Sed
467 2416 511 2447 ita
532 2415 664 2456 exponit
687 2414 767 2447 fines
789 2415 864 2455 llos,
881 2416 916 2447 ut
931 2415 1085 2447 ecclesiae
1099 2414 1223 2447 nullam
1239 2415 1338 2447 aliam
1354 2414 1610 2447 iurisdictionem

134 2469 257 2500 tribuat
270 2470 396 2510 praeter
411 2477 493 2508 eam,
511 2476 594 2508 quae
611 2468 653 2500 sit
671 2468 731 2499 sori
747 2467 877 2500 interni.
895 2471 941 2500 En
964 2468 1033 2500 eius
1050 2467 1165 2500 verba:
1191 2481 1206 2495 «ι
1220 2469 1288 2499 lam
1305 2467 1397 2499 vobis
1413 2468 1461 2499 est
1475 2475 1531 2508 per
1547 2468 1612 2508 epi-

133 2522 253 2554 stolam
279 2522 370 2555 Pauli
394 2521 541 2562 superius
563 2529 764 2562 responsum,
785 2530 860 2554 cum
880 2520 1011 2554 scribit:
1029 2521 1117 2562 quod
1136 2522 1252 2553 omnis
1272 2519 1438 2562 pontifex
1448 2528 1494 2552 ex
1506 2519 1612 2553 leomi-

139 2574 241 2607 m'lms
267 2576 484 2616 assumptus,
504 2583 569 2616 pro
591 2573 787 2606 hominibus
810 2575 1037 2607 constituitur
1058 2576 1095 2606 in
1116 2575 1176 2613 iis,
1198 2582 1288 2616 quae
1308 2575 1393 2605 sunt
1414 2573 1462 2606 ad
1484 2575 1612 2613 Deum,

136 2631 177 2661 αι
198 2627 332 2669 offerat
350 2628 442 2662 dona
462 2630 495 2660 ec
512 2627 687 2668 sacrificia
702 2636 767 2669 pro
779 2629 930 2670 peccatis
937 2639 950 2666 ;
966 2627 1042 2660 etin
1059 2627 1098 2660 iis
1111 2627 1230 2659 habent
1245 2635 1303 2659 nos
1318 2635 1441 2668 regere,
1459 2626 1612 2660 videlicet

138 2688 229 2722 quae
240 2681 324 2712 sunt
342 2679 389 2712 ad
405 2682 512 2713 Deum
523 2691 534 2711 .·
547 2679 602 2712 sed
613 2679 653 2711 ad
664 2679 833 2711 ecclesiam
847 2688 911 2711 non
926 2679 1064 2720 pertinet
1079 2679 1112 2710 in
1126 2679 1177 2719 iis,
1192 2687 1276 2719 quae
1289 2678 1368 2711 soris
1382 2679 1470 2720 sunt,
1484 2679 1609 2720 aliquid

141 2728 308 2771 iudicare(
321 2733 383 2765 l.c.
396 2741 467 2774 pag.
481 2737 528 2765 15.
543 2732 598 2764 lin.
614 2737 648 2765 31
665 2731 782 2773 seq.).»
795 2732 879 2763 Hinc
894 2731 990 2763 infert
1004 2731 1172 2763 ecclesiam
1187 2731 1238 2763 ius
1257 2739 1319 2763 non
1335 2730 1453 2764 habere
1465 2731 1610 2764 iudican-

140 2785 172 2817 di
190 2785 230 2817 de
244 2785 426 2818 actionibus
440 2785 618 2817 moralibus
630 2784 798 2816 hominum
811 2783 874 2815 nisi
889 2785 923 2816 in
933 2782 1019 2823 soro
1030 2783 1280 2816 sacramentali
1291 2783 1353 2824 (ib.
1364 2792 1396 2825 p.
1408 2783 1523 2816 14.lin.
1532 2784 1611 2824 35),

136 2837 224 2879 quod
239 2838 416 2878 temporale
434 2838 588 2879 principis
601 2846 663 2869 non
681 2837 712 2868 in
729 2837 792 2868 alio
805 2836 1009 2868 subordinari
1033 2835 1128 2868 debet
1144 2836 1320 2878 spirituali,
1336 2844 1434 2878 quam
1446 2837 1478 2869 in
1493 2837 1609 2869 submi-

1497 2906 1552 2953 23
