1912 3180
367 187 456 232 286
565 223 571 244 ς
605 198 687 230 m.
714 197 743 228 ι.
772 194 911 228 sncrio
943 195 1114 228 Αιιιιιιι.
1141 196 1195 228 ns
1219 197 1390 230 mrum.
1420 196 1574 231 civm..

364 280 427 326 ita
447 287 490 323 et
518 272 859 339 pseudopolitici·
883 271 1036 320 relati·
1050 273 1237 337 *agmine
1266 274 1382 323 facto
1411 284 1575 323 contra
1593 291 1722 324 verae
1748 297 1818 329 vre-

362 350 539 414 ligionis
569 350 855 396 intemeratas·
893 347 1013 411 loges
1059 350 1329 414 conspirant.
1373 350 1438 397 Ex
1476 350 1563 398 hoc
1603 361 1817 403 venenato

360 426 610 490 infectoque
632 426 750 472 sonte
776 424 955 488 agnosci
978 425 1108 473 debet
1123 425 1314 473 'facilitas
1338 426 1437 483 illa,
1466 443 1580 491 quae
1603 426 1650 473 in
1672 427 1819 491 publi,-

362 501 426 548 cis
444 500 633 561 comitiis
651 501 740 548 iam
757 500 814 548 ab
829 499 999 565 aliquot
1014 500 1142 548 annis
1160 501 1353 549 cernitur
1370 501 1592 566 probandi
1609 503 1819 567 adoptanss

362 575 498 640 dique
522 575 661 639 leges,
696 592 810 641 quae
842 586 994 639 aperta
1023 575 1162 622 fronte
1195 576 1395 639 religioni
1430 595 1481 624 ac
1515 578 1711 626 iustitiae
1739 578 1818 626 ad—

359 661 613 708 versantur,
630 657 800 715 magno
831 668 932 699 cum
965 650 1252 698 honestorum
1284 653 1447 700 civium
1481 653 1743 702 detrimento
1765 671 1816 701 ac

360 745 572 777 moerore.
603 729 713 775 Nam
746 727 866 775 haud
896 726 1028 791 ‚pauci
1052 726 1186 774 exiis
1220 728 1348 792 ipsis,
1385 729 1461 794 qui
1495 730 1674 778 comitia
1706 730 1817 779 haec

360 803 540 870 publica
564 803 851 859 constituunt,
878 811 955 850 aut
974 801 1222 851 clanculum
1235 808 1325 853 jau't
1356 815 1503 870 aperte
1537 805 1818 870 protestanti-

359 880 467 938 bus,
501 879 807 929 communistis
830 895 883 926 ac
905 877 1145 927 socialistis
1173 878 1354 937 faverim>
1376 880 1510 928 immo
1527 897 1631 929 nec
1655 881 1818 930 desunt

358 974 415 1004 ex
445 956 534 1014 iis,
571 957 650 1022 qui
681 956 740 1003 ad
773 954 955 1002 illorum
981 958 1145 1003 sectam
1179 956 1440 1020 pertineant.
1480 956 1598 1012 Quid
1629 957 1816 1021 proinde

358 1033 518 1080 mirum
535 1069 547 1088 ,
593 1031 632 1079 si
674 1029 893 1078 eiusmodi
938 1030 1241 1079 sectariorium
1273 1031 1496 1080 doctrinas
1520 1032 1779 1096 approbent
1800 1070 1812 1090 ,

356 1108 931 1171 foveantqueflquacumque
946 1131 947 1134 =
960 1106 1132 1154 ratione
1163 1106 1378 1170 possunt?
1407 1107 1452 1154 Si
1482 1107 1559 1172 qui
1593 1108 1678 1155 viri
1695 1150 1697 1152 .
1712 1125 1815 1156 vere

358 1183 491 1231 fortes
526 1183 573 1229 in
607 1181 843 1230 eiusmodi,
859 1181 1051 1230 comitiis
1086 1198 1137 1230 ac
1169 1183 1372 1245 generosi
1406 1184 1707 1247 reperiuntur,
1736 1185 1813 1249 qui

357 1259 609 1324 propositae
642 1257 728 1321 legi
758 1258 997 1315 obsistant,
1025 1264 1315 1324 tueamurque
1337 1259 1564 1323 religionis
1589 1260 1712 1318 iura,
1738 1261 1815 1308 de-

356 1335 585 1404 ridentur,
636 1334 943 1391 exsibilarunt,
983 1340 1114 1400 atque
1147 1353 1175 1383 a
1211 1335 1492 1384 multitudine
1533 1336 1777 1384 obruuntur
1798 1376 1808 1393 ,

355 1428 472 1476 quae
495 1428 628 1476 saepe
645 1411 702 1458 ad
719 1412 838 1458 h'unc
863 1411 994 1458 finem
1019 1411 1221 1459 mercede
1252 1411 1468 1460 conducta
1490 1422 1558 1460 est
1571 1450 1581 1469 ‚
1609 1418 1813 1478 quaeque

354 1487 600 1552 opportune
634 1488 748 1552 pede
772 1485 952 1552 'plaudit
972 1525 983 1543 ,
1020 1487 1254 1535 cachinnis.
1292 1488 1550 1551 perturbat,
1587 1499 1630 1536 et
1663 1489 1817 1536 incon-

356 1563 462 1611 ditis
494 1563 678 1611 vocibus
712 1565 906 1611 oratores
929 1563 987 1610 ad
1011 1563 1235 1610 silentium
1267 1564 1450 1627 redigit;
1485 1581 1724 1629 eorumque
1746 1565 1815 1611 in÷

355 1638 549 1687 terdum
560 1638 834 1688 solidissima
860 1639 1079 1687 rationum
1109 1650 1330 1700 momenta
1363 1650 1589 1704 tamquam
1622 1642 1814 1688 anteacti

353 1716 492 1763 seculi
517 1726 561 1763 et
582 1716 836 1780 retrogada,
862 1726 910 1762 ut
933 1716 1078 1772 aiunt,
1106 1716 1337 1763 hominum
1372 1716 1662 1798 deliramenta
1693 1718 1814 1764 exci-

357 1791 555 1855 piuntur.

450 1865 622 1914 Interea
648 1868 869 1915 societatis
906 1884 1115 1947 compago
1139 1832 1334 1923 laxatur,
1364 1832 1618 1915 debilitatur
1639 1868 1807 1931 religio,

354 1959 465 1991 sana
487 1943 644 1991 ethica
675 1943 845 1991 maiora
877 1943 923 1989 in
940 1942 1052 1991 dies
1087 1943 1349 1990 detrimenta
1383 1944 1578 2008 patitur,
1617 1961 1813 1992 corrum-

352 2029 520 2084 puntur
539 2036 705 2076 mores,
743 2029 787 2065 et
819 2018 942 2083 quod
972 2025 1250 2083 consequens
1283 2029 1351 2065 est
1371 2055 1381 2074 ,
1419 2019 1687 2066 matrimonii
1712 2036 1815 2066 san-

352 2095 483 2143 ntitas
514 2094 703 2145 laeditur
736 2111 788 2141 ac
821 2094 1123 2141 labefactaturss
1154 2094 1271 2141 Talis
1305 2104 1372 2141 est
1405 2095 1517 2142 ratio
1539 2133 1550 2151 ,
1587 2094 1649 2142 ob¹
1677 2112 1811 2159 quam

349 2170 672 2219 connubiorum
693 2187 814 2217 mere
826 2169 1032 2217 'civilium
1056 2169 1285 2234 proposita
1306 2169 1375 2216 lex
1393 2159 1455 2217 tot
1472 2170 1812 2234 adstipulatores

351 2264 408 2295 ac
421 2245 623 2295 vindices
640 2246 927 2294 innonnullis
952 2246 1206 2309 regionibus
1230 2245 1294 2294 sit'
1310 2246 1485 2310 adepta,
1509 2256 1552 2292 et
1568 2251 1811 2310 quareta'm

353 2324 514 2372 ardens
532 2322 679 2371 adbuc
697 2323 744 2369 in
761 2322 986 2388 plerisque
996 2323 1159 2370 ferveat
1175 2339 1280 2385 erga
1291 2321 1435 2385 vlegem
1453 2322 1574 2368 illam
1592 2321 1806 2368 studium.

398 2419 400 2421 ¹
449 2397 590 2464 Atque
622 2408 671 2445 ut
699 2398 799 2445 vela
837 2399 927 2445 iam
967 2398 1300 2456 contrahamus,
1338 2415 1391 2444 ex
1423 2397 1557 2444 dictis
1589 2396 1813 2444 evidenter

350 2484 561 2531 constat„
575 2473 725 2522 civilia
744 2473 954 2537 coniugia
970 2511 989 2530 ,¹
1009 2491 1197 2537 quorum
1216 2474 1364 2538 'prima
1386 2473 1433 2519 in
1457 2472 1812 2536 protestantismo

351 2549 699 2629 deprehendi-tur
737 2550 887 2633 origo,
925 2548 972 2595 in
1007 2549 1212 2611 regiones
1256 2548 1572 2595 catholicorum
1613 2564 1665 2594 ex
1705 2547 1813 2594 ιιι-θι-

353 2624 512 2687 ligioso
543 2624 857 2674 communismi
891 2641 943 2678 ac
974 2622 1214 2672 socialismi
1257 2621 1417 2687 spiritu
1459 2621 1724 2687 propagari,
1761 2638 1812 2669 ac

350 2699 549 2748 vicissim
573 2701 722 2761 civilia
748 2700 966 2764 coniugia
989 2698 1274 2765 propagando
1307 2698 1583 2764 fovendoque
1615 2714 1810 2783 eommu-

351 2774 499 2825 nismo
524 2793 582 2824 ac
614 2777 868 2826 socialismo
899 2793 1011 2826 non
1008 2793 1173 2841 parum
1209 2774 1420 2823 conferre
1653 2791 1656 2795 ·
