1918 3186
200 209 741 242 cAr.1v.r:xrnnn.Ana.nn
759 210 851 241 mm.
866 210 983 243 saon.
1001 211 1093 243 Aur.
1107 211 1154 243 11.
1171 211 1268 243 Ana.
1285 211 1405 243 run.
1480 198 1568 242 109

197 288 492 336 Duodecimus
527 296 867 352 postremusque
896 299 1040 336 textus
1058 327 1068 346 ,
1101 289 1180 354 qui
1205 307 1231 336 a
1254 289 1375 337 Cano
1409 288 1574 353 allega-

102 376 190 421 tur,
217 376 286 412 est
308 382 361 413 ex
391 382 430 412 s.
457 364 707 421 Ambrosio,
740 364 818 429 qui
852 364 897 410 in
931 366 1062 429 epist.
1086 366 1121 412 Ι.
1145 366 1203 414 ad
1227 366 1432 430 vigilium
1473 367 1571 429 (13)

101 441 283 489 scribit:
317 440 473 487 «Nihil
497 440 676 504 gravius
701 457 835 505 quam
870 441 1068 505 copulari
1102 442 1404 506 alienigenae,
1430 442 1510 489 ubi
1531 454 1576 490 et

100 517 298 565 libidinis
321 527 366 564 et
388 516 637 564 discordiae
669 516 940 573 incendium,
969 529 1011 565 et
1033 518 1254 582 sacrilegii
1276 518 1447 583 flagitia
1468 535 1574 566 con·-

100 595 289 641 ssantur.
310 631 318 639 .
341 594 477 640 ‚Nam
506 610 607 640 cum
643 593 795 658 ipsum
828 593 1083 657 coniugium
1115 594 1334 642 velamine
1367 595 1574 643 sacerdo-

101 669 177 717 tali
201 680 245 716 et
266 669 574 717 benedictione
607 670 877 718 sanctificari
910 680 1138 734 oporteat,
1175 671 1397 735 quomodo
1430 682 1575 736 potest

99 745 355 808 coniugium
388 745 504 802 dici,
531 744 609 792 ubi
644 763 731 793 non
765 755 834 793 est
867 745 974 794 fidei
1007 745 1280 793 concordia?
1303 746 1412 794 Cum
1435 748 1575 796 oratio

100 821 350 870 communis
384 839 486 870 esse
520 822 705 879 debeat,
743 822 965 887 quomodo
997 822 1110 870 inter
1132 840 1182 871 se
1204 823 1408 887 dispares
1441 825 1576 873 devo-

101 898 222 945 tione
245 909 392 963 potest
414 915 516 946 esse
539 898 733 962 coniugii
767 898 1014 946 communis
1048 898 1301 946 charitas?»
1322 900 1488 964 Nempe
1512 900 1576 948 lo·

102 975 254 1038 quitur
298 992 337 1022 s.
371 974 633 1023 Ambrosius
664 975 722 1022 de
754 974 832 1021 illa
863 974 1171 1023 benedictione
1204 975 1423 1033 solemni,
1460 993 1577 1041 quae

98 1051 205 1098 dum
229 1062 480 1107 caneretur,
506 1051 653 1099 velum
678 1068 946 1116 purpereum
964 1051 1012 1098 in
1030 1052 1206 1115 signum
1231 1053 1415 1117 pudoris
1439 1070 1576 1118 super

99 1144 316 1191 sponsum
340 1137 384 1174 et
405 1145 617 1191 sponsam
640 1127 989 1192 expandebatur.
1016 1128 1137 1176 Haec
1160 1140 1306 1177 autem
1328 1129 1576 1177 benedictio

99 1202 283 1266 perinde
306 1220 358 1250 ac
380 1203 527 1251 velum
551 1221 651 1251 cum
676 1203 969 1266 denegaretur
996 1203 1208 1267 bigamis,
1236 1204 1433 1252 indidem
1457 1216 1577 1270 patet

99 1295 179 1342 per
193 1296 291 1326 eam
309 1279 493 1327 minime
509 1279 698 1327 conferri
717 1289 1043 1326 sacramentum
1057 1298 1066 1335 ;
1085 1280 1282 1345 alioquin
1301 1291 1575 1328 sacramento

97 1355 365 1412 caruissent,
382 1355 460 1420 qui
478 1355 699 1403 secundas
716 1355 895 1419 nuptias
911 1355 1089 1412 inirent,
1103 1356 1223 1420 quod
1238 1356 1432 1420 profecto
1446 1373 1576 1404 nemo

98 1431 350 1478 contendet,
372 1432 528 1496 Itaque
549 1442 644 1478 erat
667 1431 780 1478 ritus
805 1431 1136 1478 caeremonialis
1166 1431 1263 1488 ille,
1291 1431 1348 1479 de
1369 1448 1459 1496 quo
1482 1431 1577 1479 dis-

99 1505 208 1553 serit
231 1515 411 1554 sanctus
435 1506 588 1555 doctor
608 1507 726 1569 (14),
748 1507 1007 1570 praesertim
1032 1524 1133 1554 cum
1156 1507 1252 1571 pari
1287 1507 1454 1555 ratione
1483 1512 1575 1555 tum

98 1580 154 1628 de
170 1582 263 1628 velo
279 1582 541 1629 sacerdotali
562 1593 654 1630 tum
679 1582 734 1628 de
758 1581 1063 1630 benedictione
1086 1583 1309 1647 loquatur.
1335 1584 1425 1632 Nec
1448 1583 1577 1632 omit-—

99 1657 277 1704 tendum
293 1694 304 1713 ‚
331 1657 372 1706 si
396 1669 599 1707 accurate
621 1658 811 1707 velimus
847 1677 885 1708 s.
914 1659 1107 1708 doctoris
1129 1659 1267 1707 verba
1297 1660 1547 1724 expendere
1562 1697 1572 1716 ,

98 1732 224 1781 illum
258 1751 347 1782 non
381 1752 435 1782 ex
468 1753 543 1792 eo,
582 1735 703 1801 quod
737 1753 826 1784 non
860 1736 989 1784 detur
1015 1735 1289 1792 benedictio,
1320 1736 1400 1784 sed
1423 1754 1477 1783 ex
1498 1753 1572 1792 eo,

98 1809 220 1873 quod
242 1828 329 1859 non
354 1810 572 1860 habeatur
595 1812 699 1860 fidei
722 1813 981 1869 concordia,
1010 1812 1171 1860 inferre
1189 1812 1456 1860 matrimonii
1475 1812 1575 1859 nul-

100 1884 284 1943 litatem,
307 1905 388 1936 seu
411 1889 559 1952 potius
584 1888 953 1952 illegitimitatem.
978 1890 1188 1938 Remanet
1204 1889 1356 1952 igitur,
1378 1899 1428 1937 ut
1444 1900 1487 1936 et
1503 1889 1578 1937 hic

105 1971 358 2024 postremus
393 1973 538 2011 textus
564 1965 623 2012 sit
646 1964 950 2029 seponendus.

195 2037 322 2086 Nunc
343 2055 446 2086 vero
468 2040 728 2103 colligentes
753 2058 867 2105 quos
891 2041 1108 2090 hactenus
1132 2057 1184 2087 ex
1202 2040 1324 2089 Cano
1345 2040 1575 2089 attulimus
1607 2042 1611 2045 ’

99 2122 143 2160 et
175 2114 468 2177 expendimus
503 2126 674 2171 textus,
713 2135 827 2182 quos
862 2118 963 2182 ipse
995 2117 1208 2165 indicavit
1239 2116 1374 2165 veluti
1414 2133 1578 2166 causae

101 2205 211 2235 suae
234 2189 294 2236 ita
319 2190 539 2248 faventes,
569 2202 618 2239 ut
641 2193 1019 2256 pronunciaverit:
1053 2193 1156 2242 «Ex
1187 2203 1362 2257 patrum
1396 2193 1578 2258 quidem

101 2266 314 2313 memoria
347 2267 676 2316 matrimonium
704 2271 880 2332 proprie
913 2286 1000 2316 esse
1035 2279 1373 2325 sacramentum,
1412 2270 1474 2319 ita
1505 2270 1580 2318 de-

100 2358 223 2389 mum
246 2342 470 2406 proditum
494 2354 583 2400 est,
606 2344 646 2392 si
671 2345 912 2393 sacerdotis
936 2346 1231 2394 ministerium
1256 2347 1574 2403 interveniat.»

100 2416 322 2466 affirmare
355 2419 451 2467 iure
485 2438 727 2484 possumus
761 2439 818 2468 ne
851 2440 987 2469 unum
1031 2422 1210 2486 quidem
1257 2423 1463 2487 reperiri,
1500 2423 1578 2488 qui

101 2492 140 2538 ei
185 2493 467 2558 suffragetur.
502 2497 557 2543 Ut
594 2497 712 2544 enim
759 2497 936 2545 silentio
982 2509 1253 2562 praeteream
1290 2516 1377 2545 non
1412 2516 1578 2563 paucos

103 2583 155 2613 ex
188 2568 260 2617 his
296 2571 487 2620 textibus
518 2573 695 2637 spurios
720 2590 821 2620 esse
837 2611 847 2630 ,
877 2573 933 2620 de
957 2572 1045 2620 alia
1069 2573 1247 2621 omnino
1271 2591 1318 2621 re
1342 2574 1581 2638 loquuntur

197 2715 265 2755 (13)
286 2717 322 2748 ln
333 2726 420 2750 nova
431 2718 509 2751 edit.
525 2720 663 2751 Maurin.
676 2719 756 2752 haec
768 2720 903 2761 epistola
920 2722 970 2752 est
982 2722 1066 2752 ΧΙΧ.
1079 2720 1203 2762 primae
1217 2720 1346 2762 classis,
1358 2722 1391 2754 et
1404 2723 1512 2756 textus
1521 2723 1576 2756 ad·

102 2765 221 2798 ductus
235 2768 285 2799 est
299 2777 332 2801 n.
345 2772 396 2801 27.
407 2770 470 2802 col.
483 2772 556 2802 844.

198 2819 264 2859 (14)
282 2820 333 2852 Cf.
350 2822 493 2854 Murteae
506 2824 556 2854 De
571 2824 727 2864 antiquis
741 2823 859 2856 eccla.
875 2824 970 2856 ritib.
988 2825 1069 2865 part.
1083 2825 1125 2857 u.
1137 2834 1210 2867 cap.
1223 2827 1278 2859 lx.
1293 2827 1355 2859 art.
1370 2832 1400 2860 3,
1412 2836 1444 2860 n.
1459 2831 1488 2861 4.
