1918 3186
351 203 441 248 144
602 217 682 248 mn.
711 216 741 247 1.
771 215 884 246 sacr.
914 214 943 246 1.
972 214 1025 246 ns
1058 214 1231 247 iurum.
1259 215 1538 248 SAannnnro.

344 295 461 342 enim
497 292 715 340 retulisset
748 291 1037 339 obiectionem
1067 291 1254 339 Wiclesfi
1290 309 1343 339 ex
1375 309 1474 356 cap.
1500 294 1574 338 22.
1610 293 1806 340 Triodii:

348 368 541 424 «Qualis
570 366 720 430 regula
754 367 863 414 foret
894 366 1009 414 idem
1044 367 1371 415 matrimonium
1406 367 1476 415 bis
1509 366 1808 432 completum?

344 444 489 490 Primo
530 443 576 489 in
620 453 719 490 actu
761 443 996 507 coniugum
1030 461 1110 508 per
1154 460 1202 490 se
1243 443 1357 491 facto
1379 481 1389 500 ‚
1439 453 1482 491 et
1524 445 1720 492 secundo
1764 445 1809 491 in

343 520 528 568 solemni
574 519 659 566 ritu
691 519 747 566 ad
780 519 942 567 ostium
986 519 1199 566 ecclesiae
1232 537 1259 566 a
1293 519 1519 567 sacerdote
1564 537 1643 584 per
1674 520 1809 568 verba

343 596 572 659 nugatoria
604 605 647 643 et
680 595 794 643 falsa
823 595 1003 643 comiter
1036 594 1301 643 celebrato.»
1324 595 1603 660 Respondet:
1630 595 1811 643 «Primo

342 671 398 719 ad
432 670 736 735 quaestionem
769 671 968 718 dicamus
993 670 1038 716 in
1064 670 1224 717 forma:
1253 680 1296 718 et
1318 671 1495 718 tandem
1519 671 1574 717 ad
1599 671 1661 728 id,
1690 672 1809 736 quod

341 747 562 813 quomodo
594 747 790 811 implicet
812 747 866 793 de
890 746 1051 792 rituum
1080 746 1264 793 istorum
1291 747 1460 795 ratione
1489 747 1734 795 fundanda.
1762 747 1808 793 Si

342 824 478 887 igitur
503 823 713 887 coniuges
749 823 860 870 clam
896 820 1159 869 contrahant
1190 822 1287 870 sine
1310 832 1442 879 teste,
1471 833 1559 870 stat
1574 824 1813 887 perfectum

343 917 430 947 esse
470 901 712 963 coniuqium
745 901 792 945 in
823 916 866 945 se
901 899 991 962 ipso
1007 916 1020 943 .·
1056 898 1135 962 sed
1170 898 1332 946 factum
1367 899 1413 945 in
1447 899 1560 946 facie
1595 899 1811 947 ecclesiae

341 992 487 1024 coram
521 974 707 1022 testibus
725 1012 735 1031 ‚
772 972 1039 1038 completum
1064 973 1197 1021 robur
1219 974 1381 1038 accipit
1414 974 1634 1021 firmitatis
1656 975 1772 1038 (11).
1787 996 1806 1020 o

328 1106 335 1110 ,
436 1051 608 1107 Quibus
641 1049 875 1115 postremis
907 1048 1055 1097 verbis
1092 1049 1313 1113 significat
1354 1049 1607 1113 coniugium
1641 1067 1694 1097 ex
1726 1068 1811 1114 pu-

340 1127 458 1174 blica
491 1125 783 1174 celebratione
817 1126 878 1173 ita
910 1125 1088 1172 demum
1131 1125 1296 1172 firmari
1342 1125 1725 1190 consohdarique,
1763 1137 1811 1174 ut

341 1202 463 1250 nulla
497 1202 643 1250 subsit
676 1202 788 1250 ratio
820 1201 1048 1249 veritatem
1077 1202 1188 1266 facti
1211 1201 1490 1265 denegandi,
1523 1202 1811 1267 quemadmo-

338 1279 445 1326 dum
479 1295 567 1326 non
602 1278 738 1326 semel
773 1278 819 1324 in
853 1278 1057 1341 coniugio
1090 1277 1260 1325 occulte
1288 1294 1341 1325 ac
1369 1278 1467 1325 sine
1490 1277 1677 1326 testibus
1700 1278 1811 1326 inito

338 1354 636 1418 contingebat.
664 1353 892 1419 Siquidem
927 1353 1174 1411 interdum,
1214 1354 1291 1418 qui
1327 1354 1388 1401 ita
1421 1354 1671 1402 clanculum
1704 1370 1811 1403 con-

338 1430 523 1477 nubium
545 1429 864 1478 contrahebant
879 1466 889 1486 ‚
918 1439 1071 1493 postea
1092 1429 1216 1477 illius
1239 1429 1565 1477 coniunctionis
1589 1430 1805 1494 pertaesi,

340 1506 451 1554 alter
484 1523 538 1553 ex
571 1506 832 1569 coniugibus
865 1522 964 1553 cum
999 1505 1107 1561 alia,
1137 1515 1214 1552 aut
1235 1523 1336 1552 cum
1360 1506 1449 1553 alio
1472 1505 1650 1570 publice
1673 1506 1720 1553 in
1744 1523 1811 1555 ec-

341 1582 480 1630 clesia
494 1619 504 1639 ‚
527 1592 737 1629 consueta
761 1580 1036 1629 solemnitate
1059 1581 1386 1629 matrimonium
1409 1581 1686 1639 celebrabat3
1708 1582 1812 1630 licet

342 1676 472 1723 porro
496 1658 606 1706 alter
628 1657 932 1714 reclamasset,
962 1674 1062 1705 cum
1096 1657 1206 1704 nulli
1229 1667 1380 1704 essent
1403 1667 1537 1705 testes
1560 1658 1657 1705 initi
1682 1658 1809 1722 prius

345 1735 568 1799 coniugii,
602 1734 734 1782 fiebat
762 1745 811 1782 ut
843 1734 1054 1791 ecclesia,
1089 1751 1205 1798 quae
1238 1751 1326 1782 non
1358 1733 1524 1781 iudicat
1546 1734 1603 1781 de
1624 1735 1809 1782 occultis

345 1827 397 1857 ac
430 1810 486 1858 de
520 1810 728 1867 internis,
767 1809 1028 1858 sententiam
1064 1809 1260 1874 proferre
1291 1819 1518 1873 cogeretur
1549 1827 1629 1873 pro
1660 1810 1810 1858 valore

339 1886 521 1934 alterius
538 1884 733 1950 coniugii
754 1886 928 1951 publice
945 1886 1171 1943 contracti,
1189 1902 1348 1949 magno
1366 1886 1613 1933 animarum
1625 1886 1804 1935 damno:

340 1962 560 2026 siquidem
609 1979 755 2010 coram
789 1962 882 2010 Deo
916 1962 1112 2009 secunda
1154 1961 1373 2009 eiusmodi
1415 1962 1666 2009 coniunctio
1707 1979 1810 2010 vere

339 2049 458 2086 esset
492 2038 755 2086 adulterina.
789 2038 968 2086 Interim
1005 2038 1129 2103 prius
1164 2037 1419 2101 coniugium
1446 2037 1496 2084 de
1527 2038 1643 2102 sacto
1666 2038 1808 2086 solve-

338 2114 480 2161 batur.
515 2115 608 2162 Hac
641 2114 697 2161 de
740 2131 877 2162 causa
917 2114 1110 2162 Thomas
1143 2113 1386 2161 waldensis
1419 2114 1600 2178 scripsit
1626 2133 1636 2161 :
1677 2133 1700 2160 «
1722 2115 1807 2162 Sed

339 2190 502 2237 factum
531 2191 577 2237 in
607 2190 719 2238 facie
748 2190 964 2238 ecclesiae
991 2207 1139 2238 coram
1172 2190 1362 2238 testibus
1395 2190 1647 2254 completum
1677 2191 1809 2237 robur

340 2268 498 2330 accipit
519 2267 758 2331 firmitatis,
781 2286 803 2312 »
832 2284 990 2331 nempe
1024 2267 1337 2322 extrinsecum,
1366 2283 1453 2314 non
1477 2276 1622 2313 autem
1656 2267 1810 2312 intrin-

338 2360 504 2397 secum,
543 2359 644 2389 cum
678 2343 766 2389 iam
794 2344 1031 2407 perfectum
1062 2343 1223 2390 dixerit
1251 2342 1504 2406 coniugium
1533 2341 1808 2390 clandestine

340 2427 627 2466 contractum.
660 2417 802 2482 Atque
836 2418 951 2465 hanc
974 2418 1020 2464 in
1043 2435 1135 2465 rem
1165 2418 1330 2482 profert
1362 2434 1515 2465 casum
1547 2434 1599 2464 ex
1623 2417 1809 2480 Hugone

339 2493 586 2550 Victorino,
625 2510 758 2558 quem
794 2509 875 2540 nos
908 2493 1010 2540 heic
1042 2493 1353 2540 indicavimus.

434 2569 620 2616 Demum
654 2568 824 2616 accedit
868 2568 1168 2616 testimonium
1212 2568 1333 2615 omni
1374 2568 1629 2632 exceptione
1662 2569 1807 2616 maius

340 2643 511 2691 concilii
545 2644 803 2701 tridentini,
841 2644 959 2709 quod
994 2661 1109 2692 sess.
1147 2644 1293 2690 XXIV.
1329 2661 1427 2708 cap.
1458 2644 1492 2690 1.
1526 2644 1585 2691 De
1607 2645 1803 2709 reform„

435 2766 501 2806 (11)
524 2766 670 2800 rhomae
698 2766 881 2801 §caldensis
909 2768 1017 2800 tomus
1043 2766 1204 2800 secundus
1229 2769 1276 2799 De
1307 2768 1546 2800 sacramentis.
1571 2767 1684 2800 venet.
1715 2770 1804 2799 158⁰.

339 2819 396 2850 fol.
410 2823 480 2852 219.
495 2821 586 2852 recto
600 2820 663 2852 col.
679 2825 705 2853 1.
