1918 3186
296 212 386 243 CAP.
412 213 441 243 1.
471 212 563 244 ΛΒΤ.
587 212 616 243 1.
639 211 691 242 ΒΕ
715 210 917 243 VERITATE
946 212 1120 244 SACRAM.
1147 211 1200 243 Ex
1227 211 1345 243 Eccn.
1371 211 1516 245 DOCTR.
1624 199 1649 241 ὅ

164 289 271 338 dere
305 289 471 338 ibidem
504 289 589 352 agi,
611 288 668 336 de
701 289 982 338 matrimonio
1016 290 1158 354 gratia
1189 289 1344 338 divina
1376 299 1546 346 aucto„
1569 306 1650 337 seu

165 365 223 413 de
241 382 382 415 novae
405 364 517 429 legis
543 374 845 422 sacramento,
874 383 1003 413 nemo
1027 366 1114 414 nisi
1140 365 1364 431 scepticus
1398 365 1646 413 nonvidet.

269 441 334 488 Ex
377 440 604 504 gelasiano
653 457 785 506 porro
831 457 962 488 suum
1017 441 1209 490 confecit
1239 442 1653 490 ¹sacramentarium

165 534 204 566 s.
243 517 479 581 Gregorius
514 518 572 564 M.
609 517 674 565 uti
708 527 894 565 testatur
927 519 1118 566 Ioannes
1154 519 1371 567 diaconus
1414 519 1528 566 eius
1554 519 1652 566 bio*

163 593 364 665 graphus
399 593 621 642 scribens:
655 594 785 641 «Sed
818 605 862 642 et
894 594 1172 658 gelasianum
1207 595 1404 643 codicem
1445 595 1521 642 de
1543 595 1651 642 mi&

163 686 317 718 sarum
357 669 587 718 solemniis
605 708 615 727 ‚
654 670 794 718 multa
833 670 1130 728 subtrahens,
1178 688 1322 735 pauca
1359 681 1619 719 convertens
1637 709 1647 728 ,

164 744 380 793 nonnulla
413 745 629 794 adiiciens
659 763 739 811 pro
766 746 1040 811 exponendis
1081 746 1352 810 evangelicis
1389 747 1652 794 lectionibus

162 820 209 867 in
231 821 366 869 unius
390 821 492 868 libri
515 821 739 870 volumine
760 822 1000 870 coaretavit
1024 824 1108 885 (9).
1135 842 1157 868 »
1185 822 1343 870 Verum
1381 833 1427 870 et
1450 822 1651 871 Gelasius

163 896 249 945 hoc
282 915 396 963 opus
430 915 561 946 suum
595 898 782 948 confecit
813 916 867 946 ex
901 916 939 946 s.
963 899 1105 947 Leone
1128 899 1286 962 Magno
1326 899 1558 964 potissime
1592 910 1653 947 at-

163 991 253 1039 que
285 991 339 1022 ex
372 975 470 1023 eius
506 975 924 1040 praedecessoribus
949 975 1143 1023 romanis
1172 975 1394 1041 episcopis
1439 977 1555 1039 (10).
1586 977 1651 1023 Ex

160 1050 328 1115 quibus
362 1051 456 1098 iure
490 1051 723 1099 inferimus
757 1051 1003 1100 doctrinam
1029 1062 1073 1099 et
1106 1052 1240 1099 fidem
1273 1052 1330 1100 de
1375 1063 1651 1100 sacramento

162 1127 434 1175 matrimonii
470 1145 623 1193 presse
657 1138 839 1193 accepto
878 1127 1035 1193 primis
1078 1128 1190 1193 ipsis
1230 1128 1445 1176 ecclesiae
1489 1129 1651 1177 seculis

163 1202 328 1267 iugiter
359 1204 560 1268 viguisse
594 1205 640 1251 in
676 1204 933 1253 Occidente.

258 1281 471 1329 Eamdem
496 1282 662 1347 pariter
696 1281 846 1345 iugem
879 1292 1244 1348 constantemque
1269 1282 1515 1331 doctrinam
1550 1301 1652 1349 pro-

160 1356 330 1405 sessam
357 1373 459 1406 esse
487 1357 748 1406 orientalem
777 1357 1035 1415 ecclesiam,
1065 1358 1329 1406 documenta
1356 1359 1487 1407 nobis
1517 1359 1651 1407 indu-

160 1432 239 1481 bia
265 1434 507 1481 ostendunt
530 1451 583 1481 ex
608 1434 906 1482 remotissima
929 1443 1074 1481 aetate
1097 1434 1251 1499 petita.
1288 1435 1401 1498 Nam·
1426 1435 1570 1500 primo
1596 1453 1649 1483 ex

157 1509 363 1558 conciliis
396 1509 631 1558 celebratis
655 1510 871 1559 adversus
891 1509 1106 1575 Cyn-illum
1131 1511 1335 1563 Luearim
1371 1511 1644 1560 orthodoxae

254 1663 303 1706 (9)
323 1666 361 1697 In
387 1674 414 1699 s.
431 1666 578 1707 Gregorii
592 1666 660 1699 vita
675 1667 734 1700 lib.
748 1667 790 1700 11.
807 1675 878 1709 cap.
893 1667 980 1699 XVI.

258 1717 326 1760 (ιο)
340 1719 390 1751 Cf.
404 1718 437 1752 b.
449 1719 615 1753 Thomasii
635 1720 735 1762 praef.
745 1720 797 1753 ed.
808 1721 864 1753 cit.
877 1721 1014 1762 pag.V1.
1027 1720 1083 1761 qni
1095 1718 1235 1753 contulit
1248 1711 1382 1762 phrases=
1396 1720 1562 1754 leonianus
1573 1730 1647 1754 cum

158 1768 334 1812 phrasibus
359 1780 444 1813 quae
467 1775 646 1805 occurrunt
661 1774 693 1805 in
707 1773 819 1806 codice
836 1773 1000 1815 gelasiano
1011 1797 1020 1814 ,
1041 1773 1226 1814 reperitque
1242 1773 1364 1806 nedum
1378 1774 1570 1815 sententias,
1588 1774 1644 1806 sed

159 1823 300 1865 ipsamet
314 1825 414 1858 verba
431 1826 549 1859 Leonis
563 1827 619 1859 hic
633 1826 775 1860 recitari.

250 1879 372 1910 verum
382 1886 448 1910 non
459 1879 599 1919 amplius
611 1887 693 1920 opus
707 1880 756 1923 est
768 1878 974 1919 coniecturis,
982 1879 1156 1920 postquam
1166 1879 1263 1911 cl.10.
1274 1879 1481 1911 Blanchinius
1494 1880 1646 1919 quartum

162 1928 287 1962 tomum
304 1929 460 1964 adiiciens
478 1932 572 1964 Rom.
584 1931 776 1972 pontificum
790 1932 867 1965 vitis
879 1931 920 1964 ab
929 1931 1099 1964 Anastasio
1113 1931 1260 1966 collectis
1274 1933 1306 1964 et
1318 1941 1337 1963 a
1351 1933 1466 1972 patruo
1477 1940 1536 1963 suo
1548 1931 1645 1964 Fran-

159 1980 246 2013 ‹u‘sco
253 1982 443 2016 Blanchinio
452 1983 635 2025 illustratis,
643 1984 838 2026 opusculum
847 1983 951 2017 edidit
962 1983 1023 2017 sub
1032 1984 1095 2016 hoc
1104 1983 1211 2016 titulo:
1222 1983 1339 2016 Codex
1346 1991 1526 2015 sacramen
1531 1985 1648 2017 torum

160 2034 261 2066 velus
268 2036 440 2070 Romanae
449 2037 611 2071 ecclesiae
621 2046 644 2070 a
652 2039 773 2070 sancto
782 2039 888 2070 Leone
890 2045 989 2079 papa
1002 2036 1354 2078 consectus,primum
1362 2035 1495 2077 prodiit
1508 2044 1552 2068 ex
1563 2045 1644 2071 ms.

163 2085 254 2118 libro
276 2086 374 2119 mille
395 2094 504 2121 annos
528 2091 739 2131 conscripto,
762 2091 824 2131 qui
845 2091 945 2122 extat
970 2092 1005 2122 in
1034 2089 1243 2121 bibliotheca
1258 2087 1475 2128 amplissima
1497 2090 1647 2129 capituli

160 2140 371 2172 veronensis.
382 2140 511 2173 Missale
523 2142 586 2173 hoc
598 2142 785 2174 leonianum
798 2151 927 2175 rursum
940 2142 1088 2183 vulgavit
1103 2142 1144 2173 cl.
1156 2141 1353 2173 Muratorius
1371 2140 1404 2172 in
1421 2149 1474 2182 op.
1487 2143 1647 2182 Licurqia

160 2198 308 2224 romana
318 2193 430 2224 velus.
438 2194 552 2225 venet.
564 2196 653 2226 1748.
661 2194 726 2226 vol.
735 2196 807 2226 1.1n
820 2195 883 2227 hoc
892 2203 969 2227 vero
980 2195 1129 2226 leoniano
1141 2193 1392 2226 sacramentario
1404 2194 1502 2226 missa
1511 2194 1647 2227 habetur

158 2243 220 2275 sub
229 2244 292 2276 hoc
304 2241 416 2277 titulo:
440 2246 571 2287 Incipit
585 2245 716 2278 velatio
731 2247 903 2288 nuptialis
919 2247 979 2279 sub
992 2256 1024 2278 n.
1034 2248 1135 2279 XXII.
1151 2246 1239 2288 apud
1253 2246 1466 2279 Muratorium
1483 2256 1556 2287 pag.
1572 2250 1644 2279 446.

158 2296 192 2329 Si
201 2297 350 2330 conferas
371 2299 542 2331 actionem
562 2299 757 2340 nuptialem
774 2300 930 2333 s.Gelasii
949 2309 1026 2332 cum
1049 2300 1222 2333 velatione
1236 2300 1391 2341 nuptiali
1405 2309 1432 2333 s.
1442 2300 1577 2340 Leonis,
1594 2300 1647 2332 de—

158 2350 336 2391 prehendes
353 2359 380 2383 s.
398 2351 562 2384 Gelasium
574 2360 594 2384 s
606 2360 632 2384 s.
648 2353 755 2384 Leone
767 2353 858 2385 illam
870 2352 1052 2394 derivasse,
1070 2362 1109 2386 ac
1122 2353 1188 2386 fere
1200 2353 1412 2395 expressisse3
1426 2352 1536 2385 floruit
1549 2362 1646 2393 porro

157 2411 184 2435 s.
199 2404 265 2436 Leo
278 2404 322 2435 M.
340 2412 393 2435 an.
410 2406 482 2436 461.
496 2404 561 2436 Sed
576 2405 609 2437 et
623 2406 765 2438 Leonem
781 2414 801 2437 a
814 2405 1117 2447 praedecessoribus
1131 2407 1199 2439 suis
1211 2407 1274 2439 hoc
1285 2406 1575 2439 sacramentarium
1598 2406 1649 2438 de-

157 2455 281 2488 rivasse
290 2464 355 2488 non
370 2455 508 2488 obscure
520 2456 706 2498 colligimus
718 2466 759 2490 ex
770 2466 797 2490 s.
812 2458 993 2491 Innocentii
1003 2460 1044 2499 1.‚
1054 2459 1113 2499 qui
1126 2458 1236 2491 floruit
1247 2458 1289 2490 ab
1301 2467 1354 2490 an.
1364 2460 1424 2490 403
1439 2457 1481 2489 ad
1490 2466 1545 2489 an.
1559 2459 1646 2497 417..

156 2509 292 2549 epistola
308 2508 350 2541 ad
365 2510 556 2542 Decentium
567 2534 577 2550 ‚
593 2510 627 2542 in
643 2519 709 2551 qua
723 2511 854 2544 scribIt:
870 2511 934 2543 «Si
950 2511 1099 2544 instituta
1119 2511 1351 2551 ecclesiastica,
1366 2512 1403 2543 ut
1415 2511 1525 2543 sunta
1540 2510 1647 2548 beatis

158 2562 324 2602 apostolis
338 2562 474 2595 tradita
493 2562 618 2603 integra
631 2563 751 2596 vellent
767 2572 898 2596 servare
917 2564 1041 2597 domini
1056 2565 1252 2604 sacerdotes,
1270 2564 1361 2596 nulla
1376 2563 1549 2596 diversitas
1562 2564 1645 2596 etc.»

155 2613 188 2645 et
200 2614 299 2654 paulo
312 2615 403 2655 post:
421 2614 526 2652 «Quis
540 2615 626 2647 enim
640 2617 763 2648 nesciat
775 2618 907 2648 autnon
922 2617 1088 2656 advertat,
1104 2616 1193 2657 quod
1207 2626 1230 2648 a
1238 2617 1396 2657 principe
1408 2616 1646 2657 apostolorum

158 2668 264 2698 Petro
288 2675 454 2699 romanae
474 2668 636 2700 ecclesiae
661 2669 833 2702 traditum
858 2671 908 2701 est
918 2693 929 2708 ‚
946 2679 984 2701 ac
1000 2678 1086 2701 nunc
1102 2677 1204 2708 usquc
1222 2668 1407 2701 custoditur
1432 2669 1473 2701 ab
1494 2668 1646 2701 omnibus

162 2718 278 2752 debere
299 2721 443 2753 servari?
457 2723 547 2758 Quae
562 2723 756 2754 coulirmant
770 2723 878 2763 quoad
893 2723 1106 2755 substantiam
1120 2721 1310 2755 huiusmodi
1327 2722 1591 2762 sacramentaria,
1607 2731 1644 2753 ac

161 2771 295 2811 proinde
309 2781 393 2813 quae
407 2773 450 2805 ibi
464 2775 640 2809 constituta
653 2777 730 2807 sunt
744 2775 831 2807 circa
848 2775 946 2807 ritum
968 2775 1154 2815 nuptiarum
1165 2798 1175 2814 ,
1195 2776 1232 2806 ut
1248 2775 1465 2816 sacramenti,
1488 2775 1644 2815 originem

161 2822 278 2855 habere
293 2824 552 2865 antiquissimam
568 2828 666 2867 atque
680 2826 762 2858 adeo
777 2827 1005 2868 apostolicam.
