1918 3186
815 213 1046 247 Pitumnum
1054 235 1062 243 .
1599 212 1674 244 xm

205 295 298 356 logi
332 294 398 340 illi
429 295 510 355 qui
536 294 584 338 in
609 293 727 338 hanc
755 307 1021 338 concessere
1044 292 1343 344 sententiam,
1373 306 1434 338 ne
1457 291 1672 353 suspicati

204 371 394 434 quidem
423 378 552 423 sunt,
582 368 824 431 quomodo
847 369 924 415 alii
948 370 1159 430 ipsorum
1184 367 1353 430 placito
1388 367 1676 414 abusuries-

204 457 322 495 sent.
357 449 418 494 At
441 447 531 492 dici
562 447 640 492 vix
668 453 820 508 potest
847 453 1073 506 quantum
1111 443 1238 491 abuti
1267 445 1354 491 hac
1380 444 1676 491 distinctione

204 525 355 571 statim
380 524 619 585 coeperint
651 522 823 584 politici
846 521 915 567 illi
939 521 1150 568 homines
1173 521 1387 567 ecclesiae
1414 521 1571 568 hostes
1594 522 1675 583 qui

205 600 310 663 plus
344 600 483 646 nimis
507 599 630 646 civili
669 599 883 660 potestati
913 599 1006 644 iam
1040 597 1221 659 pridem
1250 597 1534 644 tribuebant.
1557 598 1677 644 Hinc

203 677 376 723 nefaria
410 676 600 723 demum
638 676 812 738 prodiit
839 691 934 721 non
960 675 1121 737 opinio
1147 675 1322 727 solum,
1351 690 1513 720 verum
1537 676 1675 721 etiam

202 753 389 816 publice
416 753 592 815 perlata
618 753 692 798 lex
719 768 839 814 quae
862 752 1210 798 matrimonium
1241 751 1522 812 legitimum,
1548 751 1677 812 quod

204 845 361 877 coram
378 830 499 877 civili
517 838 694 876 tantum
710 830 975 891 magistratu
997 830 1221 875 sociatum
1241 827 1396 882 fuerit,
1411 828 1679 875 habendum

203 922 300 954 esse
316 908 476 953 sancit:
499 923 522 953 a
542 923 632 968 qua
649 907 762 953 dum
782 905 846 952 ob
865 907 1081 952 immania
1100 905 1208 951 inde
1224 914 1382 952 exorta
1403 905 1573 968 flagitia
1590 907 1679 968 ipsi

203 985 295 1030 iam
332 998 457 1029 nunc
490 983 705 1029 haeretici
744 981 1022 1035 abhorrent,
1048 983 1128 1044 qui
1156 984 1358 1044 primum
1392 997 1495 1028 eam
1526 982 1679 1044 legem

204 1068 523 1122 susceperant,
555 1060 725 1105 mirum
760 1058 972 1121 profecto
1006 1068 1076 1105 est
1104 1074 1194 1120 qua
1232 1058 1383 1105 fronte
1413 1067 1458 1105 et
1490 1059 1679 1106 audacia

204 1152 306 1183 eam
346 1137 517 1182 nostris
556 1136 681 1182 hisce
727 1135 1014 1198 temporibus
1060 1136 1280 1182 adversus
1324 1136 1544 1183 ecclesiae
1588 1136 1680 1182 tela

204 1213 465 1259 christianis
494 1211 784 1275 principibus
816 1212 1094 1274 persuadere
1124 1227 1219 1258 non
1249 1220 1513 1258 vereantur.

300 1289 397 1336 lllis
426 1289 551 1336 ultro
578 1305 626 1335 se
652 1290 843 1335 comites
877 1288 1103 1351 praebent
1132 1297 1269 1350 atque
1300 1288 1558 1343 adiutores,
1597 1290 1679 1351 qui

204 1380 495 1418 mormones,
533 1366 614 1427 qui
646 1365 978 1412 communistae
1011 1373 1054 1411 et
1090 1365 1369 1418 socialistae‚
1408 1367 1542 1411 novis
1575 1366 1682 1413 licet

206 1441 471 1488 nominibus
506 1441 761 1504 appellati,
799 1449 981 1487 veteres
1021 1442 1221 1487 cuiusvis
1257 1439 1463 1487 libidinis
1503 1451 1681 1488 amato-

207 1534 304 1572 res,
339 1518 621 1564 matrimonii
654 1517 990 1563 sanctissimum
1008 1517 1079 1562 ius
1095 1532 1191 1578 quo
1209 1516 1438 1579 obstringi
1463 1533 1557 1563 non
1584 1533 1683 1564 am-

206 1596 328 1657 plius
365 1595 554 1648 volunt,
583 1594 870 1640 detestantur
904 1604 1040 1655 atque
1076 1602 1386 1640 exsecrantur.
1416 1596 1575 1640 Patent
1600 1610 1683 1641 ne-

206 1672 534 1733 quissimorum
583 1670 825 1717 hominum
870 1671 1096 1724 consilia;
1141 1680 1324 1733 apertae
1365 1678 1471 1717 sunt
1510 1686 1679 1725 voces;

207 1763 443 1795 sermones
460 1748 869 1806 circumferuntur3
886 1748 945 1795 ad
965 1749 1013 1794 id
1035 1764 1201 1810 nempe
1221 1749 1471 1810 flagitiosae
1490 1751 1685 1810 turpitu-

208 1824 328 1871 dinis
363 1825 590 1887 aspirant‚
617 1832 669 1870 ut
697 1823 910 1871 foeminis
934 1824 993 1871 ad
1017 1839 1203 1871 omnem
1231 1823 1473 1870 libidinem
1502 1826 1565 1870 uti
1591 1825 1682 1870 iam

210 1901 359 1947 liceat.
381 1900 682 1947 Horrendum
713 1900 839 1947 dictu
869 1901 1026 1948 nefas!
1061 1916 1158 1963 quo
1193 1916 1288 1947 non
1324 1901 1573 1947 domestica
1606 1915 1685 1947 so-

211 1977 332 2031 lum,
366 1977 446 2025 sed
472 1979 685 2024 universa
715 1978 919 2025 humana
954 1979 1146 2025 societas
1185 1986 1486 2024 everteretur.

308 2053 379 2098 Ad
410 2054 503 2100 hoc
537 2055 661 2101 exitii
698 2054 944 2101 discrimen
977 2054 1035 2101 ab
1064 2055 1119 2101 iis
1149 2069 1374 2101 novarum
1407 2054 1685 2115 opinionum

212 2129 352 2174 initiis
394 2129 822 2176 scelestissimorum
866 2131 1110 2178 hominum
1155 2131 1343 2177 audacia
1377 2130 1577 2176 adducta
1612 2145 1686 2176 res

212 2214 306 2252 est:
329 2221 354 2251 a
373 2221 464 2267 qua
493 2206 682 2268 quidem
705 2214 799 2252 tam
828 2207 1002 2253 nefaria
1027 2208 1250 2254 sententia
1265 2241 1277 2261 ‚
1299 2208 1383 2254 etsi
1403 2222 1686 2270 magnopere

214 2281 461 2328 abhorreat
495 2281 795 2344 politicorum
829 2291 1096 2329 nostrorum
1129 2283 1367 2337 doctrina,
1395 2286 1474 2346 qui
1499 2299 1687 2330 omnem

214 2357 362 2404 bacin
386 2373 438 2404 re
461 2358 906 2404 administrationem
941 2361 1209 2422 permittere
1239 2360 1459 2407 ecclesiae
1489 2360 1684 2413 nolunt:

214 2436 252 2480 si
287 2442 439 2481 tamen
482 2434 700 2481 audiendi
731 2443 882 2481 essent
909 2470 920 2489 ‚
966 2445 1204 2483 corrueret
1246 2437 1382 2499 plane
1415 2437 1572 2482 divina
1606 2437 1686 2483 illa

215 2512 471 2563 institutio,
508 2519 553 2558 et
587 2527 819 2575 magnum
860 2512 978 2558 illud
1018 2525 1371 2560 sacramentum
1391 2551 1403 2564 ,
1442 2522 1493 2560 ut
1536 2513 1689 2560 verbis

217 2596 320 2633 utar
348 2588 586 2649 Apostoli,
622 2604 718 2650 quo
742 2598 891 2635 castus
922 2589 1087 2636 Christi
1114 2606 1222 2651 erga
1256 2591 1496 2637 ecclesiam
1524 2606 1682 2644 amor,

215 2679 310 2725 quo
341 2664 506 2711 Christi
542 2680 650 2711 cum
683 2666 871 2712 ecclesia
896 2701 907 2721 ‚
947 2668 1091 2713 immo
1126 2676 1171 2713 et
1206 2669 1380 2714 aeterni
1409 2667 1688 2714 Verbicum

217 2740 418 2788 humana
438 2750 613 2789 natura
646 2744 911 2790 coniunctio
946 2743 1252 2806 significatur,
1285 2743 1562 2803 foedissima
1600 2744 1689 2790 lio-'⁴

216 2817 392 2863 minum
414 2826 647 2878 tamquam
664 2818 914 2867 brutorum
934 2819 1230 2881 copulatione
1245 2821 1683 2883 repraesentaretur.
