1912 3180
309 173 401 219 274
562 186 643 217 un.
671 183 702 215 1.
731 180 846 214 sscr.
875 180 1048 212 Atrum.
1076 180 1128 212 nr
1163 179 1338 212 numu.
1367 179 1510 212 clvm.

304 281 403 312 cum
427 261 558 309 unica
592 257 796 306 adulterii
826 274 963 305 causa
986 257 1042 304 ad
1066 256 1177 303 illud
1211 255 1463 304 faciendum
1498 256 1769 320 assignetur,

304 339 484 405 quidam
502 334 771 383 matrimonii
791 335 958 399 peracti
976 334 1167 399 pertaesi
1187 333 1275 381 sibi
1294 333 1484 381 invicem
1504 332 1774 382 adulterium

304 415 592 481 permittunt,
631 412 777 476 iisque
810 411 856 458 in
890 411 1111 458 adiunctis
1131 449 1140 467 ,
1177 420 1226 457 ut
1259 410 1403 474 possit
1435 409 1566 473 legali
1603 410 1774 457 ratione

301 491 504 557 probari,
538 500 671 555 atque
694 489 756 536 ita
777 488 1032 551 coniugium
1067 487 1254 534 dissolvi
1289 489 1405 550 (29).
1429 486 1572 551 Atque
1607 487 1772 535 idcirco

302 568 370 614 lex
402 567 502 623 illa,
531 583 646 631 quae
680 566 769 612 lata
803 574 870 611 est
904 563 961 611 ad
995 562 1368 627 compescendum
1402 562 1691 619 adulterium,
1718 580 1771 610 ex

302 643 532 690 hominum
566 641 736 689 malitia
765 640 821 687 ad
857 639 967 686 illud
1001 639 1253 701 augendum
1289 638 1474 685 inservit
1513 641 1630 700 (30).

397 718 622 774 Secundo,
660 726 790 782 prout
822 715 1078 777 contingere
1111 714 1267 770 debet,
1296 731 1374 778 pro
1408 731 1591 762 numero
1625 714 1774 762 divor-

304 796 462 843 tiorum
497 795 655 842 crescit
687 792 963 858 polygamia,
991 791 1114 846 dum,
1145 790 1293 837 adhuc
1316 791 1452 855 priori
1487 790 1675 854 coniuge
1706 793 1776 838 vi-

302 881 431 919 vente
453 908 463 927 ,
514 870 602 917 alia
639 880 682 916 et
719 869 807 915 alia
852 866 1225 932 superinducitur.
1266 866 1316 912 Id
1357 867 1474 912 enim
1510 867 1690 931 profluit
1721 884 1776 914 ex

303 947 600 995 declaratione
635 944 814 1011 perfecti
851 942 1061 999 divortii,
1100 960 1190 1007 qua
1222 942 1534 1007 unusquisque
1563 943 1684 991 iuxta
1716 943 1776 990 ci-

301 1023 431 1071 vilem
467 1023 608 1085 legem
644 1021 758 1068 liber
790 1020 839 1067 fit
872 1020 928 1067 ad
963 1036 1121 1067 novam
1157 1019 1404 1066 ducendam
1446 1037 1625 1067 uxorem
1650 1057 1659 1075 ,
1699 1029 1777 1066 aut

300 1099 357 1148 ad
375 1098 501 1145 alteri
525 1096 781 1144 nubendum
800 1096 972 1143 marito.
996 1094 1224 1160 Siquidem
1242 1094 1317 1141 hic
1334 1104 1403 1142 est
1421 1095 1542 1151 finis,
1565 1095 1622 1142 ob
1641 1112 1774 1159 quem

300 1173 520 1224 eiusmodi
560 1173 750 1221 divortia
792 1173 1114 1228 decernuntur,
1151 1181 1202 1221 ut
1233 1171 1312 1236 qui
1346 1171 1584 1219 divortium
1620 1171 1775 1219 fecerit

300 1251 346 1298 in
373 1250 487 1298 facie
519 1249 631 1313 legis
648 1287 659 1306 ,
698 1266 860 1297 novum
896 1247 1040 1313 possit
1069 1247 1330 1296 contrahere
1364 1247 1711 1295 matrimonium.

395 1326 556 1374 Tertio.
592 1326 749 1374 Verum
783 1342 872 1373 non
909 1325 1005 1372 sola
1037 1323 1293 1390 polygamia
1321 1323 1471 1388 aliquo
1506 1340 1640 1376 sensu
1674 1341 1777 1372 suc-

300 1402 493 1458 cessiva,
521 1419 601 1448 seu
624 1411 725 1467 post
747 1401 888 1465 legale
920 1400 1159 1449 divortium
1192 1417 1327 1465 penes
1363 1409 1659 1464 protestantes
1693 1400 1774 1448 ob-

300 1478 433 1534 tinet,
473 1478 553 1525 sed
593 1478 693 1543 ipsa
726 1477 980 1543 polygamia
1014 1476 1279 1524 simultanea
1312 1494 1402 1524 non
1437 1486 1505 1524 est
1538 1476 1769 1533 inaudita,

301 1553 344 1601 vi
360 1553 488 1601 cuius
507 1571 624 1602 unus
648 1553 857 1618 idemque
880 1553 1036 1601 eodem
1061 1563 1256 1616 tempore
1278 1552 1390 1599 duas
1406 1589 1416 1609 ,
1438 1561 1514 1599 aut
1530 1562 1620 1599 tres
1639 1552 1774 1599 etiam

300 1628 463 1677 habeat
478 1647 655 1677 uxores.
678 1629 742 1676 Ex
760 1647 849 1694 quo
867 1624 986 1676 enim
1004 1629 1192 1676 facultas
1216 1629 1319 1676 data
1343 1638 1411 1677 est
1429 1627 1636 1693 Philippo
1658 1629 1772 1676 duas

300 1706 519 1762 retinendi
546 1723 726 1764 uxores,
757 1706 841 1754 hoc
868 1706 1119 1770 exemplum
1143 1706 1189 1752 in
1213 1705 1326 1753 alios
1350 1705 1646 1770 perniciosam
1670 1723 1773 1770 pra-

298 1799 380 1829 vae
413 1781 674 1830 imitationis
707 1783 913 1830 virtutem
937 1782 1093 1830 habuit
1110 1821 1120 1838 ,
1149 1783 1260 1830 adeo
1294 1793 1343 1829 ut
1375 1783 1504 1847 plura
1537 1792 1773 1830 occurrant

299 1858 411 1906 facta
434 1858 480 1904 in
506 1859 817 1923 protestantica
847 1858 1037 1907 historia
1059 1860 1176 1921 (31).
1206 1859 1327 1906 Haec
1353 1859 1535 1923 quidem
1571 1859 1771 1906 inaudita

397 2005 462 2044 (29)
484 2004 536 2037 Cf.
553 2005 724 2045 Avogadro
740 2014 792 2045 opt
810 2005 867 2037 cit.
887 2007 1008 2037 Teoria
1031 2005 1090 2037 del
1111 2007 1333 2037 matrimonio
1348 2007 1429 2037 tom.
1446 2007 1470 2036 l.
1487 2015 1559 2047 cap.
1574 2007 1659 2037 XVI.

396 2057 462 2098 (3ο)
483 2057 650 2089 Diximus:
668 2060 738 2090 Lex
755 2058 923 2090 hactenus
945 2060 1078 2098 viyuic,·
1092 2067 1166 2089 nam
1194 2067 1303 2090 mense
1330 2059 1416 2090 lunii
1438 2067 1490 2090 an.
1510 2061 1595 2091 1857,
1615 2059 1688 2098 post
1702 2059 1769 2090 lon·

299 2117 372 2149 gam
398 2108 631 2141 discussionem
645 2109 818 2150 variasque
833 2110 1014 2150 propositas
1028 2109 1268 2142 emendationes
1282 2111 1465 2151 propositae
1477 2111 1558 2151 legis
1572 2110 1613 2143 de
1627 2110 1770 2142 divortio

298 2162 430 2202 propter
454 2161 650 2193 adulterium
663 2186 671 2201 ,
695 2162 826 2194 demum
855 2163 1000 2196 clausula
1015 2162 1048 2194 in
1065 2163 1206 2194 comitiis
1228 2163 1473 2204 superioribus(
1488 2172 1543 2195 seu
1559 2172 1644 2204 quae
1657 2163 1771 2196 dicunt

292 2213 421 2255 Lords)
443 2215 577 2255 probata
598 2215 679 2255 fuit,
705 2224 770 2255 qua
785 2215 939 2247 statuitur
960 2215 1136 2247 divortium
1153 2217 1284 2257 propter
1303 2215 1500 2248 adulterium
1515 2217 1560 2248 ita
1573 2216 1643 2248 fieri
1658 2225 1769 2257 posse,

296 2267 343 2306 ut,
364 2267 470 2299 soluto
493 2268 661 2308 coniugio,
691 2270 826 2309 uterque
850 2268 967 2300 coniux
992 2269 1093 2308 possit
1114 2269 1195 2300 alias
1221 2269 1351 2310 nuptias
1372 2268 1551 2308 celebrare,
1578 2271 1612 2300 et
1636 2268 1769 2309 quidem

299 2319 383 2351 inter
398 2319 580 2352 adulterum
599 2321 632 2352 et
652 2319 843 2352 adulteram.
862 2321 912 2352 Cf.
930 2322 1074 2353 Univers
1098 2326 1144 2353 12.
1161 2321 1236 2353 Juin
1254 2324 1343 2355 1857.
1360 2320 1512 2354 Nondum
1530 2323 1638 2352 tamen
1656 2321 1703 2352 lex
1721 2322 1769 2352 est

294 2372 429 2404 sancita.
456 2372 741 2405 Animadversione
762 2374 869 2405 autem
892 2374 1026 2414 dignum
1054 2375 1118 2414 est,
1147 2375 1259 2406 eodem
1282 2376 1446 2416 tempore,
1477 2384 1542 2415 quo
1565 2375 1599 2405 in
1628 2374 1769 2406 comitiis

296 2424 552 2458 berolinensibus
568 2426 722 2466 agebatur
731 2426 771 2458 de
781 2427 984 2458 coarctandis
999 2428 1106 2460 causis
1116 2427 1262 2467 divortii,
1272 2428 1305 2459 in
1314 2427 1455 2460 comitiis
1464 2427 1651 2459 britannicis
1660 2428 1768 2459 actum

292 2477 324 2509 su
331 2478 392 2509 erit
405 2477 446 2509 de
459 2477 512 2510 via
528 2477 665 2510 faciliori
679 2479 851 2510 sternenda
864 2478 1025 2510 divortiis.

393 2530 458 2570 (31)
480 2531 564 2562 Satis
588 2531 660 2563 heic
685 2532 727 2563 sit
751 2531 868 2563 referre
893 2531 1077 2572 exemplum
1094 2532 1312 2573 polygamiae,
1330 2532 1419 2573 quod
1446 2541 1518 2570 rex,
1543 2532 1767 2573 evanqelicus

295 2576 367 2611 κατ’
394 2578 529 2625 ἒξῡχήν,
553 2584 665 2625 paucis
682 2584 722 2616 ab
738 2585 813 2616 hinc
826 2585 919 2616 annis
931 2583 1054 2615 mundo
1067 2583 1226 2624 praebuit.
1241 2586 1355 2624 ltaque
1372 2584 1495 2616 Frider.
1514 2584 1707 2616 Guilielmus
1720 2586 1763 2617 11.

296 2634 463 2666 Borussiae
483 2643 538 2667 rex
563 2637 652 2677 prius
668 2636 851 2677 repudiavit
867 2644 999 2668 uxorem
1013 2644 1104 2667 suam
1118 2635 1335 2667 Elisabetham
1347 2636 1633 2668 Brunswiciensem
1643 2661 1653 2676 ,
1670 2637 1766 2668 suffe-

294 2685 403 2725 citque
415 2686 484 2718 eius
499 2688 570 2720 loco
585 2688 695 2728 aliam,
709 2689 832 2721 scilicet
845 2689 945 2721 tiliam
956 2688 1107 2730 principis
1117 2688 1260 2720 Hassiae.
1270 2688 1393 2721 Deinde
1405 2689 1483 2729 quin
1497 2689 1581 2721 hanc
1590 2688 1765 2721 secundam

297 2737 480 2778 repudiaret
500 2749 633 2772 uxorem
644 2765 654 2781 ,
681 2740 907 2782 superinduxit
928 2741 1171 2773 comitissimam
1191 2742 1302 2773 Woss.
1320 2743 1430 2782 Neque
1445 2742 1496 2773 his
1509 2742 1680 2774 contentus
1692 2765 1701 2782 ,
1718 2743 1763 2774 vi·

295 2790 387 2822 vente
402 2790 507 2822 adhuc
522 2792 627 2833 priore
642 2793 809 2834 repudiata
828 2794 964 2835 aliisque
987 2793 1129 2834 duabus,
1155 2794 1308 2826 voluisset
1333 2794 1429 2827 aliam
1457 2794 1588 2835 ducere,
1605 2793 1661 2828 sed
1676 2803 1763 2827 scru-
