1918 3186
184 205 273 236 cir.
293 204 350 236 ιν.
369 204 544 236 amun.
560 203 653 236 Λιιῦ.
671 202 722 234 ns
740 201 831 236 ιιιΝ.
847 202 962 235 sicu.
977 203 1070 236 Αιιτ.
1085 202 1147 236 ιιι.
1164 202 1259 235 mo.
1274 202 1423 234 mcor..
1489 187 1579 233 125

122 281 384 329 testantibus
408 281 628 328 obiectum
646 279 728 326 suit
744 295 831 326 non
849 279 980 327 modo
1003 280 1121 328 circa
1143 289 1465 328 sacramentum
1487 295 1582 326 ma-

121 358 311 405 trimonii
329 395 338 414 ‚
362 357 441 405 sed
459 357 575 404 circa
593 354 972 421 sacramentaalia
996 372 1109 419 pene
1129 354 1297 410 omnia,
1318 364 1362 402 et
1376 371 1404 402 a
1419 354 1582 402 nostris

121 432 251 497 plane
274 432 480 480 solutum.
504 430 731 479 Eiusmodi
754 429 1078 478 controversiae
1111 430 1380 477 domesticae
1404 440 1510 477 sunt
1530 447 1583 477 ac

122 507 386 556 theoreticae
400 545 411 564 ,
437 524 553 572 quae
577 505 699 553 nulla
723 506 891 554 ratione
908 505 955 552 in
973 505 1034 552 rei
1054 506 1245 552 influunt
1266 505 1578 553 substantiam.

121 583 249 631 Addo
282 600 384 631 vero
417 583 532 630 hanc
566 581 883 630 sententiarum
916 580 1170 629 varietatem
1193 579 1337 644 magis
1359 580 1416 628 de
1436 581 1585 629 verbis

120 676 222 707 esse
254 675 389 723 quam
421 658 478 705 de
512 675 559 705 re
580 659 695 720 (34).

217 735 312 781 Non
358 751 504 782 moror
547 751 662 798 quae
707 732 824 780 idem
866 743 1020 780 auctor
1062 731 1224 780 asserit
1255 731 1306 779 de
1344 733 1587 780 iunioribus

123 809 346 873 ffleoloqis,
374 811 452 874 qui
479 811 774 874 confinxerunt
806 809 974 856 civilem
1005 808 1114 855 hunc
1151 808 1461 873 humanumque
1495 827 1588 856 con·

124 895 307 932 tractum
334 886 501 932 Christi
523 895 563 932 et
585 885 783 932 ecclesiae
816 901 902 931 esse
934 893 1275 939 sacramentum,·
1303 900 1447 949 neque
1467 884 1586 931 enim

123 959 207 1007 hoc
250 960 446 1008 iuniores
490 961 742 1008 confinxere
783 959 1001 1022 theologi,
1039 959 1118 1007 sed
1152 958 1269 1022 iugis
1302 969 1346 1006 et
1378 968 1586 1007 constans

123 1036 335 1084 ecclesiae
351 1037 554 1086 doctrina
572 1037 682 1085 haec
699 1047 782 1093 est,
798 1054 933 1101 quam
952 1035 1341 1101 ipsaabApostolo
1353 1035 1518 1100 Ephes.
1531 1036 1583 1081 V.

122 1111 300 1169 didicit,
338 1111 666 1176 declaravitque
697 1128 820 1159 conc.
844 1111 1128 1159 tridentinum
1152 1110 1224 1158 his
1248 1110 1380 1175 plane
1412 1109 1582 1158 verbis:

126 1187 358 1235 «Gratiam
380 1204 485 1236 vero
502 1225 513 1245 ‚
541 1205 655 1253 quae
679 1187 922 1235 naturalem
946 1187 1070 1235 illum
1095 1204 1287 1236 amorem
1315 1189 1330 1249 (
1349 1187 1462 1234 inter
1484 1203 1589 1234 con-

122 1263 281 1326 iuges)
319 1264 575 1329 perficeret,
602 1275 646 1312 et
667 1263 1021 1312 indissolubilem
1042 1263 1254 1311 unitatem
1278 1264 1585 1319 confirmaret,

122 1339 426 1404 coniugesque
459 1340 782 1397 sanctificaret,
811 1340 909 1404 ipse
930 1339 1135 1388 Christus
1167 1338 1485 1387 venerabilium
1517 1355 1591 1386 sa·-

123 1425 445 1461 cramentorum
478 1414 702 1463 institutor
724 1425 858 1479 atque
880 1414 1098 1479 perfector
1121 1431 1204 1462 sua
1227 1413 1356 1462 nobis
1379 1412 1590 1478 passione

125 1490 392 1554 promeruit.
416 1528 425 1536 .
449 1528 458 1536 .
481 1528 490 1536 .
509 1490 619 1537 Cum
641 1490 776 1554 igitur
797 1490 1124 1538 matrimonium
1148 1490 1194 1536 in
1217 1489 1314 1554 lege
1336 1488 1589 1553 evangelica

122 1565 342 1614 veteribus
361 1566 595 1614 connubiis
614 1584 693 1631 per
710 1566 934 1615 Christum
952 1567 1090 1630 gratia
1114 1575 1307 1630 praestet
1323 1576 1406 1614 etc.
1433 1567 1529 1628 (35)
1541 1603 1549 1612 .
1561 1585 1585 1610 »ι

122 1641 239 1704 Ergo
272 1641 356 1689 hoc
388 1641 487 1706 ipso
520 1643 640 1707 quod
674 1642 876 1690 Christus
909 1642 1186 1691 matrimonio
1218 1641 1461 1690 christiano
1494 1659 1593 1705 gra-

123 1717 229 1764 tiam
245 1716 472 1766 'adiecerit
487 1757 497 1777 ,
526 1737 617 1785 qua
638 1719 848 1767 destituta
875 1718 1166 1767 hebraeorum
1189 1728 1316 1766 erant
1338 1717 1586 1774 connubia,

123 1792 348 1858 multoque
380 1811 484 1842 vero
516 1795 660 1859 magis
683 1794 903 1843 connubia
925 1794 1201 1843 ethnicorum
1217 1830 1227 1850 ,
1255 1810 1309 1840 ex
1331 1792 1523 1840 naturali
1546 1804 1590 1841 et

126 1869 308 1931 profano
332 1887 507 1918 sacrum
530 1871 743 1928 reddidit,
766 1882 899 1936 atque
921 1872 978 1919 ad
1002 1888 1129 1919 suam
1152 1886 1253 1919 cum
1276 1869 1465 1918 ecclesia
1485 1886 1592 1917 con-

126 1943 392 1991 iunctionem
416 1946 690 1994 referendam
713 1945 948 1995 ordinavit.

222 2019 286 2065 Ex
310 2019 380 2067 his
404 2023 636 2085 responsio
660 2022 790 2087 pleno
814 2022 938 2072 alveo
961 2023 1061 2071 fluit
1083 2022 1140 2069 ad
1158 2038 1233 2077 ea,
1256 2038 1371 2085 quae
1388 2019 1588 2077 subiicit,

125 2111 206 2142 seu
239 2095 386 2158 potius
420 2095 609 2144 diversis
642 2098 789 2146 verbis
823 2098 982 2163 repetit
1014 2098 1163 2145 Canus
1191 2099 1312 2161 (quo
1346 2096 1395 2144 fit
1426 2106 1476 2144 ut
1508 2113 1590 2144 nos

126 2170 297 2218 taedeat
328 2171 482 2218 eadem
517 2171 789 2235 ingeminare
810 2212 821 2231 ,
857 2192 1010 2222 verum
1044 2174 1101 2221 ad
1135 2173 1220 2221 hoc
1251 2172 1323 2221 vel
1357 2172 1481 2220 inviti
1515 2189 1591 2220 co-

125 2246 321 2309 gimur),
343 2258 484 2311 patet,
517 2249 723 2313 inquam,
752 2250 981 2314 responsio
1005 2249 1061 2297 ad
1085 2266 1153 2306 ea,
1188 2266 1304 2314 quae
1331 2248 1513 2296 subiicit
1533 2249 1590 2297 de

127 2322 267 2371 forma
285 2340 336 2371 ac
354 2325 537 2372 materia
561 2325 745 2389 profana
768 2325 1049 2390 naturalique
1066 2326 1111 2372 in
1130 2336 1405 2372 sacramento
1418 2363 1428 2381 ,
1456 2342 1591 2389 quae-

128 2416 215 2462 que
238 2410 280 2447 et
303 2400 349 2446 in
372 2399 647 2448 ethnicorum
683 2401 869 2449 naturali
903 2401 1111 2467 civilique
1144 2411 1368 2449 contractu
1402 2401 1592 2465 reperie-

127 2474 268 2521 batur.
298 2476 440 2523 Eccur
469 2476 584 2523 enim
610 2494 698 2525 non
724 2477 1030 2525 animadvertit
1062 2476 1328 2526 conditionis
1362 2475 1592 2523 diversita-

130 2560 239 2608 tem,
286 2569 402 2617 quae
434 2552 670 2601 intercedit
710 2553 823 2602 inter
861 2553 1061 2602 ethnicos
1100 2563 1146 2602 et
1182 2551 1480 2601 christianos?
1521 2551 1590 2599 Illi

173 2694 287 2777 11384)
307 2696 359 2728 Gr.
375 2696 562 2730 Belial-min.
577 2700 630 2731 De
642 2701 797 2732 matrim.
814 2699 869 2731 lib.
883 2701 908 2731 1.
924 2707 995 2740 cap.
1012 2698 1084 2732 ΧΠ.
1097 2698 1153 2731 ubi
1166 2699 1248 2732 hanc
1264 2698 1367 2741 ipsam
1388 2698 1486 2732 solvit
1509 2698 1592 2732 diffi-

130 2754 169 2776 tu
252 2754 295 2777 m.

226 2798 291 2838 (35)
313 2800 394 2832 Sess.
414 2802 525 2833 xxw.
542 2810 614 2842 cap.
631 2803 672 2833 1.Α
