1912 3180
319 187 409 234 394
594 199 679 232 un.
697 201 726 230 1.
755 174 878 230 secr.
898 197 1068 230 11111111.
1091 196 1143 231 m:
1167 199 1340 232 1111111111.
1369 199 1509 233 civm.

317 290 427 327 stas.
452 280 495 324 2.
520 275 784 332 Qualitatem
817 275 1070 339 religiosam
1104 277 1351 324 accessisse
1384 280 1626 326 contractui
1661 281 1781 328 civili

321 352 600 401 matrimoniiv
622 351 709 397 iam
735 351 781 397 in
812 368 894 399 suo
927 369 1027 399 esse
1060 353 1301 399 constituti.
1333 355 1377 399 3.
1401 353 1625 401 Christum
1661 356 1784 404 nullo

317 428 447 476 modo
481 427 712 492 quidpiam
747 426 944 475 voluisse
977 428 1209 476 detrahere
1244 430 1448 493 potestati
1491 447 1624 495 quam
1658 432 1782 496 prin-

314 502 693 568 cipesinfideles,
721 513 801 549 aut
825 503 1035 550 haeretici
1062 503 1310 560 habebant,
1340 515 1416 552 aut
1436 505 1591 553 adhuc
1618 506 1784 554 habent

316 579 361 624 in
379 588 653 625 contractum
671 578 844 626 civilem
858 578 1136 642 nuptiarum,
1164 595 1294 626 secus
1313 596 1366 626 ac
1382 579 1620 628 contendat
1636 598 1783 629 sacer-

314 653 480 701 dotium
506 653 813 701 christianum.
842 655 884 699 4.
902 653 1200 700 Christianam
1225 654 1498 717 religionem,
1521 672 1622 702 cum
1646 657 1782 704 intro-

313 729 416 776 duci
427 729 588 793 coepit,
603 729 692 776 iam
710 729 936 776 invenisse
952 728 1072 791 leges
1091 727 1243 776 civiles
1261 729 1380 777 circa
1397 731 1605 794 coniugia
1618 732 1782 796 quihus

315 806 604 854 sedsubiecit.
642 809 687 853 ὃ.
725 805 1064 853 Matrimonium
1082 805 1288 852 virtutem
1321 824 1452 854 suam
1484 807 1648 854 hahere
1684 808 1783 856 sine

313 881 405 939 ulls>
431 881 544 939 ritu,
575 900 656 930 seu
682 881 1014 930 consecratione
1046 880 1278 945 religiosa;
1316 900 1459 948 neque
1493 883 1782 931 tridentinum

314 959 415 1006 cuin
445 975 527 1007 suo
555 974 724 1006 canone
745 957 791 1004 id
813 960 1000 1021 negasse
1018 995 1029 1014 ,
1057 974 1157 1005 cum
1179 958 1277 1006 sine
1294 958 1514 1022 ‘religioso
1537 960 1624 1006 ritu
1641 959 1783 1007 solam

314 1034 514 1099 parochi·
532 1033 804 1082 materialem
839 1033 1136 1098 praesentiam
1165 1034 1369 1082 sufficere
1396 1035 1604 1083 decrevit.
1629 1037 1675 1082 6.
1698 1036 1783 1094 {m—

313 1109 591 1173 probandum
618 1098 727 1156 eum
764 1108 945 1173 quidem
980 1126 1106 1166 esse,
1133 1110 1209 1174 qui
1227 1110 1479 1174 ‘negligeret
1512 1110 1646 1158 ritum
1681 1110 1782 1157 reli-

311 1186 486 1248 giosum
507 1222 517 1241 ,
555 1202 643 1232 non
678 1195 826 1232 tamen
844 1185 901 1232 ad
919 1185 1046 1232 illum
1063 1202 1165 1233 esse
1182 1186 1454 1249 cogendum,
1485 1203 1587 1234 cum
1615 1186 1662 1232 id
1691 1203 1780 1234 non

313 1262 424 1309 ferat
456 1261 629 1309 indoles
652 1261 947 1325 legislationis
961 1261 1268 1319 2liberalis'‚'ac
1290 1262 1535 1326 religionis,
1564 1279 1680 1327 quae
1703 1262 1780 1309 ab-

311 1337 460 1384 horret
483 1336 540 1384 ab
562 1337 682 1385 omni
707 1348 887 1384 externa
903 1338 1144 1385 coactione.
1171 1339 1216 1384 7.
1237 1338 1395 1401 Legem
1419 1338 1476 1384 de
1499 1338 1783 1385 matrimonio

311 1412 430 1461 civili
466 1412 713 1476 theologice
746 1424 992 1478 spectatam
1025 1413 1244 1462 immerito
1272 1413 1361 1461 dici
1390 1413 1750 1461 anticatholicam
1765 1451 1778 1468 ,

309 1494 500 1554 utpote‚.³
525 1494 642 1554 quae
685 1506 773 1536 non
791 1495 794 1497 ’
812 1489 1008 1552 dogmati
1053 1489 1131 1536 sed
1174 1488 1440 1553 disciplinae
1481 1489 1776 1544 adversetur;

313 1566 358 1611 8.
381 1565 516 1612 immo
539 1582 644 1612 vero
675 1582 774 1612 eam
802 1564 1066 1627 theologicis
1098 1565 1370 1627 argumentis
1400 1564 1701 1629 comprobari,
1730 1581 1784 1612 ac

309 1640 451 1688 Deum
481 1640 567 1704 legi
593 1641 755 1688 favere.
791 1641 883 1687 Iam
918 1640 1095 1704 singula
1128 1640 1448 1705 expendamus.

406 1717 467 1764 Ac
497 1718 533 1763 Ι.
557 1717 703 1764 Prima
732 1707 920 1764 assertio
950 1716 1063 1764 salsa
1086 1727 1130 1764 et
1154 1716 1348 1764 absurda
1383 1727 1475 1772 est;
1516 1733 1617 1763 nam
1653 1734 1782 1763 num-

311 1809 446 1857 quam
475 1802 519 1840 et
543 1793 751 1857 nuspiam
777 1792 982 1840 Christus
1010 1793 1226 1840 Dominus
1256 1792 1510 1840 societatem
1530 1810 1557 1839 a
1573 1792 1782 1840 societate

310 1868 527 1925 seiunxit,
556 1879 632 1916 aut
663 1869 897 1933 separavit.
931 1868 1162 1933 Siquidem
1198 1869 1297 1934 ipse
1330 1886 1448 1916 unus
1476 1885 1528 1916 ac
1557 1868 1680 1916 solus
1715 1878 1784 1915 est

310 1950 385 1993 rex
417 1944 651 1992 universae
679 1955 824 1992 terrae
850 1946 971 2007 (75);
992 1945 1093 2008 ipse
1115 1955 1200 2001 est,
1228 1944 1299 1992 cui
1327 1944 1451 1991 dedit
1472 1945 1593 1992 Deus
1626 1961 1782 1991 omnes

309 2030 463 2083 gentes
491 2020 538 2067 in
562 2020 879 2068 haereditatem
908 2036 1035 2068 suam
1054 2057 1064 2077 ,
1093 2037 1145 2067 ac
1168 2020 1498 2084 possessionem
1534 2028 1673 2067 suam‘
1697 2030 1784 2066 ter-

309 2095 620 2154 minosterrae
642 2098 759 2159 (76),
788 2096 919 2161 eique
952 2096 1056 2144 data
1088 2107 1157 2144 est
1188 2096 1333 2143 omnis
1369 2106 1566 2160 potestas
1590 2096 1635 2142 in
1659 2095 1783 2143 caelo

308 2173 568 2220 eti'nfter'ra
588 2174 706 2235 (77).
725 2174 828 2237 lpse
853 2172 1004 2237 itaque
1028 2189 1285 2237 supremum
1308 2183 1442 2237 caput
1459 2183 1528 2219 est
1549 2173 1783 2236 utriusque

309 2249 532 2296 societatis
558 2248 790 2312 religiosae
815 2266 867 2295 ac
891 2248 1111 2313 politicae.
1139 2248 1350 2304 Quamvis
1373 2264 1478 2295 vero
1501 2264 1582 2311 pro
1605 2248 1782 2295 diverso

308 2342 453 2390 rerum
477 2325 655 2382 ordine,
684 2325 861 2373 diverso
885 2325 973 2372 fine
990 2361 1000 2381 ,
1028 2325 1308 2389 diversisque
1328 2323 1565 2389 praesidiis
1580 2361 1590 2379 ‚
1615 2322 1779 2388 quibus

308 2401 510 2465 homines
535 2407 747 2465 reguntur
764 2439 773 2456 ,
801 2400 1020 2448 dimiserit
1048 2400 1253 2464 potestati
1279 2399 1426 2456 civili,
1447 2415 1564 2463 quae
1582 2408 1783 2463 spectant

308 2477 472 2525 directe
505 2495 558 2525 ac
583 2477 802 2543 primario
835 2476 892 2524 ad
929 2476 1182 2524 felicitatem
1216 2475 1502 2540 temporalem
1526 2475 1780 2539 ,potestati

307 2569 410 2600 vero
443 2554 777 2602 ecclesiasticae.
804 2570 887 2601 seu
903 2571 906 2575 ·
920 2552 1154 2615 religiosae
1178 2570 1292 2617 quae
1316 2562 1519 2617 spectant
1540 2551 1705 2598 directe
1728 2567 1782 2598 ac

403 2701 469 2741 (75)
492 2704 542 2734 PS.
557 2705 668 2735 XLVI.
686 2708 716 2736 8.

408 2754 473 2792 (76)
497 2756 548 2786 Ps.
567 2757 609 2786 n.
627 2760 657 2787 8.

405 2806 469 2844 (77)
491 2807 604 2838 Matth.
623 2809 768 2840 xxvm.
790 2814 835 2839 18.
