1918 3186
243 230 333 262 uir.
356 230 398 261 v.
422 230 474 261 m:
497 229 654 262 mmsr.
677 228 884 260 commu.
913 229 1006 260 Aur.
1034 229 1081 260 11.
1106 227 1200 260 Ano.
1223 226 1456 259 rnADmoN.
1530 211 1620 258 153

243 308 462 356 Omnibus
499 308 648 372 itaque
691 307 926 372 perpensis
969 307 1248 372 antiquitatis
1286 303 1622 354 ‘ecclesiasticae

145 385 445 441 documentis,
484 384 655 449 liquido
691 393 889 439 constat,
929 383 1048 448 quod
1083 383 1425 448 proposuimus,
1462 399 1622 447 nempe

146 472 293 526 patres
312 499 322 518 ,
355 461 568 517 concilia,
601 459 864 523 euchologia
889 470 933 507 et
960 459 1137 507 ritualia
1170 460 1216 506 in
1253 459 1299 506 id
1333 459 1619 523 conspirare,

143 550 194 586 ut
228 538 358 586 nobis
395 537 634 586 exhibeant
671 538 797 601 ipsos
833 554 1022 602 sponsos
1058 555 1136 601 per
1169 547 1341 594 actum,
1375 554 1465 602 quo
1492 553 1623 584 suum

143 615 395 680 exprimunt
427 631 711 670 consensum,
741 615 954 679 perficere
976 624 1317 662 sacramentum.
1351 611 1627 662 Benedictio·

144 708 244 737 nem
265 707 386 746 vero,
420 708 554 755 quam
581 690 681 754 ipsa
710 690 819 738 haec
842 690 1107 738 documenta
1125 690 1461 747 commendant,
1491 706 1625 755 quam

143 766 235 832 peti
254 804 264 823 ‚
297 784 431 831 quam
453 767 626 832 quaeri,
649 778 692 814 et
709 785 736 814 a
755 767 984 815 sacerdote
1003 767 1136 832 recipi
1156 767 1396 822 inculcant,
1419 783 1507 814 non
1525 782 1626 814 esse

145 842 234 890 nisi
268 843 661 890 solemni-sationem
695 845 987 898 matrimonii,
1020 853 1070 890 ut
1096 843 1293 908 loquitur
1326 843 1541 890 Martinus
1569 843 1620 890 V.

143 919 189 965 in
224 919 413 967 concilio
448 921 797 976 constantiensi,
836 929 913 967 aut
952 919 1275 975 conditionem,
1321 937 1411 984 qua
1445 916 1626 984 nuptiae

143 995 416 1043 christianae
450 997 532 1043 rite
566 1014 618 1043 ac
652 996 847 1059 legitime
881 996 1005 1043 fiant.
1039 995 1159 1042 Nihil
1194 995 1328 1059 igitur
1352 995 1624 1061 exploratum

141 1072 284 1135 magis
312 1082 355 1119 et
379 1083 579 1136 apertum
604 1090 655 1119 ex
682 1090 818 1119 sensu
845 1082 889 1119 et
918 1072 1077 1135 agendi
1105 1072 1273 1119 ratione
1300 1071 1521 1119 ecclesiae*
1539 1071 1626 1119 h'ac

144 1148 189 1194 in
225 1166 271 1195 re
306 1149 609 1214 quaerendum
645 1165 745 1195 esse
775 1148 965 1196 videtur.

240 1225 286 1271 Si
315 1243 405 1290 qua
435 1225 623 1291 proinde
652 1235 887 1272 occurrant
913 1225 1193 1282 documenta,
1214 1225 1261 1271 in
1288 1224 1453 1289 quibus
1490 1224 1627 1271 inter-

144 1301 450 1349 dumdicitur
482 1301 753 1349 sacerdotem
784 1301 1095 1348 administrare
1124 1299 1454 1348 matrimonium
1477 1311 1527 1348 ut
1555 1318 1628 1348 sa-

143 1388 368 1425 cramenta
397 1378 592 1442 reliqua,
621 1395 737 1442 quae
765 1377 1037 1425 sacerdotem
1064 1388 1224 1424 vocant
1249 1377 1502 1424 ministrum
1532 1395 1627 1424 ma-

147 1454 341 1501 trimonii
355 1493 365 1510 ,
387 1454 499 1502 haec
525 1454 612 1501 lato
636 1464 769 1518 atque
790 1454 1036 1518 improprio
1060 1471 1197 1501 sensu
1214 1451 1619 1518 accipienda'sunt.

143 1529 268 1577 Talia
295 1530 467 1577 censeri
503 1529 690 1585 debent,
729 1546 845 1594 quae
877 1529 1127 1592 allegantur
1159 1547 1213 1576 ex
1246 1529 1472 1576 Clemente
1503 1530 1620 1575 VIII.

143 1605 250 1652 dum
284 1605 528 1653 carmelitis
562 1605 826 1653 excalceatis
860 1606 1143 1671 privilegium
1174 1606 1356 1663 confert,
1386 1605 1492 1652 dum
1521 1606 1627 1653 mis-

144 1682 292 1730 siones
328 1687 465 1746 agunt
492 1682 612 1747 apud
649 1694 821 1730 exteras
850 1683 1054 1747 regiones
1081 1702 1103 1727 «
1124 1700 1175 1730 ac
1203 1683 1250 1728 in
1278 1682 1369 1730 illis
1396 1681 1626 1747 partibus,

143 1757 222 1804 ubi
258 1758 442 1822 parochi
478 1776 567 1806 non
603 1759 792 1815 suerint,
830 1759 1067 1824 baptismi,
1107 1759 1431 1815 eucharistiae,
1470 1758 1627 1823 poeni-

141 1834 327 1891 tentiae,
350 1837 633 1890 matrimonii,
653 1846 872 1883 extremae
893 1836 1119 1884 unctionis
1138 1874 1146 1892 ‚
1178 1845 1455 1883 sacramenta
1472 1873 1481 1891 ,
1511 1852 1626 1900 quae

140 1909 339 1975 alioquin
369 1911 552 1975 parochi
581 1912 829 1958 ministrare
857 1913 992 1959 solent
1015 1922 1055 1958 et
1071 1922 1274 1976 possunt,
1296 1911 1392 1958 vice
1410 1910 1628 1975 parocho-

141 2003 242 2032 rum
271 1988 520 2034 ministrare
543 1990 693 2050 (30).»
717 1988 842 2036 Talia
863 2004 979 2054 quae
1006 1988 1139 2035 habet
1162 1988 1326 2035 Paulus
1343 1989 1393 2034 V.
1413 1988 1460 2033 in
1478 1987 1624 2035 rituali

144 2079 350 2110 romano:
384 2063 625 2111 «Ceterum
660 2064 837 2112 illorum
873 2075 1248 2113 sacramentorum
1270 2102 1281 2120 ,
1320 2081 1509 2129 quorum
1543 2064 1625 2111 acl-

140 2140 402 2186 ministratio
424 2139 482 2186 ad
506 2141 725 2204 parochos
752 2142 1105 2206 pertinet‚'ritus
1129 2142 1215 2188 hoc
1243 2158 1376 2206 opere
1402 2141 1624 2205 praescri-

142 2215 340 2273 buntur,
379 2216 631 2264 cuiusmodi
666 2228 769 2264 sunt
801 2218 1082 2282 baptismus,
1122 2218 1420 2283 poenitentia,
1459 2217 1626 2265 eucha-

142 2291 291 2348 ristia,
331 2302 523 2339 estrema
551 2293 726 2350 unctio,
758 2303 804 2340 et
828 2295 1150 2340 matrimonium
1170 2296 1321 2356 (31).»
1338 2295 1472 2350 Item,
1507 2292 1622 2359 quae

140 2367 349 2431 leguntur
382 2369 428 2415 in
460 2369 609 2416 rituali
646 2369 998 2426 mediolanensi,
1033 2369 1151 2434 quod
1191 2369 1385 2417 habetur
1412 2379 1526 2434 part.
1549 2370 1620 2415 lv.

141 2520 193 2552 vel
219 2520 321 2553 invite
346 2521 387 2553 ab
410 2522 489 2563 ipsis
510 2522 691 2555 contrariae
715 2522 893 2556 sententiae
912 2524 1056 2564 patronis
1078 2523 1207 2555 admitti
1222 2523 1336 2563 debet,
1351 2523 1431 2565 quin
1445 2523 1548 2556 velint
1562 2523 1624 2556 sibi

141 2573 264 2614 eripere
277 2574 437 2615 potiorem
449 2576 534 2607 hanc
548 2575 784 2617 probationem,
798 2577 853 2608 cui
866 2576 1007 2608 maxime
1020 2576 1185 2608 insistunt.
1193 2575 1287 2609 Adde
1295 2576 1386 2608 illam
1400 2576 1562 2617 privatam
1575 2576 1629 2609 be-

142 2625 359 2660 nedictionem
377 2628 419 2660 de
434 2637 501 2669 qua
515 2628 712 2662 mentionem
733 2629 844 2661 iniecit
865 2629 1043 2661 Mai-tentus
1064 2629 1127 2661 loc.
1142 2629 1198 2661 cit.
1214 2637 1274 2661 nec
1287 2637 1414 2669 semper
1427 2637 1490 2662 nec
1502 2628 1627 2670 ubique

142 2678 301 2719 viguisse,
316 2680 506 2721 praesertim
519 2682 605 2723 apud
621 2682 811 2721 orientales,
827 2681 974 2722 alioquin
985 2681 1207 2714 Remudotius
1218 2690 1284 2714 non
1299 2682 1462 2715 omisisset
1476 2681 1519 2715 ad
1535 2682 1628 2716 illam

142 2730 314 2771 confugere
333 2734 371 2765 ut
384 2742 476 2766 suain
490 2734 684 2767 sententiam
700 2736 855 2768 tueretur.

237 2783 304 2823 (30)
325 2785 422 2826 Apud
434 2785 592 2819 Thomam
606 2796 626 2818 a
642 2789 714 2819 lesu
732 2796 803 2827 pag.
819 2789 891 2820 844.
908 2796 947 2818 ac
962 2789 1053 2827 urget
1071 2787 1183 2820 Blasco
1198 2796 1254 2828 op.
1269 2789 1303 2820 et
1319 2787 1383 2820 loc.
1399 2788 1457 2820 cit.

238 2836 303 2875 (31)
328 2838 366 2870 ln
387 2838 525 2877 praefat.
