1912 3180
312 195 401 227 CAP.
431 194 493 226 111.
522 195 572 226 DE
603 195 776 228 numu.
807 194 954 227 lelus
987 194 1107 227 LEGE.
1144 195 1237 227 ΛΚΤ.
1266 194 1323 227 lv.
1464 180 1551 227 327

89 274 256 321 stituat.
292 274 336 319 Si
373 273 558 338 proinde
595 272 760 337 aliquis
807 270 1007 335 nuptiale
1041 271 1198 320 foedus
1239 271 1366 320 civile
1408 272 1556 320 inierit

87 367 188 398 cum
217 349 367 414 aliquo
390 349 805 414 impedimentorum
828 348 1160 406 canonicorum,
1188 365 1305 414 quae
1327 349 1554 398 matrimo-

89 427 211 473 nium
244 426 485 482 dirimunt,
521 424 640 490 quod
677 434 831 488 postea
869 422 1068 486 detegat,
1106 425 1290 474 evidens
1323 435 1415 482 est,
1453 442 1555 473 eum

89 520 175 551 non
207 518 340 566 posse
369 502 414 547 in
448 500 667 549 celebrato
695 498 905 563 coniugio
934 517 1210 563 permanere,
1237 502 1371 549 etiam
1396 501 1482 550 hoc
1503 519 1557 551 ex

88 578 258 642 capite,
296 578 419 625 irrito
453 594 505 625 ac
540 576 676 625 nullo.
705 575 989 640 Magistratus
1012 591 1142 633 vero,
1170 578 1248 642 qui
1274 578 1331 625 ad
1356 595 1556 627 normam

87 654 199 718 legis
239 654 458 702 eiusmodi
495 653 860 719 impedimentum
899 651 1082 699 minime
1123 652 1352 710 admittit,
1399 654 1558 702 iterum

86 747 188 778 eum
221 740 347 794 coget
380 730 438 777 ad
473 729 631 777 initum
666 728 934 777 servandum
967 728 1224 791 coniugium
1255 740 1409 778 contra
1435 731 1558 779 eius-

85 808 187 855 dem
234 807 536 855 conscientiae
578 806 825 863 dictamen,
862 804 1062 870 adeoque
1103 805 1280 853 tandem
1326 809 1558 872 tyrannica

90 883 249 931 evadat
281 882 351 930 lex
385 899 568 930 necesse
600 892 668 929 est
702 898 806 945 erga
839 881 965 946 ipsos
999 880 1226 945 coniuges.

181 958 369 1005 Demum
397 958 436 1006 si
460 957 562 1022 quis
578 995 588 1014 ,
616 974 703 1005 non
728 955 909 1022 quidem
942 956 1036 1004 veri
1069 957 1338 1005 matrimonii
1372 958 1556 1006 ineundi

91 1050 250 1090 causa,
288 1034 368 1082 sed
404 1033 544 1082 solius
579 1033 794 1082 libertatis
837 1032 1166 1098 recuperandae
1196 1051 1346 1082 amore
1377 1045 1559 1084 conten-

90 1112 215 1160 deret
248 1127 298 1159 se
332 1110 390 1158 ab
423 1109 501 1158 illo
535 1110 639 1174 iugo
673 1109 956 1166 subtrahere,
985 1109 1070 1158 sub
1094 1127 1183 1175 quo
1205 1128 1232 1158 a
1255 1110 1351 1159 sola
1373 1111 1470 1175 lege
1493 1113 1557 1160 ci-

88 1188 166 1236 vili
201 1198 397 1243 tenetur,
436 1204 572 1252 quam
603 1187 687 1234 scit
715 1185 880 1234 nullius
915 1202 1015 1234 esse
1047 1185 1240 1244 valoris,
1277 1187 1384 1245 iste,
1420 1187 1558 1237 altera

86 1274 212 1329 parte
243 1263 471 1312 obnitente
487 1301 497 1320 ‚
537 1263 732 1327 profecto
765 1263 812 1309 id
846 1262 1024 1310 efficere
1056 1261 1179 1312 nullo
1212 1263 1344 1311 modo
1383 1275 1550 1328 posset.

85 1341 290 1390 Insolens
324 1351 471 1389 autem
507 1357 595 1388 non
629 1350 698 1388 est
731 1339 934 1387 homines
969 1340 1187 1404 reperire,
1231 1340 1309 1405 qui
1351 1356 1453 1388 cum
1486 1357 1559 1388 cu-

86 1417 291 1482 piditatis
330 1426 457 1464 aestu
492 1415 665 1480 abrepti
711 1415 1037 1463 inconsiderate
1080 1415 1475 1481 imprudenterque
1507 1433 1558 1464 se

88 1492 298 1556 coniugio
330 1490 634 1557 copulaverint
651 1530 661 1547 ‚
690 1502 791 1555 post
814 1490 997 1555 aliquod
1020 1502 1196 1556 tempus
1229 1492 1382 1556 inique
1416 1491 1559 1540 ferant

86 1568 286 1625 vincula,
319 1567 366 1615 in
395 1584 511 1632 quae
543 1584 593 1616 se
625 1567 873 1615 iniecerunt
892 1605 903 1624 ,
941 1578 1018 1615 aut
1050 1568 1157 1633 quia
1191 1569 1237 1615 in
1271 1568 1483 1632 coniuge,
1509 1579 1559 1615 ut

86 1644 219 1709 paulo
253 1655 356 1692 ante
389 1643 783 1692 animadvertimus
801 1681 811 1700 ‚
853 1643 1064 1707 detegunt
1097 1644 1297 1693 defectus
1330 1661 1383 1693 ac
1413 1644 1520 1692 vitia
1541 1683 1551 1701 ‚

86 1738 202 1786 quae
234 1720 359 1785 ipsos
393 1720 518 1784 prius
552 1719 775 1775 latebant;
814 1732 891 1768 aut
922 1721 1030 1786 quia
1063 1721 1296 1784 angustias
1330 1721 1394 1769 rei
1429 1721 1575 1768 fami-‘

87 1797 212 1844 liaris
244 1797 532 1861 experiuntur
565 1797 690 1861 prius
723 1797 1045 1862 incompertas;
1079 1808 1156 1844 aut
1187 1797 1276 1844 alia
1310 1796 1471 1861 quavis
1500 1797 1556 1843 de

90 1888 242 1918 causa.
272 1872 328 1918 At
348 1888 453 1919 vero
477 1871 776 1936 quamtumvis
816 1872 1005 1919 maxime
1032 1872 1172 1919 velint
1194 1890 1221 1919 a
1250 1872 1352 1919 ficto
1382 1872 1559 1920 vinculo

90 1964 191 1995 sese
214 1946 460 1995 dissolvere
483 1964 534 1994 ac
558 1948 604 1993 in
629 1946 874 1995 libertatem
898 1965 1096 1995 asserere
1112 1986 1122 2004 ,
1161 1959 1377 2011 coguntur
1412 1958 1557 1996 tamen

89 2022 214 2070 inviti
244 2021 330 2070 sub
363 2023 492 2086 iugo,
529 2023 650 2087 quod
684 2022 984 2079 detestantur,
1022 2023 1183 2086 degere
1205 2040 1259 2071 ac
1279 2024 1415 2071 vitam
1445 2024 1557 2071 infe-

88 2099 217 2146 licem
244 2098 423 2146 ducere.
455 2099 552 2155 Quo
577 2099 690 2146 nihil
716 2100 940 2164 iniquius,
970 2099 1201 2164 magisque
1228 2099 1418 2147 libertati
1453 2116 1559 2148 con-

90 2175 272 2223 trarium
298 2175 405 2238 fingi
430 2186 600 2239 potest,
638 2175 807 2223 ratione
836 2174 988 2222 habita
1023 2174 1181 2223 ludicri
1217 2175 1337 2223 illius
1369 2191 1560 2224 consen-

90 2269 190 2308 sus,
229 2269 362 2317 quem
397 2253 439 2300 vi
477 2252 617 2300 solius
653 2252 765 2315 legis
801 2252 944 2301 civilis
980 2253 1309 2317 praestiterunt.

186 2330 274 2376 Nec
298 2328 426 2377 obest
450 2329 566 2376 idem
590 2329 792 2376 accidere
816 2345 949 2393 posse
972 2339 1074 2393 post
1096 2329 1340 2393 legitimum
1360 2330 1558 2394 nuptiale

92 2405 272 2462 foedus,
302 2406 421 2470 quod
446 2422 593 2452 coram
619 2404 809 2452 ecclesia
833 2405 991 2452 initum
1015 2406 1161 2453 fuerit.
1191 2407 1300 2453 Nam
1331 2405 1560 2470 multiplex

90 2482 330 2547 disparitas
366 2483 680 2547 interponitur;
707 2484 848 2546 primo
885 2482 1105 2547 siquidem
1139 2482 1450 2531 contrahentes
1484 2498 1560 2531 no-

91 2569 193 2605 runt
244 2576 295 2606 se
337 2560 533 2622 recipere
576 2569 899 2606 sacramentum
922 2597 932 2614 ‚
976 2559 1094 2623 quod
1138 2558 1448 2607 indissolubile
1490 2570 1559 2606 est

92 2634 212 2680 iuxta
245 2635 461 2683 ecclesiae
492 2634 739 2682 doctrinam
775 2652 828 2682 ex
861 2633 1012 2681 divina
1047 2635 1343 2692 institutione;
1371 2634 1433 2681 nil
1454 2651 1582 2693 vero*

93 2709 179 2756 tale
212 2710 256 2756 in
288 2711 493 2774 coniugio
526 2728 644 2759 mere
677 2710 795 2758 civili
830 2711 1072 2775 reperitur,
1110 2706 1199 2759 imo
1233 2710 1369 2776 probe
1398 2721 1557 2760 norunt

94 2785 349 2834 huiusmodi
379 2798 651 2836 contractum
681 2805 730 2834 ex
758 2787 959 2835 eiusdem
994 2787 1209 2835 ecclesiae
1237 2788 1437 2837 doctrina
1459 2788 1558 2835 nul-
