1918 3186
367 202 392 247 2
628 218 707 250 mn.
738 220 767 249 ι.
795 218 907 249 sacr.
939 218 967 248 1.
1000 215 1051 248 ns
1078 216 1251 249 mrum.
1283 216 1562 250 SACRAMENTO.

364 295 520 358 agendi
559 296 769 342 rationem
801 294 1148 358 praemittimus,
1184 295 1290 360 quia
1322 296 1480 342 exinde
1504 295 1577 342 lux
1601 292 1832 357 affulgebit

361 371 417 417 ad
443 382 630 418 mentem
647 380 819 434 patrum
839 369 997 417 melius
1015 371 1358 435 assequendam,
1375 372 1742 436 quotiescumque
1757 388 1830 418 eo-

362 464 457 493 rum
474 446 605 494 effata
622 455 698 492 aut
713 444 874 501 dubia,
906 456 981 492 aut
1009 445 1096 492 non
1122 446 1232 493 satis
1260 446 1502 494 decretoria
1522 445 1578 493 ad
1610 462 1698 492 rem
1725 462 1832 492 con-

363 522 596 569 ficiendam
636 521 854 569 videntur.
894 521 1068 568 Certum
1108 522 1327 586 siquidem
1351 533 1440 578 est,
1469 533 1618 587 patres
1660 522 1831 570 locutos

361 597 500 644 fuisse
524 597 644 643 iuxta
668 597 936 652 doctrinam,
964 613 1080 662 quae
1108 597 1298 660 singulis
1329 596 1545 645 aetatibus
1570 599 1615 644 in
1640 598 1830 646 ecclesia

357 671 547 735 vigebat.
576 671 621 717 Si
647 671 831 736 proinde
854 683 971 719 certo
993 672 1239 738 constiterit
1261 673 1317 720 de
1339 673 1429 720 fide
1444 711 1453 729 ,
1481 691 1616 738 quam
1639 674 1829 721 ecclesia

357 747 474 794 circa
511 748 774 795 sacramenti
817 748 1085 810 matrimonii
1130 748 1357 796 veritatem
1403 749 1693 814 profitebatur
1714 788 1724 807 ‚
1774 767 1831 797 eo

357 823 459 887 ipso
483 822 702 871 constabit
723 823 782 871 de
802 839 1011 887 germano
1041 839 1176 870 sensu
1206 834 1379 887 patrum
1410 824 1830 873 ecclesiasticorum-

357 915 444 963 que
468 898 730 963 scriptorum
759 898 815 946 iis
841 898 886 944 in
914 897 1023 946 locis
1039 936 1049 954 ‚
1073 898 1119 945 in
1135 898 1301 962 quibus
1327 898 1387 945 de
1412 899 1691 948 matrimonio
1714 900 1830 948 chri-

357 975 501 1024 stiano
523 975 747 1023 disserunt
764 975 885 1022 iuxta
905 985 1126 1039 receptam
1152 973 1367 1022 ecclesiae
1390 974 1650 1023 doctrinam.
1674 975 1825 1023 Canon

357 1051 440 1098 iste
473 1051 802 1099 ecclesiasticae
827 1049 1200 1114 interpretationis
1241 1050 1403 1098 nedum
1435 1050 1703 1114 theologice,
1745 1051 1823 1098 sed

354 1128 485 1174 etiam
509 1126 660 1174 critice
687 1123 914 1190 spectatus⁴
929 1125 1040 1173 adeo
1057 1136 1209 1173 certus
1228 1137 1317 1182 est,
1338 1137 1387 1172 ut
1409 1125 1518 1172 nulli
1544 1126 1602 1173 sit
1625 1125 1823 1190 ambagi,

354 1213 430 1250 aut
461 1202 729 1251 contentioni
763 1202 996 1249 obnoxius.

450 1279 542 1325 Iam
573 1295 677 1325 vero
701 1277 935 1326 ecclesiam
965 1278 1123 1343 quovis
1164 1288 1360 1342 tempore
1387 1278 1682 1326 christianum
1718 1296 1826 1327 con-

354 1355 522 1418 iugium
567 1354 633 1401 uti
679 1364 1004 1402 sacramentum
1050 1371 1076 1401 a
1123 1354 1298 1401 Christo
1342 1354 1530 1402 Domino
1575 1355 1823 1402 institutum

354 1431 568 1478 habuisse
608 1440 743 1495 atque
782 1430 1027 1495 professam
1051 1447 1174 1486 esse,
1203 1441 1376 1494 praeter
1414 1430 1503 1478 duo
1542 1431 1828 1478 oecumenica

351 1506 559 1563 concilia,
589 1504 874 1553 tridentinum
910 1516 954 1553 et
991 1504 1296 1562 floren-tinum,
1335 1522 1451 1570 quae
1482 1516 1633 1571 aperte
1669 1507 1833 1553 matri-·

351 1583 547 1630 monium
587 1582 739 1630 eodem
775 1582 820 1629 in
855 1598 992 1629 censu
1032 1599 1084 1630 ac
1125 1599 1202 1628 sex
1237 1581 1325 1628 alia
1366 1593 1643 1630 sacramenta
1683 1600 1829 1630 novae

351 1658 461 1721 legis
484 1658 583 1706 sine
606 1656 700 1705 ullo
720 1657 981 1705 discrimine
1001 1668 1258 1722 posuerunt,
1281 1668 1437 1705 testem
1455 1657 1675 1704 habemus
1698 1657 1822 1704 aliud

350 1733 684 1781 oecumenicum
715 1732 916 1780 anterius
951 1732 1208 1789 concilium,
1243 1750 1402 1798 nempe
1447 1732 1725 1796 lugdunense
1760 1733 1822 1778 [Ι.Δ

350 1810 395 1855 in
428 1825 518 1873 quo
550 1809 740 1875 primum
765 1826 851 1873 pax
877 1807 1090 1856 solemnis
1124 1808 1233 1856 inita
1261 1819 1329 1856 est
1354 1809 1468 1856 inter
1505 1808 1667 1855 latinos
1699 1825 1821 1871 grae·

349 1901 514 1948 cosque
546 1883 631 1931 sub
664 1883 711 1930 b.
748 1883 956 1947 Gregorio
986 1883 1044 1930 X,
1079 1884 1128 1930 ln
1164 1883 1301 1931 huius
1332 1884 1450 1933 enim
1490 1882 1667 1931 concilii
1708 1883 1823 1930 actis

348 1958 610 2007 exhibentur
641 1958 812 2006 litterae
845 1957 1072 2006 Michaelis
1108 1958 1353 2022 Palaeologi
1393 1976 1650 2022 graecorum
1683 1959 1824 2023 impe-

350 2036 506 2082 ratoris
545 2034 600 2083 ad
641 2035 685 2082 b.
711 2034 967 2099 Gregorium
1010 2035 1163 2091 datae,
1206 2035 1371 2101 quibus
1411 2052 1493 2082 suo
1526 2047 1569 2082 et
1606 2034 1828 2082 eccloeiae

350 2128 533 2174 graecae
554 2112 732 2159 nomine
757 2111 861 2159 fidei
886 2112 1208 2176 professionem
1230 2112 1390 2159 emittit
1414 2112 1665 2177 imperator.
1687 2112 1821 2158 Porro

348 2187 394 2233 in
429 2186 515 2235 hac
550 2186 654 2233 fidei
684 2187 987 2253 professione,
1013 2205 1112 2236 cum
1139 2188 1194 2235 ad
1219 2198 1495 2235 sacramenta
1516 2198 1696 2235 ventum
1723 2197 1813 2241 est,

347 2261 459 2309 haec
490 2261 715 2324 leguntur:
748 2263 928 2311 «Tenet
959 2263 1093 2311 etiam
1127 2274 1173 2311 et.
1201 2263 1329 2311 docet
1361 2262 1515 2310 eadem
1553 2271 1707 2308 sancta
1747 2278 1819 2308 ro-

346 2353 477 2385 mana
497 2336 688 2386 ecclesia
724 2339 824 2399 (cui
847 2356 898 2387 se
918 2339 1192 2387 conformare
1225 2339 1476 2404 profitetur)
1514 2347 1683 2402 septem
1715 2354 1819 2385 esse

346 2411 646 2486 ecclesiastica
679 2425 974 2470 sacramenta,
1008 2432 1144 2461 unum
1173 2413 1344 2461 scilicet
1368 2413 1614 2478 baptisma.
1638 2450 1646 2459 .
1667 2449 1677 2458 .
1693 2411 1816 2459 aliud

346 2499 415 2538 est
438 2500 762 2538 sacramentum
785 2490 1133 2538 confirmationis
1156 2528 1164 2536 .
1193 2528 1202 2535 .
1232 2524 1241 2535 ,
1264 2489 1385 2536 aliud
1414 2499 1484 2537 est
1523 2487 1814 2552 poenitentia,

346 2564 466 2612 aliud
500 2565 793 2622 eucharistia,
836 2565 956 2614 aliud
992 2577 1314 2614 sacramentum
1357 2564 1553 2621 ordinis,
1598 2564 1723 2611 aliud
1754 2574 1815 2611 est

350 2642 690 2696 unanimantem,
719 2641 840 2689 aliud
867 2651 1060 2690 extrema
1082 2641 1231 2689 unctio
1259 2642 1344 2702 (Β).
1371 2660 1394 2686 »
1423 2640 1516 2688 Hae
1556 2639 1725 2689 litterae
1757 2640 1817 2687 le-

443 2763 488 2803 (2)
508 2768 601 2796 sacr.
614 2766 734 2797 concil.
753 2765 831 2797 coll.
849 2767 960 2797 Venet.
982 2766 1283 2797 1780.10m.XXlV.
1299 2764 1360 2796 col.
1373 2764 1626 2796 7t.celebratum
1643 2765 1689 2797 est
1706 2765 1814 2796 autem

350 2816 410 2847 hoc
430 2816 603 2849 concilium
627 2826 677 2849 an.
707 2821 795 2850 1374.
