1912 3180
351 173 447 221 364
603 188 682 219 Lm.
712 186 742 217 1.
770 183 883 216 sacr.
913 183 1086 215 ALTERA.
1116 183 1168 215 m:
1203 183 1376 216 numm.
1406 184 1545 216 clvm.

955 296 1186 360 Responsio
1196 336 1202 342 .

449 418 697 466 Universim
724 417 981 465 huiusmodi
1016 429 1214 465 oratores
1243 428 1478 465 assumunt
1506 420 1551 464 1.
1574 417 1705 466 Civili
1731 435 1825 466 ma·

351 494 556 559 gistratui
598 504 864 558 potestatem
899 494 1048 542 inesse
1081 494 1299 541 condendi
1336 493 1477 557 legem
1517 494 1634 542 circa
1673 496 1827 542 matri·

353 571 575 626 monium;
605 571 649 616 2.
664 569 891 618 vinculum
910 570 1167 632 religiosum
1187 569 1385 634 separari
1404 586 1537 634 posse
1554 587 1581 618 a
1599 581 1826 618 contractu

355 646 502 704 civili;
532 647 576 694 3.
601 662 785 711 scopum
809 645 921 709 legis
945 662 1047 693 esse
1070 645 1328 693 satisfacere
1356 645 1729 709 independentiae
1754 664 1828 711 po-

353 722 525 771 testatis
549 722 712 779 civilis,
735 732 778 769 et
795 721 1069 785 obligationi,
1097 738 1231 786 quam
1256 720 1390 769 habet
1414 731 1552 769 status
1576 739 1682 785 erga
1705 722 1827 770 cives

354 797 471 846 hanc
503 798 648 862 ipsam
682 796 1074 862 independentiam
1099 797 1157 843 iis
1179 796 1452 844 vindicandi.
1477 797 1568 843 Iam
1590 813 1695 844 vero
1719 796 1829 844 haec

355 874 506 922 omnia
537 884 581 922 et
614 873 792 938 singula
825 872 940 920 falsa
973 883 1092 921 sunt.

450 950 627 998 Etenim
652 950 773 998 civili
799 949 1077 1012 magistratui
1103 949 1225 996 nulla
1248 949 1367 996 inest
1390 960 1587 1015 potestas
1611 949 1830 997 condendi

354 1027 495 1091 legem
525 1027 646 1074 circa
674 1025 1032 1082 matrimonium,
1062 1025 1108 1072 id
1132 1035 1200 1073 est
1223 1026 1342 1073 circa
1375 1035 1647 1073 contractum
1683 1026 1830 1091 ipsum

354 1102 630 1166 coniugalem
659 1119 713 1149 ac
735 1101 964 1150 vinculum
990 1102 1157 1166 ipsum,
1185 1119 1238 1148 ex
1261 1119 1350 1166 quo
1382 1102 1715 1149 matrimonium
1751 1119 1830 1149 seu

356 1188 681 1226 sacramentum
721 1178 993 1226 matrimonii
1030 1178 1217 1242 exurgit.
1258 1179 1342 1226 Lex
1385 1178 1532 1225 civilis
1574 1177 1829 1226 nullatenus

354 1253 488 1301 condi
518 1264 663 1319 potest
689 1254 776 1302 nisi
805 1255 923 1302 circa
954 1272 1031 1311 ea,
1061 1272 1177 1319 quae
1211 1265 1316 1302 sunt
1350 1254 1634 1302 matrimonio
1664 1256 1830 1302 extrin-

356 1346 461 1378 seca
483 1340 527 1377 et
549 1330 864 1387 accidentalia,
891 1330 1144 1378 cuiusmodi
1167 1341 1272 1379 sunt
1295 1348 1364 1377 ex.
1380 1348 1446 1394 gr.
1466 1329 1564 1387 dos,
1584 1330 1828 1386 successio,

354 1406 608 1454 haereditas
633 1417 716 1454 etc.
742 1423 947 1472 quaeque
970 1406 1039 1454 vel
1069 1406 1286 1454 accedunt
1304 1406 1360 1453 ad
1379 1406 1530 1470 ipsum
1555 1406 1827 1469 coniugium,

354 1482 426 1530 vel
450 1483 598 1548 ipsum
618 1494 866 1548 sequuntur
883 1494 926 1530 et
942 1483 1230 1538 comitantur,
1260 1498 1349 1528 non
1368 1492 1514 1528 autem
1532 1482 1653 1529 circa
1671 1498 1831 1529 nexum

355 1576 408 1607 ac
434 1558 660 1607 vinculum
689 1559 916 1623 coniugii,
945 1559 1065 1624 quod
1088 1558 1226 1606 oritur
1248 1575 1302 1605 ex
1325 1574 1547 1605 consensu
1575 1557 1833 1605 contrahen-

357 1636 468 1683 tium
491 1673 501 1692 ,
543 1635 619 1700 qui
662 1636 753 1682 sint
796 1635 894 1682 iure
933 1634 1106 1682 habiles
1140 1651 1193 1681 ac
1226 1633 1437 1696 legitimi,
1477 1650 1558 1681 seu
1592 1633 1740 1680 idonei
1775 1633 1831 1680 ad

356 1711 734 1768 contrahendum,
774 1729 934 1775 nempe
967 1711 1024 1758 ad
1059 1709 1363 1774 praebendum
1400 1726 1685 1757 consensum.
1731 1709 1832 1757 Sola

355 1787 508 1835 divina
530 1787 600 1835 lex
623 1798 770 1852 potest
798 1786 1129 1834 matrimonium
1164 1785 1412 1840 moderari,
1451 1785 1727 1833 conditiones
1752 1803 1831 1850 ap-

353 1880 521 1928 ponere
549 1901 559 1919 ,
605 1863 990 1928 proprietatesque
1029 1864 1230 1911 definire.
1272 1866 1382 1912 Nam
1417 1864 1539 1912 solus
1580 1864 1655 1912 ille
1687 1875 1832 1930 potest

353 1938 494 2002 legem
530 1939 719 1986 condere
741 1948 785 1986 et
807 1939 984 1986 sancire
1016 1939 1135 1986 circa
1168 1939 1525 1996 matrimonium,
1565 1941 1643 2005 qui
1678 1941 1831 1988 matri-

352 2015 551 2062 monium
576 2015 728 2079 ipsum
755 2015 972 2072 instituit,
1002 2026 1135 2080 atque
1158 2015 1369 2072 ecclesia,
1398 2017 1470 2063 cui
1495 2016 1610 2064 haec
1634 2027 1829 2081 potestas

354 2108 380 2139 a
412 2091 506 2138 Deo
549 2091 874 2139 communicata
906 2102 990 2139 est.

445 2167 566 2214 Deus
584 2184 716 2232 porro
734 2167 858 2215 solus
877 2178 960 2224 est,
983 2168 1061 2232 qui
1079 2178 1129 2214 ut
1145 2167 1326 2215 Creator
1342 2178 1385 2215 et
1402 2167 1616 2216 Conditor
1633 2169 1829 2234 plasma—

352 2244 416 2292 vit
440 2243 666 2292 hominem
684 2281 694 2300 ‚
728 2243 968 2308 eduxitque
991 2260 1045 2290 ex
1070 2243 1206 2290 latere
1229 2243 1327 2291 eius
1351 2243 1612 2299 foeminam;
1641 2254 1691 2291 ut
1715 2262 1832 2292 sum-

352 2338 453 2368 mus
491 2320 690 2385 pontifex
723 2337 801 2367 eos
841 2320 887 2366 in
928 2320 1183 2383 coniugium
1219 2319 1445 2384 copulavit
1479 2336 1531 2367 ac
1568 2319 1825 2375 benediaeit,·

353 2407 402 2444 ut
425 2396 652 2460 legislator
675 2396 816 2459 legem
841 2395 942 2443 tulit
963 2395 1020 2443 de
1044 2406 1260 2460 perpetua
1283 2395 1485 2442 eiusdem
1510 2394 1706 2458 coniugii
1731 2396 1831 2442 uni-

353 2482 439 2519 tate
476 2489 529 2520 ac
563 2471 958 2520 indissolubilitate
979 2472 1098 2533 (33).
1124 2470 1253 2526 Quod
1284 2481 1489 2535 coeptum
1522 2480 1590 2517 est
1613 2469 1659 2516 in
1684 2481 1832 2534 proto-

455 2642 535 2673 nem
556 2641 636 2673 ibid.
651 2650 727 2683 pag.
741 2645 799 2673 109
813 2649 905 2681 seqq.
923 2641 1082 2673 Escratto
1099 2639 1156 2672 del
1169 2639 1320 2672 discorso
1331 2639 1369 2672 di
1380 2638 1592 2672 Boutta-ville
1605 2638 1665 2671 sul
1673 2641 1834 2681 proyetlo

352 2691 390 2724 di
415 2691 510 2733 lewe
530 2693 568 2725 al
597 2694 695 2726 titolo
717 2695 751 2725 V.
772 2692 838 2725 Del
853 2693 1086 2725 matrimonio.

449 2747 515 2787 (33)
537 2749 583 2780 Ex
605 2748 752 2781 doctrina
769 2748 929 2781 constanti
945 2749 1078 2780 Patrum
1099 2750 1238 2788 quatuor
1260 2748 1407 2788 priorum
1421 2746 1624 2786 seculorum,
1638 2747 1675 2779 ut
1689 2745 1828 2779 ostendi·

354 2807 426 2831 mus
452 2798 486 2830 in
514 2800 631 2832 nostris
660 2800 827 2834 Praelect.
854 2800 998 2840 theoloq.
1022 2801 1116 2833 tract.
1146 2802 1191 2832 De
1214 2800 1390 2832 incarnat.
1409 2799 1671 2839 part.ll.cap.1.
1687 2800 1782 2839 Prop.
1797 2798 1830 2829 in
