1918 3186
235 229 325 261 CAP.
355 230 383 260 1.
414 227 506 260 Am.
536 227 565 259 1.
594 226 646 258 ΒΕ
668 225 868 258 vnmn'rn
892 225 1066 259 SAanu.
1091 225 1143 258 EX
1168 225 1283 258 nect..
1308 225 1453 258 DOCTR.
1560 213 1585 256 9

118 308 286 371 iugium
312 307 431 372 quod
461 304 707 353 secundum
731 303 871 367 legem
900 304 1191 353 christianam
1220 303 1510 352 contrahitur.
1538 342 1547 350 .
1576 343 1585 351 .

117 400 222 446 opus
255 391 451 429 sanctum
489 380 737 444 scripturae
778 378 1032 444 appellant:
1071 390 1274 428 sanctum
1314 396 1476 444 nempe
1523 391 1593 428 est

116 456 371 520 coniugium
406 473 486 520 per
517 455 689 511 omnia,
719 464 762 502 et
795 454 1108 503 immaculatus
1141 455 1379 519 coniugum
1409 455 1587 503 thorus:

118 549 255 598 quum
290 531 571 597 potissimum
600 547 627 578 a
652 529 697 577 b.
730 529 867 578 Paulo
900 529 1098 594 idipsum
1132 547 1234 578 esse
1267 541 1593 579 sacramentum

118 607 327 655 statuitur
357 623 531 662 eorum,
565 623 682 671 quae
704 623 842 671 supra
872 605 1086 653 mundum
1122 606 1335 655 eminent:
1364 607 1438 654 hoc
1461 608 1589 662 enim,

117 683 281 748 inquit,
309 693 626 730 sacramentum
652 700 858 746 maqnum
882 692 967 730 est:
994 700 1069 747 eqo
1102 692 1244 730 autem
1268 683 1364 731 dico
1390 684 1438 730 in
1467 683 1596 731 Chri-

115 769 181 806 sto
204 769 330 823 atque
356 760 496 823 ipsius
519 759 696 806 ecclesia
724 760 841 822 (22).
869 779 892 804 υ
919 759 1132 806 Eiusdem
1162 760 1426 808 sacramenti
1454 759 1590 816 ritus,

117 852 204 883 non
239 853 370 884 secus
404 853 456 884 ac
488 836 728 901 baptismi,
766 835 1064 884 eucharistiae
1081 874 1092 892 ,
1129 834 1407 901 aliorumque
1445 851 1593 883 sacra-

116 922 364 960 mentorum
398 922 517 960 extat
549 913 594 958 in
631 912 776 959 rituali
804 912 1142 969 chaldaeorum,
1172 922 1306 977 atque
1339 911 1402 959 ita
1436 911 1595 959 inscri-

118 986 258 1035 bitur:
298 987 399 1035 ordo
433 988 773 1052 desponsationis
781 1007 796 1044 ;
818 998 910 1035 tum
929 989 976 1035 in
992 1005 1044 1036 eo
1059 987 1307 1036 continetur
1340 986 1441 1035 ordo
1474 1004 1597 1051 spon-

115 1064 309 1119 salium,·
353 1063 455 1113 ordo
496 1063 799 1111 benedictionis
840 1066 989 1128 sponsi
1025 1074 1067 1111 et
1103 1081 1282 1128 sponsae
1302 1100 1314 1119 ‚
1362 1063 1594 1111 benedictio

115 1141 319 1195 vestiam,
348 1141 564 1187 coronatio
593 1141 821 1204 coniaqum
849 1151 888 1187 et
914 1139 1144 1187 benedictio
1174 1140 1358 1187 thalami
1388 1141 1505 1203 (23).
1542 1140 1592 1187 In

114 1231 248 1280 quem
275 1215 407 1263 ritum
434 1215 776 1263 commentarios
799 1215 1035 1263 ediderunt
1064 1215 1278 1279 Georgius
1306 1214 1590 1270 Arbelensis‚

115 1301 160 1338 et
182 1291 440 1339 Timotheus
466 1292 522 1338 ΙΙ.
553 1291 829 1357 patriarcha,
858 1291 935 1356 qui
961 1302 1188 1356 praeterea
1211 1291 1393 1339 adnotat
1414 1290 1470 1338 ad
1494 1307 1599 1339 con-

117 1367 365 1430 iungendos
391 1384 582 1431 sponsos
607 1367 652 1413 in
676 1366 1005 1414 matrimonium
1031 1367 1197 1431 requiri
1220 1377 1270 1414 ut
1293 1366 1442 1414 adsint
1462 1383 1600 1413 sacer-

116 1442 212 1497 dos,
246 1461 379 1497 crux,
415 1444 537 1490 calioe
565 1444 664 1490 vino
697 1454 738 1490 et
770 1460 885 1507 aqua
914 1444 1100 1497 mioetus,
1127 1443 1388 1506 pulvereque
1412 1440 1597 1505 quodam

117 1536 319 1583 aspersus
348 1529 388 1566 et
413 1520 602 1566 annulus
635 1520 752 1581 (24).
793 1519 878 1566 Sed
908 1530 957 1566 ut
983 1519 1216 1566 redeamus
1245 1518 1303 1566 ad
1329 1517 1598 1565 Ebediesum

117 1594 384 1652 Sobensem,
414 1612 513 1643 cum
544 1595 659 1643 inter
692 1594 1004 1643 nonnullorum
1039 1595 1392 1642 nestorianorum
1426 1611 1598 1642 errores

117 1671 236 1718 circa
260 1682 536 1719 sacramenta
559 1689 635 1719 eos
661 1672 979 1727 recensuisset,
1008 1672 1085 1736 qui
1113 1688 1192 1736 pro
1227 1671 1506 1718 matrimonio
1529 1671 1597 1717 in-

118 1759 182 1795 ter
221 1759 390 1812 septem
433 1758 711 1795 sacramenta
755 1747 977 1812 ponebant
1018 1749 1191 1811 siqnum
1230 1749 1370 1794 crucis
1411 1746 1593 1794 subdit:

123 1844 144 1869 α
169 1823 256 1880 Qui
283 1841 387 1872 vero
413 1824 666 1889 fermentum
686 1841 767 1888 pro
794 1835 1071 1871 sacramento
1099 1841 1186 1871 non
1214 1834 1477 1886 agnoscunt,
1505 1839 1599 1869 ma-

122 1900 371 1947 trimonium
406 1900 527 1947 iuxta
560 1900 701 1964 legem
731 1899 896 1947 Christi
929 1899 1087 1947 initum
1112 1917 1193 1964 pro
1227 1900 1416 1964 septimo
1451 1915 1600 1945 sacra-

122 1984 268 2022 mento
299 1987 574 2024 enumerant.
606 2015 613 2022 .
645 2015 651 2021 .
681 2015 688 2022 .
719 1976 763 2022 Si
799 1976 902 2040 quis
947 1986 1093 2023 autem
1128 1993 1181 2023 ex
1215 1975 1409 2023 externis
1443 1974 1598 2022 scisci-

123 2059 257 2103 tetur,
287 2067 376 2113 quo
404 2063 532 2114 pacto
558 2051 735 2115 singula
762 2051 987 2117 praedicta
1015 2062 1291 2099 sacramenta
1323 2050 1598 2097 sanctitatem

122 2136 164 2172 et
199 2126 462 2173 sacramenti
498 2128 712 2175 rationem
746 2127 999 2183 obtineant,
1045 2126 1386 2190 respondemus;
1425 2125 1510 2173 tria
1542 2125 1599 2173 ad

123 2201 441 2248 confectionem
484 2202 721 2250 cuiuslibet
763 2203 1027 2250 sacramenti
1069 2219 1361 2250 concurrere:
1407 2202 1598 2266 primum

124 2277 303 2341 quidem
328 2289 397 2325 est
419 2277 514 2343 ipse
539 2278 746 2325 sacerdos
770 2295 918 2326 verus.
948 2317 955 2323 .
985 2317 992 2323 .
1022 2316 1030 2324 .
1060 2278 1257 2326 Alterum
1279 2295 1384 2326 vero
1413 2288 1481 2325 est
1502 2295 1600 2325 ver—

121 2353 227 2400 bum
257 2364 301 2400 et
332 2365 615 2419 praeceptum
645 2355 822 2402 Domini
851 2365 1247 2410 sacramentorum,
1277 2353 1398 2419 quod
1422 2354 1480 2401 de
1506 2357 1600 2401 sin-

124 2428 240 2491 gulis
275 2430 565 2476 sacramentis
601 2429 846 2476 mandavit:
882 2430 1057 2476 tertium
1088 2430 1385 2477 conscientiae
1418 2429 1601 2476 minime

124 2503 395 2552 haesitantes
419 2505 757 2569 suscipientium
771 2543 781 2560 ,
803 2516 847 2552 et
868 2504 966 2553 forti
992 2504 1080 2551 fide
1104 2505 1355 2561 roboratae;
1378 2521 1458 2569 pro
1481 2515 1600 2553 certo

219 2687 286 2727 (22)
303 2688 437 2720 Dissert.
456 2689 511 2720 cit.
529 2697 602 2729 pag.
619 2689 819 2721 cccxvlll.
838 2689 899 2721 Hic
919 2688 1077 2721 Ebediesu
1102 2687 1197 2720 Aredi
1220 2687 1306 2719 filius
1324 2687 1366 2720 ab
1381 2696 1466 2721 anno
1479 2688 1599 2722 Christi

130 2741 203 2771 1074
220 2740 259 2771 ad
279 2744 367 2772 1090.
384 2740 493 2773 sedem
504 2741 753 2782 patriarchalem
766 2742 882 2774 tenuit.
898 2742 947 2773 Cf.
964 2741 1045 2773 Ibid.
1064 2749 1137 2781 pag.
1155 2741 1324 2772 chxw.

223 2792 288 2831 (2³)
309 2793 360 2824 Cf.
377 2792 510 2826 Ibidem.

226 2844 292 2883 (24)
315 2844 396 2875 Ibid.
