1918 3186
300 201 389 246 146
562 216 643 248 Lm.
675 215 705 245 1.
734 212 848 245 sacr.
873 213 903 244 1.
933 212 985 244 ns
1009 212 1181 245 maram.
1211 211 1492 245 SAanusNro.

392 294 528 342 Venio
561 292 617 339 ad
652 290 837 338 alterum
873 291 1178 355 praestitutum
1208 307 1444 347 canonem,
1477 301 1625 356 patres
1653 294 1776 342 scili-

299 381 367 418 cet
395 387 491 417 eam
520 367 780 415 exhibuisse
809 367 1073 414 sacramenti
1103 367 1374 413 matrimonii
1406 367 1575 425 ideam,
1605 378 1653 415 ut
1681 369 1780 417 nul-

298 447 388 493 lum
423 444 544 492 aliud
579 443 843 490 elementum
871 443 917 489 in
946 460 998 490 eo
1028 443 1287 506 agnoverint
1314 454 1486 508 praeter
1514 445 1778 494 contrahen-

296 523 406 568 tium
440 521 629 567 liberum
664 519 997 584 legitimumque
1031 536 1313 567 consensum.

394 597 528 644 Porro
551 596 654 644 talis
677 605 744 642 est
768 595 892 653 idea,
920 613 1053 660 quam
1077 595 1206 643 nobis
1230 596 1408 643 exhibet
1431 614 1468 644 s.
1494 598 1692 660 Ignatius
1712 599 1772 646 M.

296 673 370 721 ubi
397 673 573 720 scribit:
607 692 630 718 «
650 673 785 720 Decet
809 688 913 720 vero
936 683 985 719 ut
1008 673 1162 737 sponsi
1191 683 1234 719 et
1259 690 1452 738 sponsae
1475 674 1531 722 de
1555 675 1775 723 sententia

294 749 491 814 episcopi
532 749 786 813 coniugium
827 748 1015 804 faciant,
1054 765 1143 813 quo
1181 750 1361 814 nuptiae
1400 750 1492 797 sint
1528 751 1774 798 secundum

293 825 532 872 Dominum
567 835 610 872 et
642 842 730 872 non
765 823 1008 871 secundum
1043 824 1353 888 cupiditatem3
1385 827 1536 874 omnia
1558 827 1616 874 ad
1638 827 1775 876 hono·

295 920 387 950 rem
430 903 511 949 Dei
556 902 664 949 fiant
706 903 823 964 (13).
849 920 872 946 »
901 901 1075 957 Quibus
1111 901 1256 966 palam
1292 902 1511 950 discimus
1540 921 1593 951 ex
1627 914 1774 952 mente

294 996 332 1027 s.
367 979 575 1044 martyris
606 978 730 1042 ipsos
759 995 859 1025 esse
888 994 1079 1042 sponsos
1113 989 1157 1025 et
1185 996 1400 1043 sponsas,
1433 979 1479 1026 id
1510 990 1578 1027 est
1603 990 1774 1028 contra-

295 1055 451 1102 hentes
465 1093 474 1111 ,
505 1055 582 1119 qui
610 1055 785 1117 nuptias
802 1055 970 1118 faciunt
983 1091 994 1110 ,
1017 1055 1215 1119 episcopi
1234 1073 1338 1102 vero
1358 1056 1620 1103 sententiam
1638 1057 1770 1104 unice

297 1148 349 1178 eo
384 1141 603 1196 spectare,
632 1133 686 1177 >u't
719 1130 900 1195 nuptiae
934 1130 1014 1177 rite
1047 1131 1271 1187 ineantur,
1317 1148 1417 1178 cum
1464 1132 1564 1196 ipse
1614 1131 1771 1180 fideles

297 1206 513 1254 nubentes
548 1206 740 1269 dirigere
773 1197 932 1253 debeat
964 1206 1151 1254 consilio
1184 1216 1227 1253 et
1258 1207 1514 1255 auctoritate
1554 1224 1652 1255 sua.
1692 1209 1775 1254 lm-

297 1283 487 1330 mediate
511 1282 630 1329 enim
655 1292 755 1329 ante
780 1282 962 1329 recitata
983 1282 1119 1329 verba
1152 1283 1240 1329 iam
1264 1282 1435 1330 dixerat
1458 1301 1497 1330 s.
1524 1293 1693 1349 martyr
1715 1283 1772 1331 de

293 1376 363 1415 eo,
378 1358 456 1423 qui
474 1369 622 1405 manet
646 1358 691 1404 in
711 1358 935 1405 castitate:
966 1358 1047 1404 «Si
1067 1375 1117 1406 se
1134 1358 1346 1406 maiorem
1364 1359 1574 1425 episcopo
1597 1370 1764 1417 censet,

294 1444 477 1483 interut.
503 1454 526 1479 »

388 1511 478 1558 Nec
511 1510 877 1558 aliamexhibent
900 1526 938 1557 s.
962 1509 1155 1574 Cyrillus
1192 1509 1304 1556 alex.
1330 1521 1374 1558 et
1408 1527 1448 1558 s.
1470 1510 1770 1576 Epiphanius.

290 1586 464 1634 Etenim
500 1604 538 1635 s.
573 1586 766 1652 Cyrillus
801 1585 977 1634 scribit:
1010 1604 1033 1630 «
1055 1586 1158 1650 Ipse
1191 1586 1397 1634 Christus
1434 1587 1647 1634 invitatus
1687 1587 1774 1649 (ad

294 1663 501 1728 nuptias)
539 1664 686 1721 venit,
725 1674 773 1711 ut
807 1662 1106 1727 generationis
1140 1663 1409 1728 principium
1444 1664 1768 1720 sanctificaret,

292 1743 412 1808 quod
447 1744 504 1791 ad
538 1761 715 1791 carnem
750 1744 957 1790 nimirum
997 1743 1166 1790 attinet.
1207 1742 1506 1790 Conveniebat
1538 1740 1685 1796 enim,
1724 1750 1774 1788 ut

292 1820 374 1885 qui·
396 1830 597 1867 naturam
625 1820 819 1868 hominis
855 1829 1146 1884 renovaturus
1179 1829 1299 1866 erat.
1329 1857 1338 1865 .
1367 1856 1376 1864 .
1394 1835 1481 1866 non
1512 1817 1657 1864 solum
1687 1815 1768 1873 iis,
1796 1840 1801 1851 2

292 1896 369 1960 qui
405 1896 451 1942 in
491 1906 635 1944 ortum
673 1896 816 1945 vocati
851 1906 1002 1953 erant,
1042 1894 1397 1943 benedictionem
1439 1892 1766 1958 impertiretur,

292 1973 371 2020 sed
406 1983 449 2020 et
482 1973 539 2021 iis
579 1991 784 2039 quoque,
822 1974 899 2039 qui
941 1983 1095 2038 postea
1136 1971 1350 2020 nascituri
1381 1981 1548 2028 essent,
1582 1969 1768 2033 gratiam

292 2050 624 2113 praestitueret‚
663 2060 706 2097 et
745 2067 895 2098 eorum
936 2060 1079 2097 ortum
1121 2058 1322 2096 sanctum
1362 2048 1554 2095 efficeret
1591 2047 1708 2108 (14).
1741 2064 1764 2091 »

294 2125 480 2174 Sanctus
519 2143 624 2174 vero
663 2126 942 2192 Epiphanius
983 2126 1248 2191 probaturus
1289 2124 1502 2172 adversus
1537 2123 1770 2170 Hieracam

292 2200 504 2250 honestas
537 2203 715 2267 nuptias
751 2221 851 2250 esse
878 2212 921 2251 et
948 2219 975 2250 a
1007 2203 1099 2250 Deo
1134 2201 1364 2267 probatas,
1399 2217 1544 2264 neque
1572 2216 1599 2246 a
1634 2215 1768 2261 regno

290 2277 372 2325 Dei
398 2279 729 2327 matrimonium
753 2280 957 2327 ineuntes
984 2278 1182 2335 excludi,
1216 2298 1238 2323 «
1258 2275 1540 2324 venerabiles
1563 2291 1665 2322 esse
1689 2292 1768 2321 nu-

291 2354 430 2419 ptias,
463 2355 630 2420 inquit,
658 2373 709 2403 ac
735 2356 815 2403 Dei
843 2356 1066 2421 aspirante
1092 2356 1234 2419 gratia
1261 2354 1450 2402 caeleste
1478 2368 1660 2415 regnum
1688 2350 1767 2398 ob-

291 2430 458 2489 tinere,
497 2433 601 2497 quis
633 2433 702 2481 vel
736 2451 789 2480 ex
823 2450 876 2481 eo
910 2451 997 2482 non
1037 2442 1299 2496 cognoscat,
1337 2430 1457 2496 quod
1497 2428 1553 2476 ad
1588 2428 1767 2493 nuptias

287 2563 441 2595 mentum
450 2587 461 2602 ‚
483 2565 520 2596 in
536 2563 673 2597 christo
685 2566 718 2597 et
732 2566 768 2597 in
782 2564 924 2598 ecclesia
933 2588 943 2605 ‚
960 2563 1203 2606 praedicaverat
1216 2562 1390 2604 Apostolus
1404 2560 1445 2592 ad
1460 2560 1576 2601 Ephes.
1594 2561 1650 2600 V.,
1662 2558 1704 2591 ab
1718 2567 1767 2591 ec·

286 2614 402 2647 clesiae
413 2617 598 2657 primordiis
611 2619 743 2650 cautum
758 2619 822 2659 est,
838 2626 879 2650 ne
894 2618 987 2649 aliter
997 2616 1081 2649 illud
1094 2615 1229 2656 inirent,
1244 2623 1343 2656 quam
1354 2622 1464 2646 coram
1478 2612 1662 2653 sacerdote,
1672 2611 1766 2643 cuius

290 2666 511 2702 benedictione
540 2670 792 2712 quodammodo
818 2670 1052 2712 obsignaretur.
1079 2669 1184 2702 Huius
1205 2667 1398 2710 disciplinae
1422 2665 1645 2700 testimonium
1671 2664 1768 2698 nohis

288 2721 457 2760 perhibent
472 2723 688 2764 antiquissimi
705 2725 844 2765 patres.»
1028 2722 1033 2727 ’

384 2774 450 2814 (13)
469 2775 571 2816 Epist.
584 2776 625 2808 ad
640 2777 809 2819 Polycarp.
820 2786 892 2818 cap.
906 2778 943 2809 V.
953 2776 1006 2809 ed.
1019 2775 1125 2809 Cotel.

384 2827 450 2868 (14)
471 2827 542 2860 Lib.
558 2830 599 2861 11.
611 2829 646 2862 iu
665 2831 713 2863 10.
726 2839 797 2872 cap.
814 2830 925 2863 22.0d.
938 2829 1040 2863 Paris.
1056 2834 1144 2863 1638.
