1912 3180
332 197 422 230 cn.
450 196 512 230 111.
544 196 596 229 ni:
631 196 804 231 ιιΑτιιιιι.
834 197 981 230 emus
1019 197 1139 230 tucn.
1171 196 1264 231 Αιιτ.
1293 196 1355 231 ιιι.
1495 183 1584 229 317

115 292 171 322 cx
190 284 315 339 parte
338 286 624 338 cognatorum
642 286 687 322 et
704 275 927 332 affinium,
944 277 1023 340 qui
1047 276 1229 325 excitari
1254 275 1366 324 solet
1388 273 1446 324 ob
1466 276 1587 324 eius-

114 351 234 399 modi
258 351 482 415 co'niugiae
515 352 605 399 vim
635 362 808 398 exercet
834 351 1024 400 detectio
1047 353 1322 409 defectuum,
1350 352 1427 417 qui
1462 352 1586 417 prius

113 426 333 484 latebant,
370 438 504 492 atque
525 428 582 475 ad
606 427 933 493 separationem
968 428 1178 492 paulatim
1207 428 1465 493 impellunt3
1496 428 1586 477 vim

115 512 289 550 exercet
322 503 421 568 ipsa
455 503 570 567 legis
605 503 867 568 impotentia
901 503 958 550 ad
993 515 1115 552 sarta
1137 515 1252 557 tecta
1275 505 1500 553 eiusmodi
1523 505 1587 553 ci-

115 577 224 626 vilia
258 578 485 626 connubia
518 578 838 627 conservanda.
868 578 914 626 Si
938 578 1042 643 quis
1066 580 1184 627 enim
1208 594 1492 646 quacumque
1515 580 1588 628 de·-

114 671 236 702 mum
271 672 325 703 ex
357 672 498 703 causa
531 666 653 720 optet
679 655 858 703 fictitias
888 672 994 703 suas
1024 657 1203 720 nuptias
1233 657 1389 705 civiles
1421 657 1587 706 dissol—

113 747 216 779 vere
244 768 254 787 ,
293 742 343 779 ut
376 731 730 780 iurisdictionem
764 730 950 795 effugiat
986 732 1274 795 magistratus
1297 770 1307 788 ‚
1345 734 1423 798 qui
1457 732 1587 782 civile

115 807 374 871 coniugium
408 807 535 872 prius
571 808 730 855 initum
766 818 935 864 tuetur,
964 808 1207 857 ac-servari
1231 807 1380 866 iubet,
1409 809 1520 857 satis
1543 809 1589 856 ei

115 894 183 931 est
215 884 262 931 in
301 884 538 932 finitimam
575 885 800 947 regionem
825 901 874 932 se
896 884 1097 934 conferre
1125 902 1233 932 cum
1263 885 1411 932 animo
1444 884 1588 932 domi·

114 959 233 1017 cilii,
273 971 350 1009 aut
383 960 516 1025 quasi
550 960 765 1008 domicilii
790 960 852 1008 ibi
878 960 1088 1025 ponendi.
1118 961 1185 1008 lbi
1217 961 1416 1010 exhibito
1449 960 1587 1009 docu-

115 1046 263 1084 mento
304 1046 447 1084 status
481 1036 644 1092 liberi,
692 1037 810 1101 quod
844 1038 919 1094 ei,
958 1037 1036 1102 qui
1071 1037 1175 1087 solo³
1199 1037 1319 1086 civili
1357 1037 1587 1085 'connubio

115 1112 380 1160 coniunctus
413 1123 508 1169 est,
547 1113 788 1178 episcopus
815 1124 892 1161 aut
915 1113 1255 1178 parochus'loci
1287 1114 1412 1162 iuxta
1445 1113 1587 1162 eccle-

115 1189 212 1237 siae
242 1188 364 1253 leges
399 1189 621 1253 denegare
656 1207 744 1238 non
778 1199 945 1255 poteSt,
975 1190 1098 1238 nulla
1130 1190 1246 1238 facta
1277 1190 1500 1238 mentione
1528 1191 1587 1238 ci-

112 1265 219 1314 vilis
247 1265 467 1329 coniugii,
506 1283 644 1314 novas
679 1265 900 1314 contrahit
934 1266 1115 1330 nuptias
1138 1266 1185 1313 in
1209 1266 1322 1314 facie
1344 1265 1581 1322 ecclesiae,

115 1342 274 1407 sicque
296 1352 446 1390 actum
470 1353 538 1390 est
560 1343 617 1390 de
642 1342 778 1407 priori
802 1342 922 1391 civili
946 1342 1169 1391 connubio
1193 1352 1323 1391 antea
1340 1353 1580 1390 contracto.

117 1417 216 1474 Quo
239 1418 286 1465 in
313 1435 423 1466 casu
446 1436 502 1466 en
528 1418 740 1466 familiam
764 1418 1028 1467 dissolutam
1052 1456 1062 1475 ‚
1101 1418 1205 1466 licet
1237 1418 1307 1466 lex
1339 1435 1438 1466 eam
1472 1419 1585 1466 tueri

120 1511 200 1558 pro
234 1494 404 1542 viribus
440 1504 578 1542 curet.

210 1570 276 1618 De
298 1569 439 1635 prolis
462 1587 517 1619 ex
539 1570 761 1619 eiusmodi
792 1571 1014 1635 coniugiis
1040 1580 1311 1636 propagatae
1332 1569 1586 1618 conditione

115 1647 162 1694 in
198 1646 319 1694 omni
355 1645 598 1711 hypothesi
632 1647 743 1695 satis
776 1647 971 1696 diximus
989 1685 999 1705 ,
1026 1647 1136 1712 quin
1160 1647 1316 1696 eadem
1339 1647 1500 1694 iterum
1522 1647 1586 1693 in-

115 1740 268 1786 gerere
307 1722 579 1779 debeamus3
626 1740 742 1787 quae
781 1723 933 1772 omnia
965 1724 1012 1770 in
1047 1723 1244 1772 familiae
1286 1722 1463 1771 tandem
1508 1721 1586 1770 de-

118 1798 374 1847 trimentum
408 1798 586 1847 cedunt.

213 1875 380 1940 Ecquis
415 1885 562 1922 autem
596 1876 767 1923 nesciat
801 1876 1026 1923 societatis
1060 1876 1226 1924 bonum
1253 1893 1283 1923 a
1313 1875 1430 1923 bono
1458 1875 1585 1923 fami-

114 1951 276 1998 liarum
300 1988 310 2007 ‚
348 1968 402 1998 ex
435 1951 600 2016 quibus
635 1951 711 1999 illa
744 1952 981 2007 coalescit,
1022 1951 1252 2017 pendere?
1272 1952 1318 1998 Si
1343 1952 1425 1999 rite
1457 1951 1586 1999 fami-

117 2026 204 2075 liae
238 2026 400 2075 fuerint
427 2028 692 2075 constitutae
721 2046 773 2076 ac
802 2028 1056 2083 ordinatae,
1085 2028 1167 2077 rite
1190 2028 1354 2092 pariter
1376 2028 1459 2075 erit
1480 2044 1585 2075 con-

116 2104 270 2151 stituta
299 2121 351 2151 ac
378 2104 582 2152 ordinata
605 2105 821 2161 societas;
850 2104 928 2152 ubi
952 2121 1082 2152 secus
1115 2105 1292 2153 evenire
1325 2104 1582 2166 contigerit,

116 2170 307 2228 societas
342 2198 370 2228 a
405 2180 575 2236 radice,
613 2192 662 2228 ut
694 2181 757 2228 ita
790 2180 974 2245 loquar,
1013 2180 1203 2229 laeditur
1235 2191 1369 2245 atque
1410 2179 1586 2228 convel-

114 2257 234 2304 litur.
263 2257 374 2304 Nam
403 2257 596 2306 societas
631 2275 721 2305 non
754 2268 823 2306 est
855 2257 1033 2304 demum
1069 2257 1157 2305 nisi
1191 2274 1352 2321 magna
1386 2255 1581 2312 familia,

114 2349 232 2397 quae
255 2349 310 2379 ex
335 2333 522 2398 privatis
557 2332 741 2380 familiis
771 2333 854 2380 rite
887 2333 1122 2397 dispositis
1138 2371 1148 2391 ,
1176 2344 1401 2397 tamquam
1424 2349 1587 2397 corpus

114 2408 326 2456 membris
361 2399 662 2456 constituitur.
697 2408 823 2456 Vices
858 2408 1044 2473 proinde
1078 2425 1249 2465 omnes,
1276 2408 1380 2458 data
1403 2424 1587 2474 propor-

115 2485 249 2542 tione,
276 2485 430 2534 subire
457 2484 590 2533 debet
619 2485 808 2533 societas
828 2523 838 2541 ,
875 2484 1040 2550 quibus
1075 2485 1274 2549 privatae
1308 2483 1500 2532 subsunt
1521 2483 1587 2532 fa—

115 2561 290 2618 miliae,
326 2562 640 2626 societatisque
666 2561 978 2609 detrimentum
1008 2570 1101 2617 est,
1128 2560 1350 2625 quidquid
1367 2560 1517 2624 {vergit
1539 2560 1585 2607 in

117 2637 312 2685 familiae
344 2638 670 2686 detrimentum.
1419 2687 1421 2689 ,

214 2714 340 2761 Nunc
368 2715 586 2762 sciscitari
612 2714 751 2771 lubet,
781 2714 963 2779 politica
990 2732 1046 2762 ne
1062 2753 1072 2770 ,
1101 2732 1157 2761 an
1181 2730 1286 2762 vero
1310 2713 1585 2779 antipolitica

119 2788 188 2835 lex
212 2788 401 2837 dicenda
431 2791 515 2846 sit,
542 2808 659 2855 quae
685 2800 841 2839 natura
868 2808 951 2839 sua
975 2801 1037 2838 tot
1060 2790 1224 2839 damna
1248 2808 1300 2839 ac
1321 2780 1585 2839 detrimenta
