<?xml version="1.0" encoding="UTF-8"?>
<!DOCTYPE html PUBLIC "-//W3C//DTD XHTML 1.0 Transitional//EN"
    "http://www.w3.org/TR/xhtml1/DTD/xhtml1-transitional.dtd">
<html xmlns="http://www.w3.org/1999/xhtml" xml:lang="en" lang="en">
 <head>
  <title>
</title>
<meta http-equiv="Content-Type" content="text/html;charset=utf-8" />
  <meta name='ocr-system' content='tesseract 3.04.00' />
  <meta name='ocr-capabilities' content='ocr_page ocr_carea ocr_par ocr_line ocrx_word'/>
</head>
<body>
  <div class='ocr_page' id='page_1' title='image "a603380701perruoft_0125.png"; bbox 0 0 1918 3186; ppageno 0'>
   <div class='ocr_carea' id='block_1_1' title="bbox 237 182 1606 228">
    <p class='ocr_par' dir='ltr' id='par_1_1' title="bbox 237 182 1606 228">
     <span class='ocr_line' id='line_1_1' title="bbox 237 182 1606 228; baseline 0.001 -3"><span class='ocrx_word' id='word_1_1' title='bbox 237 193 329 225; x_wconf 59' lang='lat' dir='ltr'><strong>cir.</strong></span> <span class='ocrx_word' id='word_1_2' title='bbox 347 193 403 224; x_wconf 91' lang='lat' dir='ltr'><strong>1v.</strong></span> <span class='ocrx_word' id='word_1_3' title='bbox 422 193 599 225; x_wconf 78' lang='lat' dir='ltr'><strong>EXPENn.</strong></span> <span class='ocrx_word' id='word_1_4' title='bbox 613 193 708 224; x_wconf 70' lang='lat' dir='ltr'><strong>Aac.</strong></span> <span class='ocrx_word' id='word_1_5' title='bbox 724 193 775 225; x_wconf 77' lang='lat' dir='ltr'><strong>m:</strong></span> <span class='ocrx_word' id='word_1_6' title='bbox 795 194 887 226; x_wconf 72' lang='lat' dir='ltr'><strong>um.</strong></span> <span class='ocrx_word' id='word_1_7' title='bbox 903 194 1018 226; x_wconf 64' lang='lat' dir='ltr'><strong>Sica.</strong></span> <span class='ocrx_word' id='word_1_8' title='bbox 1034 194 1127 228; x_wconf 71' lang='grc' dir='ltr'><strong>ΑΜ.</strong></span> <span class='ocrx_word' id='word_1_9' title='bbox 1140 194 1186 226; x_wconf 88' lang='lat' dir='ltr'><strong>n.</strong></span> <span class='ocrx_word' id='word_1_10' title='bbox 1201 195 1295 227; x_wconf 72' lang='lat' dir='ltr'><strong>Aac.</strong></span> <span class='ocrx_word' id='word_1_11' title='bbox 1315 195 1434 227; x_wconf 70' lang='lat' dir='ltr'><strong>mm.</strong></span> <span class='ocrx_word' id='word_1_12' title='bbox 1516 182 1606 226; x_wconf 82' lang='lat'><strong>103</strong></span> 
     </span>
    </p>
   </div>
   <div class='ocr_carea' id='block_1_2' title="bbox 125 270 1612 2545">
    <p class='ocr_par' dir='ltr' id='par_1_2' title="bbox 129 270 1609 1100">
     <span class='ocr_line' id='line_1_2' title="bbox 135 270 1608 337; baseline 0.001 -19"><span class='ocrx_word' id='word_1_13' title='bbox 135 271 439 328; x_wconf 88' lang='lat' dir='ltr'><strong>coniunctam,</strong></span> <span class='ocrx_word' id='word_1_14' title='bbox 468 271 690 334; x_wconf 79' lang='lat' dir='ltr'><strong>suggerite</strong></span> <span class='ocrx_word' id='word_1_15' title='bbox 708 270 771 316; x_wconf 91' lang='lat' dir='ltr'><strong>illi</strong></span> <span class='ocrx_word' id='word_1_16' title='bbox 789 308 799 327; x_wconf 91' lang='lat'><strong>,</strong></span> <span class='ocrx_word' id='word_1_17' title='bbox 829 282 876 318; x_wconf 92' lang='lat' dir='ltr'><strong>ut</strong></span> <span class='ocrx_word' id='word_1_18' title='bbox 900 289 987 319; x_wconf 93' lang='lat' dir='ltr'><strong>non</strong></span> <span class='ocrx_word' id='word_1_19' title='bbox 1011 271 1196 320; x_wconf 81' lang='lat' dir='ltr'>moleste</span> <span class='ocrx_word' id='word_1_20' title='bbox 1229 273 1339 320; x_wconf 84' lang='lat' dir='ltr'><strong>ferat</strong></span> <span class='ocrx_word' id='word_1_21' title='bbox 1366 272 1608 337; x_wconf 81' lang='lat' dir='ltr'><strong>legitimam</strong></span> 
     </span>
     <span class='ocr_line' id='line_1_3' title="bbox 134 346 1608 414; baseline 0.002 -21"><span class='ocrx_word' id='word_1_22' title='bbox 134 347 248 394; x_wconf 90' lang='lat' dir='ltr'><strong>sibi.</strong></span> <span class='ocrx_word' id='word_1_23' title='bbox 272 386 280 394; x_wconf 88' lang='lat'><strong><em>.</em></strong></span> <span class='ocrx_word' id='word_1_24' title='bbox 303 386 311 394; x_wconf 91' lang='lat'><strong><em>.</em></strong></span> <span class='ocrx_word' id='word_1_25' title='bbox 335 346 634 395; x_wconf 79' lang='lat' dir='ltr'><strong>‚reconciliari</strong></span> <span class='ocrx_word' id='word_1_26' title='bbox 665 363 844 394; x_wconf 84' lang='lat' dir='ltr'><strong>uxorem</strong></span> <span class='ocrx_word' id='word_1_27' title='bbox 882 348 1000 408; x_wconf 81' lang='grc'>(4).»</span> <span class='ocrx_word' id='word_1_28' title='bbox 1024 349 1157 396; x_wconf 92' lang='lat' dir='ltr'><strong>Porro</strong></span> <span class='ocrx_word' id='word_1_29' title='bbox 1190 366 1244 396; x_wconf 82' lang='lat' dir='ltr'><strong>ex</strong></span> <span class='ocrx_word' id='word_1_30' title='bbox 1277 349 1349 397; x_wconf 93' lang='lat' dir='ltr'><strong>his</strong></span> <span class='ocrx_word' id='word_1_31' title='bbox 1384 348 1524 414; x_wconf 85' lang='lat' dir='ltr'><strong>liquet</strong></span> <span class='ocrx_word' id='word_1_32' title='bbox 1562 350 1608 396; x_wconf 89' lang='lat' dir='ltr'><strong>in</strong></span> 
     </span>
     <span class='ocr_line' id='line_1_4' title="bbox 134 423 1608 490; baseline 0.002 -21"><span class='ocrx_word' id='word_1_33' title='bbox 134 423 258 471; x_wconf 89' lang='lat' dir='ltr'><strong>hisce</strong></span> <span class='ocrx_word' id='word_1_34' title='bbox 291 423 518 487; x_wconf 84' lang='lat' dir='ltr'><strong>rescriptis</strong></span> <span class='ocrx_word' id='word_1_35' title='bbox 555 423 822 470; x_wconf 89' lang='lat' dir='ltr'><strong>coniunctim</strong></span> <span class='ocrx_word' id='word_1_36' title='bbox 857 423 927 486; x_wconf 83' lang='lat' dir='ltr'><strong>agi</strong></span> <span class='ocrx_word' id='word_1_37' title='bbox 953 424 1010 470; x_wconf 89' lang='lat' dir='ltr'><strong>de</strong></span> <span class='ocrx_word' id='word_1_38' title='bbox 1035 425 1237 482; x_wconf 91' lang='lat' dir='ltr'><strong>indiciis,</strong></span> <span class='ocrx_word' id='word_1_39' title='bbox 1278 425 1442 490; x_wconf 90' lang='lat' dir='ltr'><strong>quibus</strong></span> <span class='ocrx_word' id='word_1_40' title='bbox 1476 425 1608 489; x_wconf 84' lang='lat' dir='ltr'><strong>legati</strong></span> 
     </span>
     <span class='ocr_line' id='line_1_5' title="bbox 133 498 1609 563; baseline 0.002 -17"><span class='ocrx_word' id='word_1_41' title='bbox 133 499 350 563; x_wconf 87' lang='lat' dir='ltr'><strong>pontificii</strong></span> <span class='ocrx_word' id='word_1_42' title='bbox 369 499 576 546; x_wconf 84' lang='lat' dir='ltr'><strong>certiores</strong></span> <span class='ocrx_word' id='word_1_43' title='bbox 592 498 748 545; x_wconf 90' lang='lat' dir='ltr'><strong>fierent</strong></span> <span class='ocrx_word' id='word_1_44' title='bbox 759 498 814 545; x_wconf 92' lang='lat' dir='ltr'><strong>de</strong></span> <span class='ocrx_word' id='word_1_45' title='bbox 826 508 1063 555; x_wconf 88' lang='lat' dir='ltr'><strong>contracto,</strong></span> <span class='ocrx_word' id='word_1_46' title='bbox 1076 511 1150 547; x_wconf 89' lang='lat' dir='ltr'><strong>aut</strong></span> <span class='ocrx_word' id='word_1_47' title='bbox 1164 518 1250 548; x_wconf 90' lang='lat' dir='ltr'><strong>non</strong></span> <span class='ocrx_word' id='word_1_48' title='bbox 1269 512 1490 549; x_wconf 88' lang='lat' dir='ltr'><strong>contracto</strong></span> <span class='ocrx_word' id='word_1_49' title='bbox 1507 519 1609 549; x_wconf 89' lang='lat' dir='ltr'><strong>con-</strong></span> 
     </span>
     <span class='ocr_line' id='line_1_6' title="bbox 134 574 1607 641; baseline 0.003 -20"><span class='ocrx_word' id='word_1_50' title='bbox 134 576 269 639; x_wconf 79' lang='lat' dir='ltr'><strong>iugio,</strong></span> <span class='ocrx_word' id='word_1_51' title='bbox 292 575 405 621; x_wconf 90' lang='lat' dir='ltr'><strong>inter</strong></span> <span class='ocrx_word' id='word_1_52' title='bbox 427 591 543 639; x_wconf 90' lang='lat' dir='ltr'><strong>quae</strong></span> <span class='ocrx_word' id='word_1_53' title='bbox 566 585 821 622; x_wconf 88' lang='lat' dir='ltr'><strong>recensetur</strong></span> <span class='ocrx_word' id='word_1_54' title='bbox 844 574 955 622; x_wconf 89' lang='lat' dir='ltr'><strong>ritus</strong></span> <span class='ocrx_word' id='word_1_55' title='bbox 974 574 1207 633; x_wconf 86' lang='lat' dir='ltr'><strong>ecclesiae,</strong></span> <span class='ocrx_word' id='word_1_56' title='bbox 1232 577 1607 641; x_wconf 84' lang='lat' dir='ltr'><strong>quemadmodum</strong></span> 
     </span>
     <span class='ocr_line' id='line_1_7' title="bbox 132 651 1608 717; baseline 0.001 -19"><span class='ocrx_word' id='word_1_57' title='bbox 132 662 417 700; x_wconf 85' lang='lat' dir='ltr'><strong>recensentur</strong></span> <span class='ocrx_word' id='word_1_58' title='bbox 440 661 574 698; x_wconf 90' lang='lat' dir='ltr'><strong>testes</strong></span> <span class='ocrx_word' id='word_1_59' title='bbox 592 661 636 699; x_wconf 91' lang='lat' dir='ltr'><strong>et</strong></span> <span class='ocrx_word' id='word_1_60' title='bbox 652 651 727 698; x_wconf 82' lang='lat' dir='ltr'><strong>dos</strong></span> <span class='ocrx_word' id='word_1_61' title='bbox 745 653 983 716; x_wconf 78' lang='lat' dir='ltr'><strong>promissa,</strong></span> <span class='ocrx_word' id='word_1_62' title='bbox 1006 651 1206 717; x_wconf 87' lang='lat' dir='ltr'><strong>adeoque</strong></span> <span class='ocrx_word' id='word_1_63' title='bbox 1224 653 1443 701; x_wconf 91' lang='lat' dir='ltr'><strong>eiusmodi</strong></span> <span class='ocrx_word' id='word_1_64' title='bbox 1462 671 1608 702; x_wconf 90' lang='lat' dir='ltr'><strong>sacer-</strong></span> 
     </span>
     <span class='ocr_line' id='line_1_8' title="bbox 132 727 1608 794; baseline 0.002 -19"><span class='ocrx_word' id='word_1_65' title='bbox 132 728 248 776; x_wconf 90' lang='lat' dir='ltr'><strong>dotis</strong></span> <span class='ocrx_word' id='word_1_66' title='bbox 283 727 534 775; x_wconf 90' lang='lat' dir='ltr'><strong>benedictio</strong></span> <span class='ocrx_word' id='word_1_67' title='bbox 569 728 752 792; x_wconf 90' lang='lat' dir='ltr'><strong>perinde</strong></span> <span class='ocrx_word' id='word_1_68' title='bbox 777 727 892 776; x_wconf 87' lang='lat' dir='ltr'><strong>valet</strong></span> <span class='ocrx_word' id='word_1_69' title='bbox 924 745 976 775; x_wconf 91' lang='lat' dir='ltr'><strong>ac</strong></span> <span class='ocrx_word' id='word_1_70' title='bbox 1003 728 1183 792; x_wconf 80' lang='lat' dir='ltr'><strong>publica</strong></span> <span class='ocrx_word' id='word_1_71' title='bbox 1215 730 1529 794; x_wconf 77' lang='lat' dir='ltr'><strong>manifestatio,</strong></span> <span class='ocrx_word' id='word_1_72' title='bbox 1563 741 1608 778; x_wconf 90' lang='lat' dir='ltr'><strong>et</strong></span> 
     </span>
     <span class='ocr_line' id='line_1_9' title="bbox 131 805 1606 871; baseline 0.002 -20"><span class='ocrx_word' id='word_1_73' title='bbox 131 805 245 851; x_wconf 91' lang='lat' dir='ltr'><strong>nihil</strong></span> <span class='ocrx_word' id='word_1_74' title='bbox 264 815 513 871; x_wconf 83' lang='lat' dir='ltr'><strong>praeterea3</strong></span> <span class='ocrx_word' id='word_1_75' title='bbox 537 823 626 870; x_wconf 93' lang='lat' dir='ltr'><strong>qua</strong></span> <span class='ocrx_word' id='word_1_76' title='bbox 643 805 823 870; x_wconf 88' lang='lat' dir='ltr'><strong>publica</strong></span> <span class='ocrx_word' id='word_1_77' title='bbox 841 805 1196 853; x_wconf 82' lang='lat' dir='ltr'><strong>manifestatione</strong></span> <span class='ocrx_word' id='word_1_78' title='bbox 1213 815 1383 869; x_wconf 89' lang='lat' dir='ltr'><strong>poterat</strong></span> <span class='ocrx_word' id='word_1_79' title='bbox 1403 817 1606 854; x_wconf 87' lang='lat' dir='ltr'><strong>constare</strong></span> 
     </span>
     <span class='ocr_line' id='line_1_10' title="bbox 130 881 1600 930; baseline 0.001 -2"><span class='ocrx_word' id='word_1_80' title='bbox 130 882 187 929; x_wconf 90' lang='lat' dir='ltr'><strong>de</strong></span> <span class='ocrx_word' id='word_1_81' title='bbox 219 899 323 930; x_wconf 80' lang='lat' dir='ltr'><strong>vero</strong></span> <span class='ocrx_word' id='word_1_82' title='bbox 357 882 637 929; x_wconf 91' lang='lat' dir='ltr'><strong>matrimonio</strong></span> <span class='ocrx_word' id='word_1_83' title='bbox 671 881 779 929; x_wconf 91' lang='lat' dir='ltr'><strong>inito</strong></span> <span class='ocrx_word' id='word_1_84' title='bbox 813 881 926 929; x_wconf 89' lang='lat' dir='ltr'><strong>inter</strong></span> <span class='ocrx_word' id='word_1_85' title='bbox 959 881 1210 928; x_wconf 88' lang='lat' dir='ltr'><strong>Lotharium</strong></span> <span class='ocrx_word' id='word_1_86' title='bbox 1234 892 1278 929; x_wconf 91' lang='lat' dir='ltr'><strong>et</strong></span> <span class='ocrx_word' id='word_1_87' title='bbox 1298 882 1600 930; x_wconf 88' lang='lat' dir='ltr'><strong>Waldradam.</strong></span> 
     </span>
     <span class='ocr_line' id='line_1_11' title="bbox 129 958 1606 1023; baseline 0.001 -18"><span class='ocrx_word' id='word_1_88' title='bbox 129 959 185 1006; x_wconf 90' lang='lat' dir='ltr'><strong>Et</strong></span> <span class='ocrx_word' id='word_1_89' title='bbox 208 958 255 1005; x_wconf 93' lang='lat' dir='ltr'><strong>hi</strong></span> <span class='ocrx_word' id='word_1_90' title='bbox 283 959 469 1023; x_wconf 87' lang='lat' dir='ltr'><strong>proinde</strong></span> <span class='ocrx_word' id='word_1_91' title='bbox 505 968 647 1006; x_wconf 84' lang='lat' dir='ltr'><strong>textus</strong></span> <span class='ocrx_word' id='word_1_92' title='bbox 682 968 907 1023; x_wconf 88' lang='lat' dir='ltr'><strong>tamquam</strong></span> <span class='ocrx_word' id='word_1_93' title='bbox 943 958 1090 1006; x_wconf 88' lang='lat' dir='ltr'><strong>minus</strong></span> <span class='ocrx_word' id='word_1_94' title='bbox 1124 958 1360 1023; x_wconf 91' lang='lat' dir='ltr'><strong>opportuni</strong></span> <span class='ocrx_word' id='word_1_95' title='bbox 1396 970 1502 1007; x_wconf 89' lang='lat' dir='ltr'><strong>sunt</strong></span> <span class='ocrx_word' id='word_1_96' title='bbox 1534 977 1606 1007; x_wconf 91' lang='lat' dir='ltr'><strong>se—</strong></span> 
     </span>
     <span class='ocr_line' id='line_1_12' title="bbox 132 1035 343 1100; baseline -0.005 -17"><span class='ocrx_word' id='word_1_97' title='bbox 132 1035 343 1100; x_wconf 91' lang='lat' dir='ltr'><strong>ponendi.</strong></span> 
     </span>
    </p>

    <p class='ocr_par' dir='ltr' id='par_1_3' title="bbox 125 1111 1612 2545">
     <span class='ocr_line' id='line_1_13' title="bbox 227 1111 1603 1177; baseline 0.001 -18"><span class='ocrx_word' id='word_1_98' title='bbox 227 1111 421 1168; x_wconf 87' lang='lat' dir='ltr'><strong>Quartus</strong></span> <span class='ocrx_word' id='word_1_99' title='bbox 455 1123 523 1160; x_wconf 88' lang='lat' dir='ltr'><strong>est</strong></span> <span class='ocrx_word' id='word_1_100' title='bbox 557 1111 1003 1177; x_wconf 82' lang='lat' dir='ltr'><strong>pseudo-Evaristus,</strong></span> <span class='ocrx_word' id='word_1_101' title='bbox 1036 1129 1087 1159; x_wconf 87' lang='lat' dir='ltr'><strong>ac</strong></span> <span class='ocrx_word' id='word_1_102' title='bbox 1117 1111 1303 1159; x_wconf 87' lang='lat' dir='ltr'><strong>refertur</strong></span> <span class='ocrx_word' id='word_1_103' title='bbox 1335 1129 1362 1159; x_wconf 91' lang='lat' dir='ltr'><strong>a</strong></span> <span class='ocrx_word' id='word_1_104' title='bbox 1396 1111 1603 1160; x_wconf 87' lang='lat' dir='ltr'><strong>Gratiano</strong></span> 
     </span>
     <span class='ocr_line' id='line_1_14' title="bbox 134 1187 1604 1253; baseline 0.001 -18"><span class='ocrx_word' id='word_1_105' title='bbox 134 1188 278 1236; x_wconf 83' lang='lat' dir='ltr'><strong>Causa</strong></span> <span class='ocrx_word' id='word_1_106' title='bbox 310 1189 441 1234; x_wconf 86' lang='lat' dir='ltr'>XXX.</span> <span class='ocrx_word' id='word_1_107' title='bbox 474 1206 551 1253; x_wconf 93' lang='lat' dir='ltr'><strong>qu.</strong></span> <span class='ocrx_word' id='word_1_108' title='bbox 582 1190 659 1234; x_wconf 86' lang='lat'><strong>10.</strong></span> <span class='ocrx_word' id='word_1_109' title='bbox 690 1205 728 1235; x_wconf 94' lang='lat' dir='ltr'><strong>c.</strong></span> <span class='ocrx_word' id='word_1_110' title='bbox 754 1190 798 1234; x_wconf 94' lang='lat'><strong>1.</strong></span> <span class='ocrx_word' id='word_1_111' title='bbox 822 1188 972 1242; x_wconf 79' lang='lat' dir='ltr'><strong>Aliter,</strong></span> <span class='ocrx_word' id='word_1_112' title='bbox 1003 1198 1046 1235; x_wconf 90' lang='lat' dir='ltr'><strong>et</strong></span> <span class='ocrx_word' id='word_1_113' title='bbox 1076 1188 1136 1234; x_wconf 89' lang='lat' dir='ltr'><strong>ita</strong></span> <span class='ocrx_word' id='word_1_114' title='bbox 1165 1204 1214 1235; x_wconf 90' lang='lat' dir='ltr'><strong>se</strong></span> <span class='ocrx_word' id='word_1_115' title='bbox 1242 1187 1398 1234; x_wconf 91' lang='lat' dir='ltr'><strong>habet:</strong></span> <span class='ocrx_word' id='word_1_116' title='bbox 1433 1187 1604 1236; x_wconf 89' lang='lat' dir='ltr'><strong>«Aliter</strong></span> 
     </span>
     <span class='ocr_line' id='line_1_15' title="bbox 126 1263 1603 1329; baseline 0.001 -18"><span class='ocrx_word' id='word_1_117' title='bbox 126 1264 244 1312; x_wconf 91' lang='lat' dir='ltr'><strong>enim</strong></span> <span class='ocrx_word' id='word_1_118' title='bbox 267 1264 511 1327; x_wconf 81' lang='lat' dir='ltr'><strong>legitimum</strong></span> <span class='ocrx_word' id='word_1_119' title='bbox 542 1266 624 1326; x_wconf 91' lang='lat' dir='ltr'><strong>(ut</strong></span> <span class='ocrx_word' id='word_1_120' title='bbox 646 1282 672 1311; x_wconf 88' lang='lat' dir='ltr'><strong>a</strong></span> <span class='ocrx_word' id='word_1_121' title='bbox 694 1263 895 1328; x_wconf 89' lang='lat' dir='ltr'><strong>patribus</strong></span> <span class='ocrx_word' id='word_1_122' title='bbox 926 1263 1202 1328; x_wconf 87' lang='lat' dir='ltr'><strong>accepimus,</strong></span> <span class='ocrx_word' id='word_1_123' title='bbox 1233 1281 1475 1329; x_wconf 92' lang='lat' dir='ltr'><strong>eorumque</strong></span> <span class='ocrx_word' id='word_1_124' title='bbox 1499 1281 1603 1312; x_wconf 91' lang='lat' dir='ltr'><strong>suc-</strong></span> 
     </span>
     <span class='ocr_line' id='line_1_16' title="bbox 126 1338 1600 1402; baseline -0.001 -14"><span class='ocrx_word' id='word_1_125' title='bbox 126 1340 379 1388; x_wconf 88' lang='lat' dir='ltr'><strong>cessoribus</strong></span> <span class='ocrx_word' id='word_1_126' title='bbox 415 1340 626 1387; x_wconf 89' lang='lat' dir='ltr'><strong>traditum</strong></span> <span class='ocrx_word' id='word_1_127' title='bbox 661 1339 942 1401; x_wconf 89' lang='lat' dir='ltr'><strong>invenimus)</strong></span> <span class='ocrx_word' id='word_1_128' title='bbox 977 1356 1064 1386; x_wconf 92' lang='lat' dir='ltr'><strong>non</strong></span> <span class='ocrx_word' id='word_1_129' title='bbox 1099 1339 1156 1386; x_wconf 87' lang='lat' dir='ltr'><strong>sit</strong></span> <span class='ocrx_word' id='word_1_130' title='bbox 1189 1338 1472 1402; x_wconf 79' lang='lat' dir='ltr'><strong>coniugium,</strong></span> <span class='ocrx_word' id='word_1_131' title='bbox 1512 1340 1600 1388; x_wconf 88' lang='lat' dir='ltr'><strong>nisi</strong></span> 
     </span>
     <span class='ocr_line' id='line_1_17' title="bbox 127 1414 1603 1481; baseline -0.001 -17"><span class='ocrx_word' id='word_1_132' title='bbox 127 1416 184 1464; x_wconf 89' lang='lat' dir='ltr'><strong>ab</strong></span> <span class='ocrx_word' id='word_1_133' title='bbox 210 1416 282 1464; x_wconf 89' lang='lat' dir='ltr'><strong>his</strong></span> <span class='ocrx_word' id='word_1_134' title='bbox 297 1455 306 1473; x_wconf 90' lang='lat'><strong>,</strong></span> <span class='ocrx_word' id='word_1_135' title='bbox 330 1416 407 1481; x_wconf 90' lang='lat' dir='ltr'><strong>qui</strong></span> <span class='ocrx_word' id='word_1_136' title='bbox 434 1434 567 1481; x_wconf 89' lang='lat' dir='ltr'><strong>super</strong></span> <span class='ocrx_word' id='word_1_137' title='bbox 591 1416 736 1480; x_wconf 89' lang='lat' dir='ltr'><strong>ipsam</strong></span> <span class='ocrx_word' id='word_1_138' title='bbox 765 1415 1002 1462; x_wconf 85' lang='lat' dir='ltr'><strong>foeminam</strong></span> <span class='ocrx_word' id='word_1_139' title='bbox 1027 1414 1373 1462; x_wconf 88' lang='lat' dir='ltr'><strong>dominationem</strong></span> <span class='ocrx_word' id='word_1_140' title='bbox 1394 1415 1603 1463; x_wconf 84' lang='lat' dir='ltr'><strong>videntur</strong></span> 
     </span>
     <span class='ocr_line' id='line_1_18' title="bbox 128 1491 1602 1557; baseline 0.001 -19"><span class='ocrx_word' id='word_1_141' title='bbox 128 1491 313 1549; x_wconf 90' lang='lat' dir='ltr'><strong>habere,</strong></span> <span class='ocrx_word' id='word_1_142' title='bbox 351 1503 395 1539; x_wconf 91' lang='lat' dir='ltr'><strong>et</strong></span> <span class='ocrx_word' id='word_1_143' title='bbox 426 1509 453 1539; x_wconf 91' lang='lat' dir='ltr'><strong>a</strong></span> <span class='ocrx_word' id='word_1_144' title='bbox 486 1492 651 1557; x_wconf 91' lang='lat' dir='ltr'><strong>quibus</strong></span> <span class='ocrx_word' id='word_1_145' title='bbox 695 1491 965 1547; x_wconf 90' lang='lat' dir='ltr'><strong>custoditur,</strong></span> <span class='ocrx_word' id='word_1_146' title='bbox 1005 1508 1114 1538; x_wconf 86' lang='lat' dir='ltr'><strong>uxor</strong></span> <span class='ocrx_word' id='word_1_147' title='bbox 1148 1501 1321 1555; x_wconf 88' lang='lat' dir='ltr'><strong>petatur</strong></span> <span class='ocrx_word' id='word_1_148' title='bbox 1342 1530 1352 1548; x_wconf 95' lang='lat'><strong>,</strong></span> <span class='ocrx_word' id='word_1_149' title='bbox 1391 1502 1434 1539; x_wconf 91' lang='lat' dir='ltr'><strong>et</strong></span> <span class='ocrx_word' id='word_1_150' title='bbox 1466 1509 1494 1538; x_wconf 88' lang='lat' dir='ltr'><strong>a</strong></span> <span class='ocrx_word' id='word_1_151' title='bbox 1528 1509 1602 1556; x_wconf 91' lang='lat' dir='ltr'><strong>pa-</strong></span> 
     </span>
     <span class='ocr_line' id='line_1_19' title="bbox 127 1566 1612 1633; baseline 0 -18"><span class='ocrx_word' id='word_1_152' title='bbox 127 1568 350 1625; x_wconf 91' lang='lat' dir='ltr'><strong>rentibus,</strong></span> <span class='ocrx_word' id='word_1_153' title='bbox 389 1579 466 1615; x_wconf 88' lang='lat' dir='ltr'><strong>aut</strong></span> <span class='ocrx_word' id='word_1_154' title='bbox 505 1567 900 1633; x_wconf 90' lang='lat' dir='ltr'><strong>propinquioribus</strong></span> <span class='ocrx_word' id='word_1_155' title='bbox 935 1577 1171 1631; x_wconf 88' lang='lat' dir='ltr'><strong>sponsetur</strong></span> <span class='ocrx_word' id='word_1_156' title='bbox 1192 1605 1202 1623; x_wconf 92' lang='lat'><strong>,</strong></span> <span class='ocrx_word' id='word_1_157' title='bbox 1239 1577 1282 1614; x_wconf 90' lang='lat' dir='ltr'><strong>et</strong></span> <span class='ocrx_word' id='word_1_158' title='bbox 1315 1566 1488 1630; x_wconf 82' lang='lat' dir='ltr'><strong>legibus</strong></span> <span class='ocrx_word' id='word_1_159' title='bbox 1522 1567 1612 1616; x_wconf 84' lang='lat' dir='ltr'><strong>do-‘</strong></span> 
     </span>
     <span class='ocr_line' id='line_1_20' title="bbox 126 1643 1601 1708; baseline -0.001 -16"><span class='ocrx_word' id='word_1_160' title='bbox 126 1655 267 1702; x_wconf 89' lang='lat' dir='ltr'><strong>tetur,</strong></span> <span class='ocrx_word' id='word_1_161' title='bbox 305 1654 348 1692; x_wconf 92' lang='lat' dir='ltr'><strong>et</strong></span> <span class='ocrx_word' id='word_1_162' title='bbox 382 1662 464 1692; x_wconf 92' lang='lat' dir='ltr'><strong>suo</strong></span> <span class='ocrx_word' id='word_1_163' title='bbox 498 1654 694 1708; x_wconf 89' lang='lat' dir='ltr'><strong>tempore</strong></span> <span class='ocrx_word' id='word_1_164' title='bbox 734 1643 1063 1691; x_wconf 88' lang='lat' dir='ltr'><strong>sacerdotaliter</strong></span> <span class='ocrx_word' id='word_1_165' title='bbox 1104 1645 1119 1705; x_wconf 95' lang='lat'><strong>(</strong></span> <span class='ocrx_word' id='word_1_166' title='bbox 1147 1653 1195 1690; x_wconf 91' lang='lat' dir='ltr'><strong>ut</strong></span> <span class='ocrx_word' id='word_1_167' title='bbox 1227 1660 1322 1691; x_wconf 88' lang='lat' dir='ltr'><strong>mos</strong></span> <span class='ocrx_word' id='word_1_168' title='bbox 1361 1645 1458 1706; x_wconf 91' lang='lat' dir='ltr'><strong>est)</strong></span> <span class='ocrx_word' id='word_1_169' title='bbox 1501 1661 1601 1691; x_wconf 91' lang='lat' dir='ltr'><strong>cum</strong></span> 
     </span>
     <span class='ocr_line' id='line_1_21' title="bbox 125 1719 1603 1785; baseline 0 -18"><span class='ocrx_word' id='word_1_170' title='bbox 125 1720 333 1785; x_wconf 90' lang='lat' dir='ltr'><strong>precibus</strong></span> <span class='ocrx_word' id='word_1_171' title='bbox 358 1730 401 1767; x_wconf 94' lang='lat' dir='ltr'><strong>et</strong></span> <span class='ocrx_word' id='word_1_172' title='bbox 423 1720 722 1768; x_wconf 90' lang='lat' dir='ltr'><strong>oblationibus</strong></span> <span class='ocrx_word' id='word_1_173' title='bbox 741 1738 767 1767; x_wconf 89' lang='lat' dir='ltr'><strong>a</strong></span> <span class='ocrx_word' id='word_1_174' title='bbox 785 1719 1013 1767; x_wconf 90' lang='lat' dir='ltr'><strong>sacerdote</strong></span> <span class='ocrx_word' id='word_1_175' title='bbox 1035 1719 1337 1776; x_wconf 89' lang='lat' dir='ltr'><strong>benedicatur,</strong></span> <span class='ocrx_word' id='word_1_176' title='bbox 1366 1730 1409 1767; x_wconf 92' lang='lat' dir='ltr'><strong>et</strong></span> <span class='ocrx_word' id='word_1_177' title='bbox 1426 1737 1452 1766; x_wconf 94' lang='lat' dir='ltr'><strong>a</strong></span> <span class='ocrx_word' id='word_1_178' title='bbox 1471 1738 1603 1784; x_wconf 88' lang='lat' dir='ltr'><strong>para-</strong></span> 
     </span>
     <span class='ocr_line' id='line_1_22' title="bbox 127 1795 1601 1861; baseline 0 -18"><span class='ocrx_word' id='word_1_179' title='bbox 127 1796 336 1861; x_wconf 84' lang='lat' dir='ltr'><strong>nymphis</strong></span> <span class='ocrx_word' id='word_1_180' title='bbox 366 1799 441 1859; x_wconf 90' lang='lat' dir='ltr'><strong>(ut</strong></span> <span class='ocrx_word' id='word_1_181' title='bbox 457 1796 728 1844; x_wconf 89' lang='lat' dir='ltr'><strong>consuetudo</strong></span> <span class='ocrx_word' id='word_1_182' title='bbox 748 1797 900 1859; x_wconf 88' lang='lat' dir='ltr'><strong>docet)</strong></span> <span class='ocrx_word' id='word_1_183' title='bbox 932 1795 1150 1843; x_wconf 85' lang='lat' dir='ltr'><strong>custodita</strong></span> <span class='ocrx_word' id='word_1_184' title='bbox 1175 1795 1256 1852; x_wconf 89' lang='lat' dir='ltr'><strong>sit,</strong></span> <span class='ocrx_word' id='word_1_185' title='bbox 1285 1806 1328 1842; x_wconf 90' lang='lat' dir='ltr'><strong>et</strong></span> <span class='ocrx_word' id='word_1_186' title='bbox 1350 1796 1601 1844; x_wconf 90' lang='lat' dir='ltr'><strong>consociata</strong></span> 
     </span>
     <span class='ocr_line' id='line_1_23' title="bbox 129 1870 1601 1938; baseline 0 -20"><span class='ocrx_word' id='word_1_187' title='bbox 129 1889 155 1918; x_wconf 87' lang='lat' dir='ltr'><strong>a</strong></span> <span class='ocrx_word' id='word_1_188' title='bbox 187 1873 398 1936; x_wconf 85' lang='lat' dir='ltr'><strong>proximis</strong></span> <span class='ocrx_word' id='word_1_189' title='bbox 442 1884 639 1938; x_wconf 87' lang='lat' dir='ltr'><strong>tempore</strong></span> <span class='ocrx_word' id='word_1_190' title='bbox 683 1889 876 1935; x_wconf 80' lang='lat' dir='ltr'><strong>congruo</strong></span> <span class='ocrx_word' id='word_1_191' title='bbox 910 1872 1070 1938; x_wconf 86' lang='lat' dir='ltr'><strong>petita,</strong></span> <span class='ocrx_word' id='word_1_192' title='bbox 1108 1870 1281 1934; x_wconf 80' lang='lat' dir='ltr'><strong>legibus</strong></span> <span class='ocrx_word' id='word_1_193' title='bbox 1316 1871 1519 1928; x_wconf 86' lang='lat' dir='ltr'><strong>dotetur,</strong></span> <span class='ocrx_word' id='word_1_194' title='bbox 1558 1880 1601 1918; x_wconf 88' lang='lat' dir='ltr'><strong>et</strong></span> 
     </span>
     <span class='ocr_line' id='line_1_24' title="bbox 129 1944 1600 2012; baseline 0 -19"><span class='ocrx_word' id='word_1_195' title='bbox 129 1944 380 1994; x_wconf 91' lang='lat' dir='ltr'><strong>solemniter</strong></span> <span class='ocrx_word' id='word_1_196' title='bbox 411 1948 681 2012; x_wconf 89' lang='lat' dir='ltr'><strong>accipiatur,</strong></span> <span class='ocrx_word' id='word_1_197' title='bbox 707 1958 751 1995; x_wconf 93' lang='lat' dir='ltr'><strong>et</strong></span> <span class='ocrx_word' id='word_1_198' title='bbox 767 1947 904 2001; x_wconf 88' lang='lat' dir='ltr'><strong>biduo</strong></span> <span class='ocrx_word' id='word_1_199' title='bbox 938 1946 1007 1995; x_wconf 88' lang='lat' dir='ltr'><strong>vel</strong></span> <span class='ocrx_word' id='word_1_200' title='bbox 1042 1945 1187 1993; x_wconf 88' lang='lat' dir='ltr'><strong>triduo</strong></span> <span class='ocrx_word' id='word_1_201' title='bbox 1222 1945 1495 1994; x_wconf 89' lang='lat' dir='ltr'><strong>orationibus</strong></span> <span class='ocrx_word' id='word_1_202' title='bbox 1522 1963 1600 1993; x_wconf 87' lang='lat' dir='ltr'><strong>va-</strong></span> 
     </span>
     <span class='ocr_line' id='line_1_25' title="bbox 129 2023 1599 2071; baseline -0.001 -2"><span class='ocrx_word' id='word_1_203' title='bbox 129 2032 228 2069; x_wconf 90' lang='lat' dir='ltr'><strong>cent</strong></span> <span class='ocrx_word' id='word_1_204' title='bbox 257 2033 300 2070; x_wconf 90' lang='lat' dir='ltr'><strong>et</strong></span> <span class='ocrx_word' id='word_1_205' title='bbox 331 2024 578 2071; x_wconf 88' lang='lat' dir='ltr'><strong>castitatem</strong></span> <span class='ocrx_word' id='word_1_206' title='bbox 607 2023 908 2071; x_wconf 89' lang='lat' dir='ltr'><strong>custodiant.»</strong></span> <span class='ocrx_word' id='word_1_207' title='bbox 921 2023 1174 2070; x_wconf 90' lang='lat' dir='ltr'><strong>Absurdum</strong></span> <span class='ocrx_word' id='word_1_208' title='bbox 1207 2039 1310 2069; x_wconf 85' lang='lat' dir='ltr'><strong>vero</strong></span> <span class='ocrx_word' id='word_1_209' title='bbox 1344 2032 1463 2069; x_wconf 86' lang='lat' dir='ltr'><strong>esset</strong></span> <span class='ocrx_word' id='word_1_210' title='bbox 1495 2039 1599 2070; x_wconf 89' lang='lat' dir='ltr'><strong>con-</strong></span> 
     </span>
     <span class='ocr_line' id='line_1_26' title="bbox 130 2097 1600 2164; baseline 0.001 -20"><span class='ocrx_word' id='word_1_211' title='bbox 130 2098 308 2145; x_wconf 89' lang='lat' dir='ltr'><strong>tendere</strong></span> <span class='ocrx_word' id='word_1_212' title='bbox 332 2097 442 2146; x_wconf 88' lang='lat' dir='ltr'><strong>haec</strong></span> <span class='ocrx_word' id='word_1_213' title='bbox 466 2099 631 2156; x_wconf 89' lang='lat' dir='ltr'><strong>omnia,</strong></span> <span class='ocrx_word' id='word_1_214' title='bbox 655 2117 771 2164; x_wconf 90' lang='lat' dir='ltr'><strong>quae</strong></span> <span class='ocrx_word' id='word_1_215' title='bbox 800 2099 1018 2147; x_wconf 88' lang='lat' dir='ltr'><strong>recensita</strong></span> <span class='ocrx_word' id='word_1_216' title='bbox 1041 2108 1159 2155; x_wconf 92' lang='lat' dir='ltr'><strong>sunt,</strong></span> <span class='ocrx_word' id='word_1_217' title='bbox 1183 2108 1380 2163; x_wconf 89' lang='lat' dir='ltr'><strong>spectare</strong></span> <span class='ocrx_word' id='word_1_218' title='bbox 1407 2098 1464 2146; x_wconf 89' lang='lat' dir='ltr'><strong>ad</strong></span> <span class='ocrx_word' id='word_1_219' title='bbox 1494 2098 1600 2146; x_wconf 91' lang='lat' dir='ltr'><strong>sub-</strong></span> 
     </span>
     <span class='ocr_line' id='line_1_27' title="bbox 129 2174 1600 2238; baseline 0.001 -17"><span class='ocrx_word' id='word_1_220' title='bbox 129 2174 336 2221; x_wconf 91' lang='lat' dir='ltr'><strong>stantiam</strong></span> <span class='ocrx_word' id='word_1_221' title='bbox 374 2175 601 2238; x_wconf 80' lang='lat' dir='ltr'><strong>coniugii;</strong></span> <span class='ocrx_word' id='word_1_222' title='bbox 640 2193 739 2222; x_wconf 91' lang='lat' dir='ltr'><strong>cum</strong></span> <span class='ocrx_word' id='word_1_223' title='bbox 781 2187 925 2222; x_wconf 88' lang='lat' dir='ltr'><strong>tamen</strong></span> <span class='ocrx_word' id='word_1_224' title='bbox 960 2175 1112 2222; x_wconf 89' lang='lat' dir='ltr'><strong>eadem</strong></span> <span class='ocrx_word' id='word_1_225' title='bbox 1155 2174 1325 2222; x_wconf 89' lang='lat' dir='ltr'><strong>ratione</strong></span> <span class='ocrx_word' id='word_1_226' title='bbox 1368 2175 1516 2222; x_wconf 88' lang='lat' dir='ltr'><strong>omnia</strong></span> <span class='ocrx_word' id='word_1_227' title='bbox 1557 2185 1600 2222; x_wconf 85' lang='lat' dir='ltr'><strong>et</strong></span> 
     </span>
     <span class='ocr_line' id='line_1_28' title="bbox 129 2243 1599 2316; baseline -0.001 -19"><span class='ocrx_word' id='word_1_228' title='bbox 129 2250 306 2314; x_wconf 83' lang='lat' dir='ltr'><strong>singula</strong></span> <span class='ocrx_word' id='word_1_229' title='bbox 339 2250 620 2316; x_wconf 89' lang='lat' dir='ltr'><strong>requirantur</strong></span> <span class='ocrx_word' id='word_1_230' title='bbox 647 2250 702 2297; x_wconf 92' lang='lat' dir='ltr'><strong>ab</strong></span> <span class='ocrx_word' id='word_1_231' title='bbox 728 2250 814 2298; x_wconf 88' lang='lat' dir='ltr'><strong>hac</strong></span> <span class='ocrx_word' id='word_1_232' title='bbox 839 2251 992 2315; x_wconf 88' lang='lat' dir='ltr'><strong>spuria</strong></span> <span class='ocrx_word' id='word_1_233' title='bbox 1026 2249 1256 2306; x_wconf 87' lang='lat' dir='ltr'><strong>decretali,</strong></span> <span class='ocrx_word' id='word_1_234' title='bbox 1284 2268 1336 2298; x_wconf 89' lang='lat' dir='ltr'><strong>ac</strong></span> <span class='ocrx_word' id='word_1_235' title='bbox 1359 2243 1599 2316; x_wconf 80' lang='lat' dir='ltr'><strong>requiritur</strong></span> 
     </span>
     <span class='ocr_line' id='line_1_29' title="bbox 126 2326 1597 2391; baseline 0.001 -18"><span class='ocrx_word' id='word_1_236' title='bbox 126 2326 375 2375; x_wconf 88' lang='lat' dir='ltr'><strong>benedictio</strong></span> <span class='ocrx_word' id='word_1_237' title='bbox 410 2327 720 2383; x_wconf 88' lang='lat' dir='ltr'><strong>sacerdotalis,</strong></span> <span class='ocrx_word' id='word_1_238' title='bbox 743 2344 930 2391; x_wconf 92' lang='lat' dir='ltr'><strong>pronum</strong></span> <span class='ocrx_word' id='word_1_239' title='bbox 950 2336 1018 2373; x_wconf 90' lang='lat' dir='ltr'><strong>est</strong></span> <span class='ocrx_word' id='word_1_240' title='bbox 1034 2326 1196 2373; x_wconf 89' lang='lat' dir='ltr'><strong>inferre</strong></span> <span class='ocrx_word' id='word_1_241' title='bbox 1218 2344 1270 2373; x_wconf 86' lang='lat' dir='ltr'><strong>ex</strong></span> <span class='ocrx_word' id='word_1_242' title='bbox 1294 2337 1438 2374; x_wconf 90' lang='lat' dir='ltr'><strong>mente</strong></span> <span class='ocrx_word' id='word_1_243' title='bbox 1467 2326 1597 2374; x_wconf 89' lang='lat' dir='ltr'><strong>istius</strong></span> 
     </span>
     <span class='ocr_line' id='line_1_30' title="bbox 126 2402 1598 2451; baseline -0.001 -2"><span class='ocrx_word' id='word_1_244' title='bbox 126 2402 266 2451; x_wconf 86' lang='lat' dir='ltr'><strong>falsae</strong></span> <span class='ocrx_word' id='word_1_245' title='bbox 283 2403 515 2451; x_wconf 89' lang='lat' dir='ltr'><strong>decretalis</strong></span> <span class='ocrx_word' id='word_1_246' title='bbox 544 2420 625 2450; x_wconf 91' lang='lat' dir='ltr'><strong>nec</strong></span> <span class='ocrx_word' id='word_1_247' title='bbox 654 2420 749 2450; x_wconf 90' lang='lat' dir='ltr'><strong>eam</strong></span> <span class='ocrx_word' id='word_1_248' title='bbox 767 2403 823 2450; x_wconf 89' lang='lat' dir='ltr'><strong>ad</strong></span> <span class='ocrx_word' id='word_1_249' title='bbox 843 2402 1132 2450; x_wconf 88' lang='lat' dir='ltr'><strong>substantiam</strong></span> <span class='ocrx_word' id='word_1_250' title='bbox 1159 2403 1421 2450; x_wconf 89' lang='lat' dir='ltr'><strong>sacramenti</strong></span> <span class='ocrx_word' id='word_1_251' title='bbox 1445 2402 1598 2449; x_wconf 91' lang='lat' dir='ltr'><strong>matri-</strong></span> 
     </span>
     <span class='ocr_line' id='line_1_31' title="bbox 127 2478 1596 2545; baseline -0.001 -19"><span class='ocrx_word' id='word_1_252' title='bbox 127 2479 262 2527; x_wconf 89' lang='lat' dir='ltr'><strong>monii</strong></span> <span class='ocrx_word' id='word_1_253' title='bbox 299 2480 532 2545; x_wconf 89' lang='lat' dir='ltr'><strong>pertinere.</strong></span> <span class='ocrx_word' id='word_1_254' title='bbox 568 2480 775 2545; x_wconf 88' lang='lat' dir='ltr'><strong>Spectare</strong></span> <span class='ocrx_word' id='word_1_255' title='bbox 808 2489 1032 2544; x_wconf 90' lang='lat' dir='ltr'><strong>praeterea</strong></span> <span class='ocrx_word' id='word_1_256' title='bbox 1064 2478 1415 2526; x_wconf 90' lang='lat' dir='ltr'><strong>benedictionem</strong></span> <span class='ocrx_word' id='word_1_257' title='bbox 1450 2495 1596 2526; x_wconf 90' lang='lat' dir='ltr'><strong>sacer-</strong></span> 
     </span>
    </p>
   </div>
   <div class='ocr_carea' id='block_1_3' title="bbox 127 2652 1594 2850">
    <p class='ocr_par' dir='ltr' id='par_1_4' title="bbox 127 2652 1594 2850">
     <span class='ocr_line' id='line_1_32' title="bbox 223 2652 1594 2693; baseline 0.001 -9"><span class='ocrx_word' id='word_1_258' title='bbox 223 2652 268 2692; x_wconf 77' lang='lat'><strong>(4)</strong></span> <span class='ocrx_word' id='word_1_259' title='bbox 290 2653 332 2684; x_wconf 83' lang='lat' dir='ltr'><strong>Hi</strong></span> <span class='ocrx_word' id='word_1_260' title='bbox 351 2653 458 2685; x_wconf 85' lang='lat' dir='ltr'><strong>textus</strong></span> <span class='ocrx_word' id='word_1_261' title='bbox 480 2653 660 2685; x_wconf 81' lang='lat' dir='ltr'><strong>reseruntur</strong></span> <span class='ocrx_word' id='word_1_262' title='bbox 675 2662 695 2685; x_wconf 84' lang='lat' dir='ltr'><strong>a</strong></span> <span class='ocrx_word' id='word_1_263' title='bbox 709 2653 864 2685; x_wconf 86' lang='lat' dir='ltr'><strong>Gratiano</strong></span> <span class='ocrx_word' id='word_1_264' title='bbox 885 2653 1000 2685; x_wconf 77' lang='lat' dir='ltr'><strong>Causa</strong></span> <span class='ocrx_word' id='word_1_265' title='bbox 1012 2653 1126 2684; x_wconf 76' lang='lat' dir='ltr'>XXXI.</span> <span class='ocrx_word' id='word_1_266' title='bbox 1140 2661 1197 2692; x_wconf 90' lang='lat' dir='ltr'><strong>qu.</strong></span> <span class='ocrx_word' id='word_1_267' title='bbox 1212 2653 1254 2683; x_wconf 91' lang='lat'><strong>11.</strong></span> <span class='ocrx_word' id='word_1_268' title='bbox 1269 2660 1340 2693; x_wconf 86' lang='lat' dir='ltr'><strong>cap.</strong></span> <span class='ocrx_word' id='word_1_269' title='bbox 1352 2655 1383 2685; x_wconf 84' lang='lat'><strong>4.</strong></span> <span class='ocrx_word' id='word_1_270' title='bbox 1393 2652 1594 2692; x_wconf 77' lang='lat' dir='ltr'><strong>Lotharius,</strong></span> 
     </span>
     <span class='ocr_line' id='line_1_33' title="bbox 128 2704 1593 2746; baseline 0.001 -11"><span class='ocrx_word' id='word_1_271' title='bbox 128 2712 165 2735; x_wconf 82' lang='lat' dir='ltr'><strong>ac</strong></span> <span class='ocrx_word' id='word_1_272' title='bbox 187 2704 367 2737; x_wconf 78' lang='lat' dir='ltr'><strong>reseruntur</strong></span> <span class='ocrx_word' id='word_1_273' title='bbox 389 2705 507 2746; x_wconf 79' lang='lat' dir='ltr'><strong>pariter</strong></span> <span class='ocrx_word' id='word_1_274' title='bbox 523 2706 563 2738; x_wconf 82' lang='lat' dir='ltr'><strong>ab</strong></span> <span class='ocrx_word' id='word_1_275' title='bbox 583 2708 682 2737; x_wconf 83' lang='lat' dir='ltr'><strong>lvone</strong></span> <span class='ocrx_word' id='word_1_276' title='bbox 699 2706 747 2737; x_wconf 84' lang='lat' dir='ltr'><strong>uti</strong></span> <span class='ocrx_word' id='word_1_277' title='bbox 770 2705 884 2737; x_wconf 82' lang='lat' dir='ltr'><strong>inclusi</strong></span> <span class='ocrx_word' id='word_1_278' title='bbox 907 2705 940 2736; x_wconf 89' lang='lat' dir='ltr'><strong>in</strong></span> <span class='ocrx_word' id='word_1_279' title='bbox 956 2705 1221 2737; x_wconf 77' lang='lat' dir='ltr'><strong>commonitorio</strong></span> <span class='ocrx_word' id='word_1_280' title='bbox 1236 2704 1313 2737; x_wconf 80' lang='lat' dir='ltr'><strong>dato</strong></span> <span class='ocrx_word' id='word_1_281' title='bbox 1330 2713 1349 2737; x_wconf 79' lang='lat' dir='ltr'><strong>a</strong></span> <span class='ocrx_word' id='word_1_282' title='bbox 1364 2705 1497 2738; x_wconf 78' lang='lat' dir='ltr'><strong>Nicolao</strong></span> <span class='ocrx_word' id='word_1_283' title='bbox 1510 2706 1593 2737; x_wconf 85' lang='lat' dir='ltr'><strong>Rho-</strong></span> 
     </span>
     <span class='ocr_line' id='line_1_34' title="bbox 127 2756 1593 2798; baseline 0.001 -10"><span class='ocrx_word' id='word_1_284' title='bbox 127 2756 246 2788; x_wconf 80' lang='lat' dir='ltr'><strong>doaldo</strong></span> <span class='ocrx_word' id='word_1_285' title='bbox 266 2757 444 2797; x_wconf 83' lang='lat' dir='ltr'><strong>portuensi,</strong></span> <span class='ocrx_word' id='word_1_286' title='bbox 470 2767 508 2790; x_wconf 81' lang='lat' dir='ltr'><strong>ac</strong></span> <span class='ocrx_word' id='word_1_287' title='bbox 532 2758 644 2790; x_wconf 80' lang='lat' dir='ltr'><strong>loanni</strong></span> <span class='ocrx_word' id='word_1_288' title='bbox 673 2757 873 2798; x_wconf 78' lang='lat' dir='ltr'><strong>phesulensi‚</strong></span> <span class='ocrx_word' id='word_1_289' title='bbox 898 2757 958 2798; x_wconf 91' lang='lat' dir='ltr'><strong>qui</strong></span> <span class='ocrx_word' id='word_1_290' title='bbox 977 2758 1143 2797; x_wconf 81' lang='lat' dir='ltr'><strong>tamquam</strong></span> <span class='ocrx_word' id='word_1_291' title='bbox 1169 2757 1265 2798; x_wconf 77' lang='lat' dir='ltr'><strong>legati</strong></span> <span class='ocrx_word' id='word_1_292' title='bbox 1293 2757 1335 2790; x_wconf 82' lang='lat' dir='ltr'><strong>ad</strong></span> <span class='ocrx_word' id='word_1_293' title='bbox 1357 2758 1441 2791; x_wconf 79' lang='lat' dir='ltr'><strong>hane</strong></span> <span class='ocrx_word' id='word_1_294' title='bbox 1465 2767 1593 2790; x_wconf 81' lang='lat' dir='ltr'><strong>causam</strong></span> 
     </span>
     <span class='ocr_line' id='line_1_35' title="bbox 128 2808 1258 2850; baseline 0.002 -10"><span class='ocrx_word' id='word_1_295' title='bbox 128 2808 384 2849; x_wconf 77' lang='lat' dir='ltr'><strong>pertractandam</strong></span> <span class='ocrx_word' id='word_1_296' title='bbox 400 2809 489 2841; x_wconf 85' lang='lat' dir='ltr'><strong>missi</strong></span> <span class='ocrx_word' id='word_1_297' title='bbox 506 2809 641 2841; x_wconf 76' lang='lat' dir='ltr'><strong>fuerant.</strong></span> <span class='ocrx_word' id='word_1_298' title='bbox 659 2809 773 2850; x_wconf 86' lang='lat' dir='ltr'><strong>(conc.</strong></span> <span class='ocrx_word' id='word_1_299' title='bbox 787 2808 885 2841; x_wconf 83' lang='lat' dir='ltr'><strong>Labb.</strong></span> <span class='ocrx_word' id='word_1_300' title='bbox 904 2810 984 2844; x_wconf 83' lang='lat' dir='ltr'><strong>tom.</strong></span> <span class='ocrx_word' id='word_1_301' title='bbox 998 2811 1067 2841; x_wconf 83' lang='lat' dir='ltr'><strong>XV.</strong></span> <span class='ocrx_word' id='word_1_302' title='bbox 1084 2809 1146 2841; x_wconf 89' lang='lat' dir='ltr'><strong>col.</strong></span> <span class='ocrx_word' id='word_1_303' title='bbox 1163 2813 1231 2842; x_wconf 78' lang='lat'>368.</span> <span class='ocrx_word' id='word_1_304' title='bbox 1248 2810 1258 2850; x_wconf 92' lang='lat'>)</span> 
     </span>
    </p>
   </div>
  </div>
 </body>
</html>
