1918 3186
372 198 462 228 cn.
491 198 537 228 11.
566 197 618 228 οε
651 195 860 227 numsrno.
889 196 982 228 Aur.
1013 196 1041 226 1.
1072 194 1242 232 Quncsr.
1272 193 1410 226 omae.
1562 180 1621 225 63

149 293 284 324 sonae
316 275 538 324 connubio
561 274 703 322 forent
725 283 856 337 aptae
873 310 883 329 ‚
910 273 1092 320 minime
1115 272 1452 329 determinavit,
1478 271 1624 320 deter-

148 352 410 400 minandum
444 361 591 399 autem
623 348 842 396 ecclesiae
875 366 983 396 suae
1015 349 1262 406 commisit;
1294 347 1516 414 quaedam
1548 348 1625 396 do-

149 428 240 476 cuit
272 429 388 492 ipse,
425 425 647 491 quaedam
673 424 872 472 docenda
899 424 1137 473 reservavit
1157 423 1373 473 ecclesiae
1395 441 1553 482 suae,>›
1579 435 1625 473 et

149 504 479 569 cap..XXXV11.
496 502 619 549 «Alii
644 512 790 550 autem
815 511 1045 548 autumant
1067 519 1335 550 consensum
1362 502 1618 567 utriusque,

149 583 351 645 quoniam
383 581 474 644 ipse
507 590 570 627 est
603 579 796 642 coniuqt'i
821 579 1019 643 effector,
1058 578 1351 642 praevalere»
1372 588 1458 626 etc.

245 658 360 704 Huic
393 656 602 704 addimus
636 673 675 703 s.
698 656 1049 703 Bonaventuram
1087 654 1133 701 b.
1157 654 1352 702 Thomae
1383 672 1621 712 coaevum,

147 734 224 799 qui
253 734 300 780 in
331 734 373 780 4.
390 734 592 780 Sentent.
616 732 722 779 dist.
743 733 819 779 26.
843 749 890 796 q.
909 733 954 778 2.
978 730 1155 779 scribit:
1182 730 1302 777 «Alii
1320 731 1489 789 dicunt,
1506 730 1626 796 quod

148 811 195 857 in
239 814 518 858 sacramento
562 808 832 856 matrimonii
879 808 1009 855 datur
1042 807 1184 871 gratia
1228 807 1363 870 digne
1395 819 1440 854 et
1471 808 1628 856 devote

150 885 501 951 suscipientibus
547 885 718 932 ratione
759 883 1082 931 benedictionis
1128 882 1457 948 superadditae.
1507 883 1628 931 Deus

150 964 270 1010 enim
305 964 372 1011 eis
406 962 631 1010 benedicit
658 962 716 1009 ad
744 960 1099 1008 benedictionem
1133 959 1395 1008 sacerdotis.
1416 959 1502 1007 Sed
1527 960 1628 1007 haec

147 1042 308 1103 positio
341 1058 426 1087 non
457 1039 631 1086 videtur
660 1038 829 1092 valere,
867 1037 975 1103 quia
1007 1037 1089 1084 illa
1123 1036 1353 1083 benedictio
1387 1046 1450 1083 est
1480 1053 1629 1084 sacra-

149 1117 374 1164 mentalis:
410 1126 454 1163 et
486 1116 525 1163 si
560 1113 880 1163 sacramentale
913 1113 1078 1170 efficit,
1116 1122 1275 1177 quanto
1306 1113 1448 1177 mayt's
1478 1130 1629 1160 sacra·-

151 1204 338 1240 mentum
352 1193 401 1239 P»
424 1193 541 1256 Ergo
564 1210 618 1239 ex
642 1210 680 1239 s.
696 1192 882 1239 Doctore
907 1207 987 1255 per
1007 1190 1360 1237 benedictionem
1385 1189 1628 1238 sacerdotis

151 1288 239 1318 non
273 1270 464 1318 efficitur
494 1279 841 1325 sacramentum,
870 1267 990 1333 quod
1015 1267 1248 1330 distinguit
1270 1283 1297 1314 a
1318 1265 1628 1314 benedictione

149 1348 251 1412 ipsa
285 1347 545 1394 sacerdotis.
574 1346 717 1410 Atque
749 1345 915 1392 idcirco
948 1362 1001 1391 ex
1036 1344 1133 1391 eius
1167 1343 1386 1391 sententia
1419 1343 1629 1392 sacerdos

151 1441 239 1471 non
265 1434 334 1470 est
358 1423 561 1470 minister
595 1421 858 1470 sacramenti
892 1420 1180 1469 matrimonii.
1203 1421 1259 1467 Et
1291 1421 1390 1485 ipse
1416 1420 1463 1467 in
1492 1436 1630 1485 quae-

151 1500 295 1547 stione
337 1498 588 1564 insequenti
623 1515 723 1545 cum
764 1497 922 1545 ceteris
957 1497 1166 1544 omnibus
1212 1497 1441 1544 constituit
1479 1512 1629 1544 sacra-

151 1586 346 1623 mentum
381 1575 651 1622 matrimonii
686 1574 840 1639 perfici
875 1591 1078 1621 consensu
1111 1574 1464 1621 contrahentium.
1506 1573 1631 1622 Obiit

153 1669 283 1717 porro
317 1671 356 1700 s.
378 1652 685 1700 Bonaventura
719 1669 792 1699 an.
818 1652 959 1698 1274.

250 1730 312 1777 Io.
345 1730 470 1776 Duns
511 1730 688 1786 Scotus‚
728 1728 804 1793 qui
840 1727 975 1793 paulo
1014 1737 1115 1792 post
1149 1727 1327 1792 scriptis
1362 1727 1458 1774 suis
1490 1725 1630 1775 eccle-

154 1804 266 1852 siam
284 1805 521 1853 illustravit
542 1807 638 1868 (23)
650 1843 660 1861 ,
676 1805 722 1851 in
744 1806 787 1850 4.
803 1804 922 1851 Sent.
935 1804 1041 1852 dist.
1057 1805 1115 1850 26
1126 1842 1134 1850 .
1147 1813 1320 1869 quaest.
1336 1804 1469 1851 unica
1479 1813 1561 1850 art.
1579 1803 1623 1849 2.

159 1878 261 1927 «De
287 1882 512 1938 ministro,
553 1881 728 1938 scribit,
767 1891 835 1928 est
868 1878 989 1928 aliud
1023 1878 1232 1937 dubium,
1271 1879 1378 1944 quia
1410 1889 1459 1926 ut
1491 1878 1631 1943 pluri-

157 1972 276 2002 mum
312 1957 491 2021 ipsimet
530 1957 841 2005 contrahentes
883 1957 1137 2004 ministrant
1171 1955 1257 2003 sibi
1293 1955 1406 2020 ipsis
1439 1954 1525 2001 hoc
1557 1970 1630 2001 sa-

156 2042 425 2078 cramentum
457 2034 527 2080 vel
563 2044 739 2090 mutuo,
776 2033 846 2081 vel
880 2044 1065 2099 uterque
1094 2032 1208 2089 sibi;
1240 2031 1318 2079 sed
1349 2048 1430 2078 nec
1457 2030 1542 2078 hoc
1566 2046 1629 2077 re-

155 2107 345 2172 quiritur
367 2110 642 2165 neeessario,
670 2111 708 2157 si
733 2110 780 2156 in
799 2111 919 2158 omni
938 2119 1162 2158 contractu
1188 2117 1256 2155 est
1282 2117 1624 2165 sacramentum,

155 2184 262 2247 quia
287 2182 530 2247 aliquando
563 2194 768 2247 parentes
793 2185 1058 2232 contrahunt
1082 2199 1164 2249 pro
1190 2183 1313 2239 filiis,
1347 2193 1423 2230 aut
1451 2182 1630 2231 filiabus

155 2259 488 2324 praesentibus,
510 2260 577 2307 eis
595 2276 684 2307 non
701 2260 1050 2325 exprimentibus
1074 2261 1204 2324 signa
1227 2260 1432 2325 propria:
1460 2259 1499 2306 si
1522 2275 1628 2323 ergo

155 2335 216 2383 ibi
251 2346 320 2383 est
353 2346 703 2392 sacramentum,
731 2346 902 2400 oportet
923 2336 1092 2394 dicere,
1121 2336 1240 2401 quod
1269 2336 1472 2384 minister
1493 2334 1629 2384 huius

156 2412 418 2460 sacramenti
449 2422 594 2477 potest
618 2429 719 2460 esse
747 2412 1051 2460 indifferenter
1072 2412 1342 2477 quicumque
1364 2420 1509 2476 potest
1531 2426 1631 2458 esse

156 2489 423 2556 ministeriu
442 2499 541 2536 actu
560 2489 879 2537 matrimonii.»
893 2489 1036 2554 Atque
1055 2488 1117 2536 ibi
1137 2488 1278 2537 obiter
1294 2488 1470 2545 adnoto,
1488 2503 1630 2552 quan-

156 2563 396 2629 doquidem
428 2566 659 2614 commoda
683 2583 733 2614 se
757 2583 806 2613 se
828 2565 955 2613 offert
978 2565 1153 2613 occasio
1168 2603 1178 2622 ,
1207 2581 1437 2630 perperam
1460 2562 1628 2611 Canum

159 2641 395 2704 scripsisse
433 2642 611 2690 Scotum
654 2642 899 2690 inficiatum
934 2659 1035 2690 esse
1069 2641 1275 2704 coniugia
1302 2679 1312 2698 ‚
1362 2658 1478 2706 quae
1520 2639 1630 2689 solis

161 2715 339 2764 nutibus
363 2718 694 2774 contrahuntur,
722 2736 821 2766 esse
857 2728 1144 2767 sacramenta.
1175 2718 1284 2765 Nam
1313 2716 1491 2773 Scotus,
1516 2716 1629 2780 hipo-

258 2818 323 2858 (23)
346 2820 405 2850 An.
433 2823 520 2851 1:300.
