1912 3180
282 185 372 231 396
535 198 616 229 Lm.
645 196 675 227 1.
704 195 818 226 ssscr.
850 195 1022 226 ALTERA.
1051 195 1104 226 m:
1140 194 1313 228 uuum.
1343 195 1484 228 clvlu.

278 274 638 328 vindicaverint,
658 271 863 319 Christus
895 288 999 319 vero
1033 271 1266 337 potestatis
1301 272 1535 336 religiosae
1567 274 1749 339 deposi-

280 351 440 399 tarium
473 347 617 396 solum
652 347 950 395 sacerdotium
984 365 1117 395 suum
1151 348 1269 396 fecit.
1303 349 1391 396 Nec
1424 350 1740 409 omittendum,

280 442 368 473 non
408 423 614 472 obstante
647 422 723 471 illa
753 423 990 489 ,utriusque
1029 423 1262 488 potestatis
1303 425 1593 488 permixtione
1620 464 1632 483 ‚
1681 436 1751 475 ta-

281 517 383 547 men
418 499 709 565 imperatores
744 515 950 547 romanos
968 537 979 556 ‚
1016 510 1065 546 ut
1098 511 1227 547 antea
1260 500 1536 549 ostendimus
1554 540 1564 559 ‚
1595 503 1751 550 matri-

279 575 492 623 monialia
527 575 703 639 negotia
737 575 1022 640 pontificibus
1056 575 1368 624 demandasse.

381 652 437 699 11.
475 650 624 699 Altera
654 651 844 700 assertio
869 668 956 698 non
980 668 1033 698 ex
1059 656 1197 698 sanae
1223 651 1470 715 theologiae
1494 652 1638 710 fonte,
1665 653 1747 702 sed

281 744 335 775 ex
369 727 669 792 promptuario
703 726 1001 792 Nepomuceni
1041 726 1182 792 Nuytz
1223 728 1492 776 arcessenda
1525 740 1626 786 est,
1672 730 1751 795 qui

280 821 378 853 eam
414 821 441 852 a
475 804 696 866 Laupoio,
734 804 956 851 Launoius
985 803 1042 851 ab
1075 814 1278 869 apostata
1309 806 1374 853 De
1402 805 1603 854 Dominis
1627 844 1637 864 ‚
1676 806 1754 855 hic

279 897 385 929 vero
402 898 579 928 rursum
603 881 661 929 ab
686 880 989 929 schismaticis
1009 880 1235 929 Oechamo
1259 892 1303 929 et
1324 882 1520 931 Marsilio
1539 883 1751 932 Patavino

282 968 510 1007 mutuatus
529 969 614 1006 est.
629 958 855 1015 Doctrina,
877 975 968 1023 qua
984 957 1200 1006 asseritur
1213 959 1467 1023 qualitatem
1482 959 1746 1024 reliqiosam,

283 1052 442 1100 nempe
477 1044 802 1082 sacramentum
838 1035 1127 1099 supervenire
1158 1045 1202 1083 et
1229 1036 1439 1083 accedere
1472 1036 1752 1085 matrimonio

283 1110 404 1158 civili
438 1109 530 1158 iam
565 1109 609 1156 in
644 1127 728 1158 sua
756 1110 951 1158 essentia
979 1110 1242 1167 constituto,
1271 1121 1339 1159 est
1361 1129 1449 1159 una
1472 1129 1524 1159 ex
1547 1112 1750 1161 thesibus

283 1203 310 1234 a
345 1186 422 1234 Pio
455 1186 530 1232 lx.
559 1186 787 1242 confictis,
825 1187 1025 1251 adeoque
1065 1198 1133 1235 est
1167 1187 1278 1235 falsa
1301 1226 1311 1245 ,
1359 1199 1405 1236 et
1441 1188 1587 1235 aliena
1620 1206 1647 1235 a
1679 1205 1755 1237 ca-

279 1261 444 1310 tholica
471 1261 672 1310 doctrina
688 1299 698 1317 ‚
726 1261 847 1310 iuxta
876 1280 1010 1328 quam
1027 1301 1038 1319 ,
1065 1263 1129 1311 uti
1157 1264 1433 1312 ostendimus
1449 1301 1459 1321 ,
1481 1263 1750 1312 matrimonii

282 1349 606 1387 sacramentum
639 1340 685 1386 in
721 1339 820 1403 ipso
861 1351 1086 1387 contractu
1121 1351 1164 1387 et
1198 1357 1277 1405 per
1320 1350 1591 1388 contractum
1638 1339 1753 1388 inter

281 1429 495 1480 personas
529 1414 750 1479 legitimas
783 1415 1024 1480 perficitur.
1065 1416 1324 1463 Contractus
1359 1433 1490 1481 porro
1521 1415 1749 1479 legitimus

283 1490 438 1539 haberi
473 1492 651 1556 nequit,
677 1492 756 1539 ubi
784 1492 1070 1540 tridentinum
1094 1491 1366 1557 publicatum
1396 1503 1487 1549 est,
1512 1493 1621 1557 quin
1645 1509 1751 1540 con-

282 1584 444 1616 sensus
489 1567 690 1616 eliciatur
726 1568 853 1633 juxta
892 1568 1078 1616 formam
1113 1568 1170 1615 ab
1203 1568 1357 1616 eodem
1391 1568 1579 1616 concilio
1620 1585 1750 1633 prae-

281 1644 507 1709 scriptam.
536 1645 656 1693 Haec
681 1656 748 1692 est
770 1662 980 1709 germana
1003 1645 1222 1693 catholica
1243 1645 1461 1702 doctrina.
1484 1645 1746 1694 Contractus

279 1721 465 1786 proinde
493 1722 639 1770 civilis
667 1722 832 1769 nullius
855 1721 1019 1770 valoris
1046 1733 1114 1770 est
1147 1723 1193 1769 in
1226 1722 1523 1770 conscientiae
1552 1722 1673 1780 foro,
1708 1733 1751 1771 et

280 1797 355 1861 qui
389 1814 440 1845 eo
475 1795 570 1845 solo
601 1808 785 1844 utuntur
813 1798 1036 1845 fornicarii
1077 1808 1196 1845 sunt.

375 1874 453 1920 111.
473 1873 619 1923 Tertia
641 1873 828 1922 assertio
852 1873 1005 1921 nititur
1027 1873 1140 1922 falsa
1164 1874 1426 1939 hypothesi,
1450 1874 1569 1939 quod
1589 1891 1748 1938 nempe

280 1950 504 2015 principes
527 1951 718 2007 ethnici,
740 1961 783 1997 et
802 1950 1010 1997 haeretici
1030 1950 1100 1997 ius
1125 1950 1367 2015 aliquando
1391 1950 1649 2007 habuerint,
1676 1961 1752 1997 aut

280 2018 475 2073 habeant
507 2043 642 2090 supra
679 2027 902 2073 vinculum
935 2025 1179 2089 coniuqale,
1219 2024 1338 2090 quod
1373 2036 1569 2073 oratores
1604 2025 1744 2073 nostri

280 2111 489 2166 perpetuo
522 2118 623 2149 cum
657 2101 889 2149 effectibus
916 2101 1122 2149 civilibus
1149 2100 1449 2157 confundunt,
1473 2119 1573 2149 cum
1598 2112 1746 2148 tamen

279 2177 467 2225 nimium
501 2177 680 2225 distent.
720 2177 913 2229 Dubium
943 2176 1099 2224 saltem
1135 2187 1203 2224 est
1235 2193 1339 2223 num
1374 2187 1563 2224 rectores
1607 2194 1748 2242 popu-

280 2253 444 2311 lorum,
478 2253 748 2319 quicumque
779 2253 959 2301 demum
988 2252 1018 2299 ii
1046 2252 1231 2309 fuerint,
1262 2263 1338 2300 aut
1366 2251 1483 2308 sint,
1522 2252 1745 2309 infideles,

282 2328 489 2376 haeretici
506 2367 516 2387 ,
543 2328 769 2385 catholici,
793 2328 931 2376 ullam
956 2327 1193 2375 habuerint
1209 2344 1420 2393 umquam
1436 2365 1446 2384 ,
1468 2337 1543 2374 aut
1559 2327 1752 2374 habeant

280 2414 542 2469 potestatem
566 2405 612 2452 in
636 2405 965 2452 matrimonium
993 2405 1039 2451 in
1070 2422 1119 2452 se
1142 2414 1387 2469 spectatum
1417 2403 1602 2468 eiusque
1635 2403 1750 2451 duas

282 2483 546 2547 praecipuas
581 2482 899 2547 proprietates;
940 2481 1019 2528 sed
1055 2492 1146 2529 tota
1179 2482 1378 2546 ipsorum
1413 2480 1651 2528 auctoritas
1676 2497 1751 2528 co-

284 2568 476 2606 arctatur
507 2559 565 2606 ad
599 2558 783 2606 effectus
824 2558 1095 2606 extrinsecos
1130 2575 1182 2606 ac
1215 2575 1334 2605 mere
1367 2557 1536 2605 civiles.
1575 2557 1750 2605 Etenim

210 2692 212 2695 .
284 2633 403 2682 Deus
430 2635 526 2700 ipse
555 2645 647 2691 est,
674 2635 752 2700 qui
787 2635 833 2682 in
868 2634 1076 2699 paradiso
1111 2643 1441 2699 protoparentes
1477 2633 1755 2681 matrimonio

285 2710 532 2768 coniunxit,
554 2721 596 2758 et
612 2711 783 2776 primus
809 2711 1148 2776 praeoccupavit
1165 2726 1490 2776 quamcumque
1513 2708 1755 2773 legislatio-

289 2802 387 2834 nem
409 2786 677 2845 humanam,
707 2804 824 2851 quae
845 2787 891 2834 in
916 2797 1141 2852 posterum
1160 2786 1256 2834 fieri
1275 2796 1451 2850 posset,
1474 2786 1693 2850 duasque,
1708 2795 1757 2832 ut
