1912 3180
297 190 388 235 262
552 204 632 234 Lm.
663 202 692 232 1.
724 200 839 232 sacr.
871 200 1042 231 ALTERA.
1071 201 1123 231 m:
1153 200 1327 232 numu.
1352 200 1491 232 c1v11.1.

295 292 387 329 tum
417 297 590 328 sacrum
618 278 744 325 hisce
772 278 819 324 in
852 278 1264 335 coniunctionibus,
1295 279 1375 326 sed
1398 296 1544 344 neque
1568 278 1759 344 aliquem

295 367 439 403 actum
473 354 665 401 civilem.

388 430 482 477 Hoc
505 440 652 476 tamen
677 430 835 493 ingens
859 430 1091 477 intercedit
1123 430 1363 477 discrimen
1388 431 1503 493 inter
1526 440 1670 477 actum
1695 447 1762 478 re-

293 506 500 568 ligiosum
520 523 571 552 ac
589 505 764 552 civilem
783 506 829 552 in
846 506 1012 570 nuptiis
1032 506 1241 552 ineundis
1266 523 1402 569 penes
1425 517 1596 553 veteres
1611 544 1620 562 ,
1644 506 1763 570 quod

292 581 474 629 omissio
509 581 620 628 ritus
656 581 853 645 religiosi
888 581 1139 646 provenerit
1173 599 1225 627 ex
1258 581 1461 644 neglectu
1500 581 1765 629 contrahen-

292 657 428 713 tium3
451 667 604 704 contra
619 674 724 704 vero
747 657 931 704 omissio
943 656 1240 720 formalitatis,
1258 674 1393 720 quam
1412 657 1582 714 dicunt,
1604 656 1763 720 legalis

291 750 345 780 ex
367 733 543 780 defectu
565 733 709 797 ipsius
732 731 1042 796 legislationis,
1065 749 1180 796 quae
1205 750 1447 796 numquam
1471 733 1593 779 illam
1617 733 1673 779 ad
1697 750 1765 780 ce-

294 807 555 856 lebrandum
578 808 774 871 legitime
807 807 1061 870 coniugium
1091 807 1295 854 sancivit.
1318 807 1582 871 Coniugium
1607 807 1760 863 civile,

290 884 410 949 quod
446 884 550 930 iniri
585 884 764 931 deberet
798 900 875 947 per
907 899 1176 930 consensum
1218 883 1431 930 emissum
1476 901 1624 931 coram
1669 901 1764 931 ma·-

291 960 553 1024 gistratibus
581 960 805 1015 civilibus,
838 959 1085 1024 antiquitus
1118 959 1294 1024 penitus
1320 959 1619 1022 ignorabatur.
1647 960 1763 1007 Satis

290 1037 409 1084 enim
445 1047 538 1084 erat
578 1036 693 1101 apud
731 1052 960 1091 romanos,
1000 1045 1050 1082 ut
1083 1036 1392 1084 contrahentes
1428 1037 1544 1084 inter
1576 1054 1626 1083 se
1658 1053 1764 1083 con-

289 1113 511 1169 venirent,
551 1122 626 1158 aut
659 1111 810 1176 aliquo
843 1112 992 1166 verbo,
1038 1122 1114 1158 aut
1147 1112 1279 1159 etiam
1315 1112 1459 1159 solum
1492 1113 1607 1177 sacto
1642 1113 1756 1177 ipso.

289 1188 380 1234 Nec
397 1187 710 1252 disputabatur
731 1198 835 1233 tunc
859 1187 1070 1251 temporis
1095 1187 1151 1234 de
1174 1187 1378 1235 facultate
1401 1205 1454 1234 ex
1476 1198 1601 1252 parte
1617 1199 1763 1236 aucto-

290 1264 432 1310 ritatis
464 1263 670 1328 politicae
704 1263 762 1310 ad
795 1263 992 1326 legitime
1026 1264 1206 1328 nuptias
1241 1264 1601 1321 contrahendas;
1640 1264 1763 1312 nulla

290 1339 598 1404 requirebatur
630 1339 886 1386 solemnitas
920 1341 1123 1396 testium,
1164 1351 1239 1387 aut
1272 1339 1545 1404 reipublicae
1577 1340 1765 1387 admini-

291 1426 496 1464 strorum.
520 1416 768 1463 Auctoritas
798 1417 944 1463 civilis
970 1434 1056 1463 non
1081 1417 1399 1464 interveniebat
1432 1417 1521 1464 nisi
1557 1428 1659 1482 post
1693 1434 1764 1465 ce-

291 1492 581 1540 lebrationem
615 1493 910 1549 matrimonii,
946 1510 1082 1557 quum
1107 1493 1221 1539 inter
1243 1493 1455 1556 coniuges
1481 1503 1684 1555 ageretur
1706 1492 1763 1540 de

291 1567 443 1632 aliqua
475 1585 612 1615 causa
644 1569 895 1615 dirimenda
933 1571 1017 1630 (7);
1059 1578 1102 1615 et
1135 1568 1315 1632 quidem
1349 1579 1450 1633 post
1484 1568 1700 1615 iudicium
1734 1585 1761 1615 a

289 1644 474 1707 collegio
510 1644 772 1691 sacerdotali
809 1644 1072 1691 institutum.
1105 1645 1159 1691 Et
1188 1644 1298 1691 haec
1325 1644 1505 1709 quidem
1534 1644 1754 1691 indirecte.

386 1721 422 1766 N
426 1738 513 1767 unc
531 1720 588 1767 ad
607 1720 692 1767 hoc
710 1720 859 1784 ipsum
877 1720 1032 1766 directe
1051 1721 1342 1767 evincendum
1360 1720 1623 1768 accedamus
1636 1738 1761 1786 opor-

289 1806 365 1842 tet.
407 1795 536 1851 Quod
575 1806 623 1843 ut
669 1813 962 1861 assequamur
1001 1796 1110 1843 satis
1146 1807 1213 1844 est
1247 1797 1521 1844 documentis
1556 1797 1761 1861 positivis

290 1872 541 1928 ostendere,
576 1872 694 1936 apud
724 1872 903 1919 eosdem
928 1872 1128 1919 ethnicos
1153 1872 1368 1937 nuptialia
1392 1873 1569 1919 foedera
1604 1873 1764 1935 iugiter

289 1957 487 2012 spectata
519 1947 660 1994 fuisse
691 1949 755 1994 uti
790 1966 882 1994 rem
918 1965 1089 1995 sacram
1107 1987 1116 2005 ,
1146 1965 1196 1995 ac
1221 1949 1359 1996 sacris
1385 1949 1544 1995 ritibus
1579 1949 1762 1995 initian-

289 2023 408 2071 dam.
441 2023 578 2070 Cuius
597 2023 659 2070 rei
677 2023 814 2070 vades
837 2024 994 2071 damus
1013 2034 1181 2071 veteres
1206 2024 1560 2082 iurisconsultos,
1583 2025 1660 2089 qui
1677 2025 1763 2072 hoc

289 2098 346 2145 de
368 2108 624 2161 argumento
645 2098 963 2145 disseruerunt.
988 2098 1175 2146 Iacobus
1194 2099 1427 2147 Cuiaccius
1452 2100 1563 2147 haec
1586 2099 1643 2147 ad
1669 2118 1761 2147 rem

290 2183 485 2220 nostram
515 2173 696 2220 scribit:
730 2173 956 2238 «Nuptiae
978 2192 1156 2239 quoque
1180 2175 1405 2238 pactiones
1430 2185 1549 2230 sunt,
1577 2185 1620 2222 et
1642 2175 1761 2222 nudo

290 2266 511 2297 consensu
544 2249 886 2306 constituuntur,
925 2268 1015 2315 qua
1038 2251 1095 2297 de
1119 2268 1254 2298 causa
1289 2250 1553 2315 hypothecis
1582 2267 1759 2314 compa—

290 2335 442 2371 rantur
474 2325 553 2371 lib.
580 2326 622 2370 4.
645 2326 709 2371 De
738 2325 820 2389 fide
846 2327 993 2380 insin,
1017 2336 1059 2373 et
1083 2327 1194 2373 fiunt
1223 2326 1354 2373 etiam
1382 2326 1495 2373 inter
1529 2325 1754 2383 absentes,

290 2400 406 2446 sicut
445 2399 688 2464 sponsalia.
734 2400 771 2446 A
804 2401 1049 2448 Modestino
1100 2401 1324 2465 eleganter
1362 2401 1633 2448 definiuntur
1673 2400 1758 2448 hoc

290 2475 444 2522 modo:
473 2476 724 2522 Coniunctio
753 2477 887 2522 maris
911 2486 950 2522 et
971 2477 1179 2540 foeminae
1198 2487 1238 2523 et
1255 2478 1511 2523 consortium
1534 2478 1669 2523 omnis
1692 2478 1760 2523 vi-

293 2560 357 2596 tae
374 2589 383 2607 ,
414 2569 544 2600 mlel
563 2561 602 2599 et
620 2553 798 2599 humani
819 2553 928 2599 iuris
949 2554 1287 2599 communicatio.
1313 2552 1554 2600 Coniuncto
1583 2563 1630 2599 ut
1658 2553 1688 2599 l.
1719 2554 1753 2599 l.

292 2625 353 2671 De
386 2628 487 2672 iust.
529 2637 569 2673 et
597 2630 682 2674 iur.
720 2628 970 2675 Coniunctio
999 2629 1133 2675 maris
1168 2638 1207 2674 et
1240 2629 1448 2692 foeminae
1469 2665 1480 2682 ,
1520 2646 1650 2692 quam
1683 2646 1758 2675 nos

291 2702 610 2750 matrimonium
628 2705 913 2769 appellamus.
932 2704 1101 2770 Duplex
1126 2704 1244 2751 enim
1270 2703 1435 2751 habent
1459 2721 1634 2762 nomen,
1663 2722 1756 2752 ma-

388 2801 432 2842 (7)
453 2802 503 2833 cs.
527 2802 608 2834 Ibid.
