1912 3180
269 201 359 249 422
522 216 602 247 un.
632 216 662 246 1.
692 214 805 245 sacr.
835 211 1009 245 ALTERA.
1040 214 1092 244 nr.
1118 212 1293 246 numu.
1324 212 1465 245 cuum.

263 295 436 362 placeat
475 293 613 340 aliam
644 291 830 340 formam
865 292 1160 357 praestituere
1193 292 1477 339 matrimonio
1514 302 1744 358 tamquam

262 370 530 427 contractui,
558 387 660 417 cum
684 369 903 417 eiusmodi
926 369 1071 417 civilis
1090 369 1162 417 lex
1180 368 1312 416 suerit
1331 368 1627 433 promulgata,
1649 387 1745 418 ma-

262 447 467 495 trimonia
489 446 546 494 ad
565 446 662 494 eius
682 464 883 494 normam
914 445 1134 494 celebrata
1170 456 1275 493 sunt
1303 462 1405 492 vera
1439 445 1738 502 matrimonia,

260 524 465 590 quamvis
501 541 589 572 non
618 534 735 571 rata.
769 524 884 572 Sane
918 523 1159 578 concilium
1194 522 1485 570 tridentinum
1519 522 1645 570 illum
1675 541 1743 571 ca-

259 617 410 647 nonem
442 599 632 648 confecit
664 599 722 647 ad
754 599 982 647 vitandam
1017 598 1438 654 clandestinitatem,
1467 606 1561 645 non'
1579 599 1744 647 creavit

259 676 451 740 dogma,
490 693 637 741 neque
670 693 887 724 canonem
921 675 1191 740 disciplinae
1236 674 1584 722 fundamentalis
1609 713 1620 732 ,
1659 676 1739 724 sed

258 763 404 801 actum
437 752 580 800 edidit
612 753 842 818 proprium
875 751 1022 799 civilis
1057 752 1335 816 principatus
1359 789 1370 808 ,
1403 768 1455 799 eo
1490 761 1732 808 annuente,

257 830 394 878 immo
411 839 454 878 et
472 830 740 895 postulante.
775 830 886 877 Cum
921 828 1138 894 placuerit
1170 828 1468 893 principatui,
1496 838 1643 894 potest
1663 828 1741 876 hic

258 916 452 956 statuere
486 925 646 956 novam
680 905 951 954 matrimonii
988 905 1175 953 formam
1205 905 1292 953 sub
1318 905 1537 953 nullitatis
1572 922 1735 970 poena.

259 981 387 1039 Quod
423 983 681 1031 huiusmodi
723 982 1019 1030 matrimoniis
1056 981 1178 1030 iuxta
1213 999 1413 1030 normam
1451 981 1593 1030 solius
1626 981 1740 1045 legis

257 1058 403 1107 civilis
450 1059 574 1105 initis
610 1059 785 1106 adiecta
818 1076 904 1106 non
943 1059 1001 1105 sit
1034 1058 1230 1122 dignitas
1266 1057 1564 1114 sacramenti,
1603 1057 1743 1106 efficit

256 1145 306 1181 ut
338 1151 392 1182 ea
420 1134 511 1181 sint
545 1134 829 1182 matrimonia
862 1135 1047 1199 quidem
1082 1134 1280 1198 legitima
1301 1172 1311 1191 ,
1353 1133 1456 1181 licet
1489 1150 1578 1181 non
1613 1144 1733 1191 rata;

254 1210 509 1258 nullatenus
551 1221 699 1260 autem
741 1211 1082 1259 concubinatus.
1121 1211 1188 1258 Ad
1230 1211 1504 1258 validitatem
1538 1211 1736 1274 coniugii

255 1304 343 1335 non
381 1286 622 1352 requiritur
655 1288 911 1335 necessario
945 1287 1140 1353 qualitas
1175 1288 1462 1336 sacramenti.

349 1363 480 1411 Nulla
523 1364 713 1412 habetur
759 1366 829 1412 leoe
865 1365 959 1412 sive
993 1365 1146 1413 divina
1189 1365 1384 1428 (saltem
1418 1365 1609 1429 allegata
1643 1381 1733 1412 non

255 1440 390 1502 fuit),
419 1459 536 1507 quae
565 1441 814 1507 praecipiat
846 1459 1113 1490 concursum
1150 1442 1418 1490 sacramenti
1447 1441 1505 1489 ad
1538 1440 1734 1489 valorem

253 1517 466 1581 coniugii.
502 1518 726 1566 Immerito
761 1518 1090 1566 matrimonium
1129 1519 1367 1582 leqitimum
1400 1535 1502 1565 cum
1526 1517 1739 1566 concubi-—

253 1602 361 1641 natu
395 1594 696 1642 confunditur.

349 1671 504 1736 Neque
519 1689 624 1719 vero
644 1670 822 1737 expedit
839 1682 888 1719 ut
905 1671 976 1718 lex
999 1671 1099 1736 ipsa
1123 1670 1267 1718 civilis
1287 1671 1335 1717 in
1354 1671 1562 1734 coniugio
1586 1682 1735 1718 actum

253 1746 511 1811 religiosum
552 1748 637 1796 sub
675 1766 817 1812 poena
851 1748 1071 1794 nullitatis
1112 1747 1429 1812 praescribat:
1470 1758 1540 1795 ast
1582 1759 1737 1813 peccat

251 1824 408 1890 utique
437 1824 684 1872 catholicus
704 1863 713 1881 ,
742 1825 820 1890 qui
846 1834 1081 1872 contentus
1111 1824 1395 1872 matrimonio
1424 1824 1649 1888 legitimo,
1679 1824 1737 1870 il-

252 1901 330 1949 lud
361 1912 506 1949 ratum
542 1919 631 1950 non
668 1901 786 1949 facit.

347 1979 444 2026 Dici
479 1979 634 2044 nequit
666 1978 940 2036 haereticus,
969 1989 1044 2026 aut
1080 1979 1419 2036 schismaticus,
1449 1979 1527 2044 qui
1553 1995 1734 2044 separa-

251 2056 417 2104 tionem
452 2066 571 2103 tenet
606 2066 858 2104 contractus
894 2066 936 2103 et
971 2055 1261 2110 sacramenti,
1291 2056 1432 2103 donec
1463 2055 1730 2110 declaratio,

252 2149 332 2180 seu
367 2131 568 2179 definitio
599 2132 715 2179 facta
744 2150 832 2180 non
862 2132 995 2179 fuerit
1017 2131 1074 2178 ab
1098 2130 1288 2179 ecclesia
1312 2131 1358 2177 in
1383 2131 1574 2179 concilio
1603 2148 1734 2179 oecu—

250 2208 450 2265 menico,
492 2226 608 2274 quae
638 2209 838 2256 immutet
871 2209 1268 2274 iurisprudentiam
1294 2207 1378 2255 hac
1412 2209 1457 2254 in
1494 2225 1568 2265 re,
1599 2220 1736 2273 atque

249 2284 526 2342 constituat,
557 2295 606 2333 ut
637 2285 852 2349 deinceps
888 2284 1032 2332 solum
1069 2284 1399 2332 matrimonium
1432 2294 1604 2338 ratum,
1644 2300 1733 2330 non

249 2370 398 2408 autem
432 2361 766 2408 matrimonium
793 2379 914 2408 mere
938 2360 1186 2424 legitimum
1223 2361 1439 2426 producat
1465 2359 1651 2407 effectus
1674 2359 1733 2406 ci-

247 2437 360 2484 viles
394 2438 440 2484 in
475 2437 570 2485 foro
605 2437 725 2485 civili
761 2455 813 2485 ac
849 2438 895 2484 in
930 2438 1025 2485 foro
1060 2438 1380 2486 ecclesiastico.

345 2513 522 2561 Nullum
558 2513 744 2561 dubium
780 2515 826 2560 in
861 2532 913 2562 eo
947 2524 1016 2561 est
1038 2553 1047 2571 ,
1081 2514 1204 2579 quod
1242 2525 1345 2561 ante
1380 2512 1619 2561 concilium
1655 2512 1731 2559 tri-

249 2589 480 2638 dentinum
511 2591 797 2639 matrimonia
826 2592 936 2639 inita
960 2610 987 2639 a
1012 2591 1224 2639 fidelibus
1260 2592 1381 2638 iuxta
1415 2590 1537 2653 leges
1573 2589 1731 2637 civiles

249 2676 555 2729 spectarentur
586 2667 644 2714 ab
671 2667 861 2715 ecclesia
890 2677 1120 2733 tamquam
1139 2685 1245 2715 vera
1263 2665 1471 2730 coniugia
1489 2683 1541 2713 ac
1559 2665 1728 2723 valida,

248 2740 352 2789 licet
383 2743 450 2790 eis
478 2744 656 2793 deesset
689 2746 957 2794 sacramenti
994 2744 1219 2808 dignitas,
1252 2760 1333 2791 nec
1363 2742 1464 2790 ideo
1500 2742 1733 2791 habeban-

250 2828 321 2865 tur
350 2829 400 2870 ut
428 2818 581 2867 illicita
606 2859 614 2876 ,
650 2821 886 2870 inhonesta
921 2839 973 2869 ac
1008 2821 1174 2886 turpia.
