1918 3186
307 209 397 241 cir.
421 209 462 240 v.
484 209 537 240 ni:
560 207 714 241 mms'r.
741 206 950 240 comam.
967 210 1061 242 Aur.
1079 210 1142 245 ιιι.
1158 209 1255 242 Ano.
1272 209 1423 242 τιιεοι..
1530 195 1619 241 157

145 288 391 336 stianorum
406 325 416 343 ‚
445 304 562 352 quae
585 285 708 333 nullo
730 303 944 350 umquam
968 288 1014 334 in
1038 305 1147 336 casu
1171 298 1362 353 possunt
1391 287 1542 335 dirimi
1571 305 1624 335 ex

145 382 235 430 quo
258 374 363 412 sunt
386 372 712 418 consummata,
740 363 969 410 constituit
992 364 1220 413 scribens:
1254 365 1403 411 «Nam
1425 364 1510 412 etsi
1534 382 1625 412 ma-

147 441 404 489 trimonium
438 458 586 488 verum
620 439 736 486 inter
773 438 977 487 infideles
1020 441 1207 498 existat,
1244 459 1332 490 non
1372 452 1519 489 tamen
1558 451 1628 489 est

146 528 314 565 ratum:
350 518 466 564 inter
497 515 653 563 fideles
689 525 834 563 autem
867 533 1015 563 verum
1049 528 1092 564 et
1123 527 1268 565 ratum
1300 517 1471 565 existit:
1517 517 1629 583 quia

145 603 472 641 sacramentum
509 592 637 648 fidei,
673 593 792 656 quod
826 592 962 641 semel
985 603 1054 639 est
1076 593 1350 650 admissum,
1379 611 1623 659 numquam

146 669 385 726 amittitur,
408 669 488 716 sed
513 679 657 716 ratum
677 669 813 716 efficit
829 669 1022 732 coniugii
1042 679 1366 716 sacramentum
1379 707 1390 726 ‚
1411 680 1460 717 ut
1476 670 1624 735 ipsum

149 746 196 792 in
225 744 492 809 coniugibus
526 744 603 792 illo
633 744 822 792 durante
856 745 1066 809 perduret
1086 746 1238 807 (35).»
1254 745 1321 791 Ex
1344 745 1508 809 quibus
1531 762 1628 793 ma-

144 822 305 870 nifeste
321 821 690 887 deprehenditur,
712 839 861 868 verum
883 832 928 868 et
949 831 1094 868 ratum
1116 820 1205 868 dici
1230 821 1487 884 coniugium
1517 822 1628 869 fide-

145 897 254 946 lium
270 937 281 956 ‚
310 899 418 964 quia
442 907 764 945 sacramentum
792 907 875 945 est.
906 897 1185 962 Quapropter
1206 897 1314 944 dum
1338 897 1626 945 tridentinum

144 975 229 1023 sub
263 975 559 1023 anathematis
594 974 952 1022 interminatione
980 974 1175 1022 declarat
1199 974 1482 1021 matrimonia
1504 973 1627 1022 clan-

144 1052 322 1100 destina
345 1051 553 1099 habenda
576 1068 677 1099 esse
699 1068 802 1098 vera
819 1061 859 1098 et
874 1061 999 1106 rata,
1029 1051 1112 1099 hoc
1135 1052 1234 1116 ipso
1251 1049 1447 1098 declarat
1469 1050 1625 1098 eadem

148 1129 354 1192 coniugia
382 1125 564 1175 totidem
594 1145 694 1175 esse
722 1138 1013 1176 sacramenta.
1043 1127 1155 1175 Cum
1177 1144 1281 1174 vero
1306 1127 1353 1173 in
1375 1127 1448 1175 his
1472 1127 1628 1175 coniu-

147 1206 233 1269 giis
258 1205 429 1252 nullum
454 1204 717 1252 interveniat
741 1204 984 1252 sacerdotis
1021 1204 1315 1252 ministerium
1330 1242 1340 1261 ‚
1373 1204 1627 1251 necessario

148 1282 372 1347 sequitur,
402 1299 489 1329 non
515 1281 627 1329 alios
652 1299 754 1329 esse
778 1299 911 1346 posse
933 1281 1069 1328 huius
1096 1281 1362 1328 sacramenti
1396 1280 1627 1329 ministros

146 1369 322 1424 praeter
356 1358 480 1423 ipsos
514 1357 840 1405 contrahentes.
870 1357 964 1405 Hoc
987 1367 1317 1420 argumentum,
1346 1373 1626 1421 quocumque

148 1453 197 1483 se
212 1444 387 1483 vertant
402 1434 675 1491 adversarii,
698 1433 983 1481 ineluctabile
1007 1443 1089 1480 est.
1112 1434 1204 1481 Imo
1228 1451 1307 1498 per
1329 1433 1477 1498 ipsum
1500 1449 1628 1497 prae-

146 1510 339 1558 cluditur
369 1511 444 1558 via
485 1510 542 1557 ad
585 1509 916 1557 distinctionem
951 1508 1007 1556 ab
1042 1509 1154 1574 ipsis
1188 1508 1477 1572 excogitatam
1512 1508 1626 1554 inter

143 1597 415 1635 contractum
465 1603 587 1634 mere
635 1586 811 1634 civilem
853 1595 898 1633 et
942 1596 1267 1634 sacramentum
1309 1585 1355 1632 in
1401 1584 1624 1648 coniugiis

146 1663 421 1710 christianis.

243 1741 377 1788 Porro
412 1740 632 1788 eiusmodi
663 1739 870 1803 coniugia
896 1749 1000 1787 sunt
1023 1756 1138 1804 pene
1162 1739 1419 1795 innumera,
1448 1747 1491 1786 et
1513 1754 1625 1802 quo-

146 1816 255 1863 tidie
272 1816 550 1865 celebrantur
574 1817 631 1864 iis
649 1816 857 1864 omnibus
875 1817 922 1863 in
941 1816 1068 1874 locis,
1092 1816 1138 1862 in
1156 1815 1320 1880 quibus
1339 1814 1627 1861 tridentinum

148 1893 373 1941 decretum
408 1893 607 1941 nondum
641 1893 912 1958 publicatum
955 1903 1037 1941 est.
1077 1893 1132 1940 Et
1165 1892 1276 1939 haec
1318 1891 1374 1938 de
1420 1889 1625 1938 conciliis

147 1970 266 2017 dicta
298 1970 577 2027 sufficerent;
606 1981 650 2017 at
673 1970 898 2018 coronidis
922 1972 1091 2034 gratia,
1120 1979 1163 2017 et
1185 1979 1233 2015 ut
1256 1977 1468 2034 appareat
1490 1984 1626 2031 quam

146 2045 257 2093 altas
292 2045 464 2093 radices
498 2047 637 2110 egerit
667 2056 843 2094 vetusta
865 2047 976 2095 haec
1000 2046 1201 2093 doctrina
1232 2046 1278 2091 in
1306 2044 1495 2093 ecclesia
1516 2043 1621 2100 Dei,

148 2121 413 2185 compendio
457 2138 726 2186 exponemus
770 2140 886 2187 quae
928 2122 975 2168 in
1018 2121 1205 2169 concilio
1247 2120 1487 2168 tridentino
1529 2130 1626 2167 acta

150 2207 255 2245 sunt
294 2214 395 2244 eum
430 2207 634 2260 ageretur
665 2197 722 2243 de
756 2215 870 2244 novo
903 2196 1222 2244 introducendo
1255 2195 1625 2243 clandestinitatis

149 2273 480 2339 impedimento.
504 2274 570 2319 Ex
598 2273 671 2320 his
701 2274 820 2320 enim
857 2273 1084 2321 evidenter
1116 2272 1304 2338 patebit,
1342 2281 1489 2337 patres
1524 2271 1624 2319 illos

147 2368 203 2398 ne
236 2351 485 2416 suspicatos
528 2350 710 2415 quidem
744 2350 884 2398 fuisse
926 2367 1138 2414 umquam
1172 2349 1441 2397 matrimonii
1482 2366 1627 2396 sacra·

148 2437 346 2474 mentum
380 2426 530 2492 perfici
567 2426 874 2474 benedictione
907 2425 1187 2474 sacerdotali.

246 2503 420 2551 Etenim
451 2522 589 2569 quum
623 2503 762 2550 multa
796 2502 1053 2569 disquisitio
1087 2502 1210 2549 fieret
1243 2502 1289 2547 in
1323 2501 1627 2564 congregatio-

151 2579 284 2627 nibus
320 2580 513 2646 praeviis
543 2598 658 2628 sess.
679 2580 826 2626 XXIV.
861 2597 950 2644 qua
983 2579 1180 2634 ratione,
1219 2577 1343 2625 salva
1378 2576 1625 2625 substantia

152 2656 441 2713 sacramenti,
482 2667 665 2723 possent
698 2656 822 2702 irrita
856 2655 951 2702 fieri
986 2653 1207 2701 connubia
1239 2653 1539 2710 clandestina,
1572 2670 1624 2700 ex

153 2729 351 2796 patribus
396 2731 471 2778 alii
518 2733 563 2778 in
610 2732 726 2779 hanc
771 2730 846 2777 alii
892 2730 938 2776 in
987 2728 1107 2776 illam
1150 2729 1413 2778 sententiam·
1440 2728 1603 2777 'abiere

247 2832 313 2873 (35)
336 2832 469 2865 Decrec.
486 2831 543 2865 lib.
557 2833 609 2864 lv.
625 2832 665 2864 tit
688 2833 773 2864 xlx.
787 2839 857 2872 cap.
872 2831 1008 2868 Quanto
1022 2828 1064 2862 de
1075 2830 1254 2862 Dicorca'is.
