1918 3186
286 179 375 210 eir.
401 178 429 209 1.
455 178 546 210 Aur.
570 178 600 208 1.
624 177 676 208 ne
701 177 900 209 venum:
925 177 1099 210 sicum.
1123 177 1176 210 nx
1200 177 1315 209 sect.
1339 177 1483 208 nocrn.
1590 162 1647 207 19

176 268 310 321 atque
343 262 497 305 'omnes
533 255 736 303 homines
771 255 816 301 in
852 272 1015 302 caussa
1047 255 1289 319 generandi
1312 265 1400 310 est,
1428 255 1540 302 etin
1565 255 1651 303 fide

175 333 419 389 castitatis;
447 330 568 396 quod
592 340 739 378 autem
774 330 831 377 ad
861 332 1070 394 populum
1103 332 1186 379 Dei
1208 331 1419 395 pertinet,
1449 331 1583 379 etiam
1606 331 1651 378 in

174 409 411 458 sanctitate
441 409 724 462 sacramenti,
755 424 834 471 per
868 424 1003 471 quam
1038 408 1160 456 nefas
1196 419 1264 457 est
1297 407 1429 456 etiam
1465 408 1651 472 repudio

174 484 476 535 discedentem
516 483 641 531 alteri
686 482 853 532 nubere
874 503 896 528 »
939 484 1106 547 pergit:
1150 504 1173 529 α
1196 484 1578 540 Quemadmodum
1613 484 1651 532 si

175 563 254 611 fiat
284 560 504 610 ordinatio
538 559 644 608 cleri
669 559 725 607 ad
750 559 924 624 plebem
956 560 1311 623 congregandam
1327 599 1337 617 ,
1366 560 1541 609 etiamsi
1564 560 1655 624 ple—

173 638 244 686 bis
277 637 556 701 congregatio
601 655 688 684 non
733 636 1031 701 subsequatur
1049 674 1058 692 ,
1097 648 1245 684 manet
1288 647 1432 686 tamen
1473 638 1521 699 in
1541 664 1544 666 v
1564 636 1654 687 illis

173 714 393 763 ordinatis
436 723 761 762 sacramentum
804 713 1124 769 ordinationis;
1163 724 1205 760 et
1247 714 1286 760 si
1314 714 1482 778 'aliqua
1523 714 1655 778 culpa

175 790 418 855 quisquam
451 789 509 838 ab
543 789 690 837 officio
725 797 1025 845 removeatur,
1066 800 1340 836 sacramento
1373 790 1550 837 Domini
1585 808 1656 837 se-

175 866 261 914 mel
295 867 503 931 imposito
536 884 624 914 non
663 865 854 922 carebit,
890 866 1095 930 quamvis
1120 866 1176 913 ad
1202 866 1442 922 iudicium,
1483 884 1656 931 perma-

178 954 309 992 nente
336 946 453 1005 (59).
475 963 498 989 »

271 1020 386 1068 Hinc
419 1019 775 1075 matrimonium,
803 1030 954 1083 utpote
989 1031 1316 1067 sacramentum
1351 1021 1407 1067 ad
1441 1019 1656 1067 ecclesiae

176 1097 372 1160 regimen
405 1113 583 1160 semper
616 1096 843 1160 pertinuit.
886 1096 1033 1152 Quare
1067 1115 1106 1144 s.
1146 1097 1345 1160 {gnatius
1378 1098 1435 1143 M.
1474 1097 1567 1144 iam
1600 1097 1657 1144 ab

174 1174 275 1237 ipso
307 1172 522 1221 ecclesiae
556 1172 699 1237 primo
742 1172 918 1219 labente
960 1172 1109 1220 seculo
1154 1173 1358 1237 scripsit:
1404 1174 1578 1220 «Decet
1609 1184 1659 1220 ut

173 1250 330 1314 sponsi
354 1260 398 1297 et
421 1267 616 1315 sponsae
649 1249 701 1296 dc
723 1251 932 1296 sententio
966 1251 1153 1313 episcopi
1183 1250 1438 1313 coniugium
1463 1250 1651 1305 faciant,

174 1344 267 1391 quo
299 1329 484 1391 nuptiae
517 1327 607 1374 sint
640 1325 886 1374 secundum
919 1326 1156 1373 Dominum
1173 1365 1183 1383 ‚
1211 1337 1254 1374 et
1287 1344 1374 1374 non
1409 1327 1655 1374 secundum

175 1403 464 1469 cupiditatem
492 1405 654 1465 (60).»
684 1402 968 1467 Presbyteros
1002 1403 1049 1449 in
1083 1402 1272 1451 ecclesia
1305 1420 1462 1467 graeca
1498 1403 1658 1467 iugiter

175 1479 435 1527 christianis
460 1479 629 1543 nuptiis
653 1478 855 1526 adfuisse
878 1489 1053 1526 constat
1075 1490 1168 1525 tum
1191 1496 1244 1526 ex
1268 1479 1493 1526 Clemente
1517 1478 1653 1533 alex.,

175 1557 254 1621 qui
277 1555 608 1620 reprehendens
643 1555 853 1603 mulieres
886 1555 1003 1603 fictis
1037 1555 1265 1620 capillitiis
1299 1567 1503 1612 ornatas,
1531 1573 1658 1606 acce·

173 1633 422 1698 dentesque
455 1632 512 1679 ad
546 1632 791 1697 nuptialem
823 1632 1178 1680 benedictionem
1201 1651 1227 1680 a
1251 1633 1513 1698 presbytero
1540 1634 1656 1680 acci—

177 1709 386 1772 piendam
420 1708 674 1774 inquiebat:
707 1729 729 1753 «
746 1708 828 1755 Cui
861 1726 1021 1756 manus
1056 1709 1253 1773 imponet
1286 1709 1552 1775 presbyter?
1574 1709 1655 1756 Cui

177 1795 322 1832 autem
354 1783 620 1832 benedicet?
643 1786 739 1832 Non
761 1784 935 1832 mulieri
960 1803 1075 1850 quae
1097 1796 1166 1833 est
1188 1797 1364 1843 ornata,
1395 1787 1475 1835 sed
1499 1786 1657 1833 alienis

180 1860 352 1924 capillis
370 1899 381 1918 ,
417 1872 463 1909 et
494 1880 574 1926 per
606 1862 729 1926 ipsos
765 1861 841 1909 alii
875 1863 1010 1927 capiti
1040 1865 1162 1925 (61);
1183 1883 1206 1908 »
1236 1865 1344 1910 Tum
1368 1881 1419 1910 ex
1445 1862 1653 1927 Synesio,

180 1937 260 2000 qui
282 1938 511 2001 profitetur
529 1957 578 1987 se
594 1939 650 1987 de
669 1939 903 2004 Theophili
928 1940 1203 1988 alexandrini
1228 1940 1506 2005 patriarchae
1525 1956 1659 1987 manu

180 2029 362 2060 uxorem
393 2016 621 2080 accepisse
666 2016 894 2064 scribens:
938 2016 1086 2063 «Mihi
1121 2028 1164 2064 et
1197 2017 1317 2063 Deus
1351 2016 1473 2080 ipse,
1515 2027 1558 2063 et
1590 2015 1658 2062 lex

181 2099 224 2135 et
249 2105 375 2136 sacra
409 2089 643 2154 Theophili
666 2110 826 2140 manus
849 2111 1029 2141 uxorem
1052 2094 1174 2140 dedit
1202 2094 1297 2155 (62)
1316 2113 1325 2148 ;
1346 2113 1368 2138 »
1397 2093 1506 2140 Tum
1534 2092 1660 2139 deni-

179 2182 269 2229 que
301 2182 354 2212 ex
388 2166 734 2223 consuetudine,
762 2186 877 2232 quae
911 2170 1124 2217 hactenus
1158 2186 1296 2234 penes
1329 2186 1537 2233 graecos,
1572 2187 1658 2216 non

181 2258 311 2289 secus
346 2258 398 2289 ac
432 2242 551 2306 apud
586 2242 823 2292 orientales
857 2245 1088 2308 perdurat,
1118 2263 1357 2311 numquam
1381 2257 1502 2293 extra
1526 2245 1660 2293 eccle-

279 2375 345 2416 (59)
365 2375 436 2408 Lib.
459 2378 508 2408 De
524 2376 609 2409 bono
624 2380 762 2419 coniuq.
781 2387 810 2410 c.
827 2380 941 2411 XXIV.
957 2389 991 2411 n.
1007 2384 1057 2412 32.

277 2428 344 2470 (60)
366 2428 468 2469 Epist.
490 2428 532 2460 ad
553 2430 724 2472 Polycarp.
744 2440 773 2463 c.
792 2434 832 2463 V.
853 2432 904 2464 ed.
925 2433 1031 2465 Cotel.

273 2481 340 2523 (δι)
362 2482 434 2514 Lib.
451 2483 509 2514 111.
528 2482 709 2524 Paedagog.
730 2484 783 2516 ed.
803 2486 886 2517 ven.
910 2488 1000 2518 1757.
1019 2494 1090 2527 pag.
1111 2491 1181 2520 291.

248 2548 251 2549 ⁷
275 2533 342 2574 (62)
363 2534 466 2578 Epist.
485 2539 555 2568 105.
571 2535 624 2568 ed.
642 2537 757 2569 Petav.
771 2539 874 2571 Paris.
897 2543 987 2574 1633.
1002 2540 1037 2573 in
1049 2548 1147 2581 quem
1161 2541 1224 2573 loc.
1240 2540 1390 2572 petavius
1403 2539 1553 2572 adnotat:
1570 2540 1661 2573 «Nisi

181 2585 378 2619 christIanus
392 2589 476 2621 esset
490 2589 701 2630 (synesius),
717 2599 793 2623 cum
817 2600 952 2624 uxorem
976 2593 1125 2633 duceret,
1142 2602 1206 2626 non
1221 2593 1336 2633 opinor
1351 2592 1393 2625 de
1408 2593 1551 2635 episcopi
1565 2602 1662 2627 mann

181 2647 253 2670 eam
274 2641 460 2681 accepisset.
476 2641 548 2673 Nou
566 2641 654 2674 enim
670 2643 841 2683 gentilium
859 2645 988 2686 nuptias
1001 2645 1190 2677 conciliaret
1203 2643 1363 2677 sacerdos.
1377 2646 1507 2687 Quippe
1516 2646 1661 2678 christia·

181 2700 298 2725 norum
314 2694 482 2737 proprium
498 2694 581 2728 illud
595 2697 646 2729 est
658 2696 902 2729 matrimonium
914 2722 924 2738 ‚
946 2698 1039 2740 quod
1060 2698 1205 2731 ecclesia
1221 2698 1406 2739 conciliat,
1425 2701 1458 2732 ee
1478 2699 1664 2739 consu-mac

184 2743 313 2776 oblatio
340 2747 373 2777 et
402 2746 624 2788 obsiqnatum
650 2748 765 2789 anqeli
794 2752 1021 2788 renunciant,
1044 2750 1089 2781 ait
1111 2750 1347 2790 Tertullianus,
1371 2751 1427 2783 lib.
1450 2756 1480 2783 2.
1505 2751 1545 2782 ad
1570 2759 1661 2782 uxor.

184 2806 215 2828 c.
238 2801 268 2829 9.
283 2810 298 2825 υ
