1912 3180
340 229 429 260 mr.
460 230 504 261 11.
535 231 586 261 1)ss
611 231 735 261 MATR.
759 230 842 261 clv.
867 230 977 262 ome.
1002 231 1051 261 m*
1078 230 1223 262 rnocn.
1253 232 1345 263 ΛΒΤ.
1376 232 1404 262 1.
1533 216 1623 263 259

158 308 319 354 exoriri
346 308 598 355 necessario
622 308 884 355 debuissent
901 309 1231 366 contentiones,
1255 309 1530 367 collisiones,
1552 310 1642 358 dis-

158 385 484 448 sensionesque
509 401 648 447 prope
681 384 939 430 innumerae
964 384 1078 431 inter
1113 396 1345 451 utramque
1379 396 1640 450 potestatem

157 460 507 508 ecclesiasticam
542 470 676 523 atque
705 459 902 515 civilem,
932 471 1061 523 prout
1086 473 1227 508 aetate
1260 463 1346 509 hac
1375 473 1527 510 nostra
1554 463 1640 511 fre—

156 537 479 601 quentissimae
515 536 894 599 gravissimaeque
923 548 1099 583 exortae
1124 549 1253 595 sunt,
1282 550 1416 604 atque
1439 540 1641 587 exoriun-

157 612 257 660 tur‘?
288 613 482 659 Profecto
512 629 656 676 neque
691 612 887 676 episcopi
922 630 1125 659 seorsum
1144 652 1153 669 ,
1188 633 1332 679 neque
1362 616 1407 662 in
1438 616 1640 664 conciliis

158 689 253 736 sive
277 688 627 752 provincialibus
653 688 747 734 sive
772 687 1095 744 nationalibus,
1120 699 1195 735 aut
1213 692 1510 739 oecumenicis
1535 709 1642 740 con-

157 765 356 828 gregati,
397 782 541 828 neque
577 765 737 811 summi
775 764 1006 828 pontifices
1040 764 1282 829 aliquando
1313 766 1398 813 hac
1422 767 1479 815 de
1501 785 1640 816 causa

157 841 387 905 conquesti
430 851 563 895 sunt,
604 850 678 887 aut
711 841 843 887 etiam
877 841 1144 888 mentionem
1180 841 1370 889 alicuius
1407 845 1640 892 conflictus

158 918 371 965 fecerunt.
410 919 525 980 Ergo
559 917 742 965 evidens
779 927 846 964 est
881 918 1155 982 antiquitus,
1194 928 1242 964 ut
1276 919 1468 966 mediam
1503 937 1638 984 quam

157 1005 318 1041 vocant
352 1004 537 1040 aetatem
574 994 918 1058 praetermittam
937 1031 945 1048 ,
975 993 1031 1040 de
1054 1011 1143 1057 qua
1166 994 1288 1041 nulla
1311 1005 1379 1041 est
1401 995 1636 1052 dubitatio,

157 1069 377 1117 eiusmodi
414 1086 533 1115 mere
567 1069 717 1115 civilia
750 1068 972 1116 connubia
1006 1069 1208 1131 ignorata
1241 1070 1417 1133 penitus
1447 1070 1604 1118 fuisse.

252 1145 411 1191 Verum
440 1145 665 1191 enimvero
699 1162 787 1191 non
822 1145 951 1191 modo
975 1162 1094 1191 mere
1120 1144 1270 1192 civilia
1298 1146 1507 1209 coniugia
1534 1157 1645 1194 anti-

158 1221 309 1287 quitus
345 1221 522 1268 suerunt
558 1221 738 1267 omnino
778 1221 951 1283 ignota,
999 1221 1078 1267 sed
1116 1221 1186 1267 vel
1227 1221 1283 1267 ab
1323 1221 1422 1285 ipsa
1461 1222 1644 1286 politica

159 1308 374 1362 potestate
418 1297 595 1362 penitus
636 1297 815 1343 exclusa
843 1335 853 1352 ,
900 1307 1031 1361 prout
1069 1297 1268 1344 serebant
1311 1308 1353 1344 et
1386 1298 1455 1344 sui
1497 1298 1643 1363 ipsius

160 1373 374 1420 sanctitas
398 1383 441 1419 et
463 1390 608 1419 mores
642 1382 782 1419 aetate
816 1371 892 1418 illa
925 1390 1199 1428 communes,
1229 1390 1280 1419 ac
1304 1372 1434 1436 longe
1468 1373 1644 1439 lateque

160 1449 456 1496 dominantes.
487 1449 627 1513 quue
650 1449 895 1496 evincimus
925 1448 1168 1496 luculenter
1193 1460 1284 1496 tum
1309 1449 1525 1496 indirecte
1548 1460 1640 1497 tum

163 1526 343 1573 directe.

258 1602 473 1649 Indirecte
509 1601 723 1666 quidem,
763 1602 870 1666 quia
904 1619 993 1648 non
1031 1601 1173 1648 solum
1206 1602 1325 1666 apud
1353 1602 1638 1658 christianos,

163 1678 241 1725 sed
276 1695 413 1743 penes
449 1678 651 1725 ethnicos
679 1678 802 1742 ipsos
827 1696 1070 1742 numquam
1106 1679 1353 1741 excogitata
1388 1679 1530 1726 fuerat
1564 1697 1637 1735 ea,

160 1771 276 1818 quae
296 1754 340 1800 in
360 1754 710 1818 praesentiarum
731 1754 901 1817 passim
921 1753 1088 1800 obtinet
1104 1753 1224 1818 apud
1244 1754 1638 1818 pseudopolitiCOS,

163 1830 384 1894 separatio
410 1830 638 1892 religionis
663 1847 689 1875 a
715 1829 939 1893 republica
975 1847 1055 1876 seu
1086 1829 1301 1892 regimine
1324 1830 1459 1876 civili.
1484 1831 1643 1876 Notum

163 1905 280 1951 enim
306 1916 399 1961 est,
428 1915 653 1969 receptum
678 1905 783 1952 olim
809 1906 949 1952 fuisse
977 1906 1037 1952 ita
1073 1923 1122 1952 se
1157 1906 1346 1952 invicem
1383 1905 1641 1969 religionem

163 1997 216 2026 ac
246 1990 407 2027 statum
443 1981 673 2044 politicum
709 1980 862 2026 intime
897 1981 1134 2043 coniungi,
1165 1992 1212 2027 ut
1235 1999 1372 2027 unum
1398 1982 1506 2045 quid
1538 1999 1643 2029 con-

163 2055 410 2103 stituerent.
442 2056 556 2103 Hinc
582 2073 667 2104 non
693 2056 836 2103 solum
874 2057 1068 2121 supremi
1104 2057 1419 2120 magistratus,
1459 2068 1507 2104 ut
1542 2057 1642 2122 plu-

163 2132 323 2178 rimum
359 2132 604 2179 sacerdotio
645 2133 785 2180 ornati
821 2143 947 2179 erant
970 2171 979 2187 ,
1020 2132 1099 2179 sed
1132 2132 1202 2180 vel
1237 2133 1325 2197 ipsi
1362 2133 1523 2179 summi
1559 2133 1643 2179 im-

162 2218 367 2272 perantes
407 2209 735 2272 coniungebant
774 2210 1044 2273 quandoque
1091 2209 1135 2254 in
1182 2226 1230 2256 se
1274 2208 1550 2272 imperialem
1591 2226 1643 2256 ac

164 2284 468 2348 pontificalem
503 2285 764 2348 dignitatem
806 2284 862 2331 ad
905 2285 1117 2331 maiorem
1154 2285 1239 2331 sibi
1282 2302 1421 2348 penes
1456 2284 1644 2349 populos

165 2360 491 2407 conciliandam
523 2361 829 2406 auctoritatem
858 2377 910 2406 ac
933 2359 1278 2406 venerationem.
1303 2359 1388 2414 Qui
1413 2369 1645 2424 propterea

163 2436 357 2500 pollebat
390 2436 604 2500 imperio,
645 2436 729 2482 hoc
768 2436 866 2499 ipso
902 2445 996 2481 erat
1030 2453 1230 2482 summus
1267 2434 1481 2498 pontifex.
1522 2434 1644 2482 Adeo

164 2510 209 2555 id
245 2511 523 2566 invaluerat,
566 2522 615 2557 ut
650 2511 720 2558 vel
754 2511 842 2574 ipsi
879 2511 1167 2575 imperatores
1200 2509 1432 2556 christiani
1467 2509 1641 2556 titulum

165 2586 286 2633 hunc
313 2588 539 2651 pontificis
575 2588 755 2634 maximi
795 2587 1057 2633 retinuerint
1092 2586 1147 2632 ad
1185 2585 1440 2632 Gratianum
1475 2603 1638 2650 usque,

167 2663 243 2725 qui
280 2664 478 2709 omnium
515 2664 688 2727 primus
731 2663 855 2709 illum
897 2662 1133 2708 abdicavit.
1176 2662 1466 2725 Imperatores
1511 2678 1641 2726 porro

171 2736 337 2784 ethnici
361 2776 370 2793 ,
404 2739 673 2803 quibusdam
699 2739 893 2803 exceptis
920 2738 1259 2785 solemnioribus
1284 2738 1395 2784 actis
1423 2737 1637 2803 publicis,

170 2829 248 2876 per
277 2813 550 2862 sacrificulos
575 2832 626 2862 ac
650 2815 853 2862 flamines
878 2815 989 2862 ritus
1014 2813 1244 2877 religiosos
1269 2823 1312 2861 et
1334 2824 1495 2870 cetera,
1526 2831 1641 2878 quae

1515 2889 1543 2916 z*
