1912 3180
345 178 434 222 380
615 192 695 221 Lm.
725 190 754 220 1.
784 188 897 220 sacr.
926 189 1099 220 ALTERA.
1123 189 1178 220 m:
1201 189 1376 221 mrum.
1399 190 1539 222 cmm.

339 270 445 316 dent
477 268 522 314 in
557 267 683 314 nobis
720 266 890 313 romani
932 266 1164 330 pontifices
1199 266 1317 330 quod
1354 267 1398 312 in
1433 268 1591 332 ceteris
1626 269 1810 318 tolerant

341 341 557 407 populis?
601 341 797 388 Profecto
832 359 913 389 nec
946 359 1106 389 nomen
1150 352 1382 397 nostrum,
1423 359 1504 389 nec
1546 360 1809 407 progressus

340 429 488 465 noster
520 417 628 465 seret
650 435 863 482 umquam
898 428 948 465 ut
979 418 1164 465 minoris
1202 418 1360 464 fiamus
1394 419 1550 466 ceteris
1584 420 1805 482 gentibus.

339 493 468 549 Quod
506 493 545 540 si
581 493 798 540 eiusmodi
830 493 904 540 lex
939 494 1059 558 apud
1095 493 1194 540 illas
1230 493 1342 539 nihil
1382 494 1527 541 attulit
1559 497 1810 544 nocumenti

339 571 434 616 sive
468 569 667 616 moribus
702 569 797 617 sive
830 569 1037 634 publicae
1072 567 1410 632 tranquillitati,
1450 570 1544 617 sive
1577 571 1806 634 religioni,

339 644 440 691 sive
463 644 669 701 familiis,
698 645 763 692 uti
790 655 852 692 tot
875 661 1091 692 annorum
1123 644 1395 708 experientia
1418 644 1596 692 abunde
1619 657 1805 703 constat,

339 721 508 767 nullum
538 722 704 785 pariter
737 733 805 769 est
839 730 1152 768 nocumentum
1188 720 1444 783 regionibus
1480 722 1644 769 nostris
1678 723 1812 786 perti—

339 797 625 845 mescendum
649 836 658 854 ,
699 798 736 845 si
773 798 930 845 eadem
973 797 1042 843 lex
1087 796 1230 844 codici
1277 807 1427 844 nostro
1471 797 1705 845 inseratur.
1746 800 1812 846 lta

338 873 518 938 quidem
555 874 782 938 subalpini
817 872 1052 920 oratores.'

436 952 529 997 lmo
571 968 675 998 vero
722 968 808 997 non
856 950 1125 1007 defuerunt,
1165 950 1241 1015 qui
1277 950 1393 997 hanc
1427 949 1568 1014 legem
1614 950 1813 998 moribus

339 1026 626 1074 utilissimam
661 1027 800 1078 fuisse
836 1026 1179 1082 contenderent,
1219 1037 1352 1091 atque
1375 1026 1431 1073 ab
1456 1044 1508 1074 ea
1538 1044 1653 1091 pene
1687 1044 1812 1091 repe-

338 1114 479 1150 terent
502 1099 722 1168 quidquid
746 1102 849 1150 boni
875 1103 994 1167 apud
1020 1103 1236 1168 quasdam
1262 1114 1414 1167 gentes
1443 1103 1681 1150 invenitur.
1711 1103 1812 1150 Gal—

339 1178 423 1235 lia,
458 1179 605 1243 inquit
639 1179 787 1242 regius
822 1179 1049 1235 minister,
1079 1190 1180 1226 ante
1203 1180 1473 1227 matrimonii
1498 1179 1645 1227 civilis
1669 1179 1810 1243 legem

339 1255 653 1302 memorandae
679 1255 984 1303 subversionis
1009 1257 1179 1303 auctrix
1197 1256 1278 1303 fuit
1296 1257 1401 1303 anni
1421 1257 1585 1311 1793.;
1602 1266 1702 1320 post
1718 1274 1813 1302 ma-

341 1330 595 1377 trimonium
629 1331 759 1379 civile
783 1331 938 1378 eadem
967 1331 1107 1379 Gallia
1131 1350 1291 1379 novam
1316 1332 1651 1379 subversionem
1675 1331 1815 1379 edidit

340 1406 446 1452 anni
467 1407 609 1452 1848.
635 1424 752 1471 quae
776 1418 897 1454 tanto
924 1407 1162 1454 humanior
1185 1407 1267 1455 fuit
1294 1425 1346 1454 ac
1376 1407 1638 1470 religiosior.
1667 1407 1827 1470 socie--

338 1492 406 1528 tas
442 1482 644 1530 instituta
684 1484 730 1529 in
766 1484 1046 1548 separatione
1090 1494 1232 1531 status
1267 1494 1310 1531 et
1342 1483 1558 1531 ecclesiae
1591 1482 1731 1530 multo
1765 1500 1814 1530 se

339 1556 660 1620 religiosiorem
694 1559 902 1607 ostendit.
934 1559 1089 1614 Quoad
1124 1576 1267 1606 mores
1293 1558 1433 1606 Gallia
1467 1576 1584 1606 nunc
1617 1569 1814 1623 praestat

339 1634 612 1697 temporibus
650 1634 859 1682 Ludovici
884 1636 971 1681 XV.
1001 1646 1044 1682 et
1066 1635 1174 1681 XVI.
1205 1634 1352 1681 Scotia
1388 1634 1506 1697 regio
1541 1646 1608 1682 est
1642 1634 1815 1698 religio-

338 1708 536 1765 sissima,
554 1721 597 1756 et
622 1720 770 1758 tamen
796 1710 930 1758 habet
953 1711 1282 1758 matrimonium
1307 1710 1452 1758 civile.
1470 1711 1536 1758 Ita
1558 1710 1691 1758 etiam
1715 1710 1814 1757 Bel-

338 1785 459 1848 gium
490 1788 607 1855 (562.

956 1907 1187 1972 Responsio
1195 1946 1204 1953 .

437 2016 546 2063 Tota
563 2016 673 2064 haec
694 2018 969 2066 ratiocinatio
987 2018 1204 2084 principio
1221 2028 1314 2065 tum
1333 2018 1476 2081 logice
1492 2028 1585 2065 tum
1604 2016 1814 2064 historice

339 2091 453 2140 falso
487 2093 706 2141 innititur.
745 2095 962 2142 Nimirum
1004 2094 1212 2159 principii
1253 2093 1348 2142 loco
1389 2093 1634 2141 assumitur
1666 2109 1814 2139 exem—

339 2168 462 2233 plum
498 2169 686 2217 aliarum
721 2172 918 2235 gentium
942 2171 1076 2220 veluti
1101 2189 1302 2219 normam
1325 2170 1578 2217 habendam
1602 2186 1724 2225 esse,
1755 2168 1814 2215 si-

339 2245 521 2311 mulque
554 2265 608 2295 eo
642 2248 845 2312 exemplo
881 2258 1088 2308 constare
1120 2248 1263 2311 legem
1287 2247 1343 2294 de
1367 2245 1575 2308 coniugio
1598 2244 1717 2292 civili
1746 2244 1814 2289 in-

339 2340 526 2370 nocuam
551 2342 651 2372 esse
675 2324 905 2388 religioni,
940 2324 1138 2373 moribus
1163 2341 1215 2372 ac
1239 2321 1454 2371 societati.
1477 2321 1532 2368 At
1553 2337 1657 2367 vero
1681 2319 1809 2375 haec,

336 2417 454 2463 quae
497 2411 586 2447 tam
621 2400 810 2448 fidenter
843 2412 1103 2449 asseruntur
1124 2440 1134 2457 ,
1174 2400 1288 2448 falsa
1322 2409 1441 2447 sunt.

437 2478 547 2524 Nam
582 2478 701 2543 quod
726 2478 783 2525 ad
809 2495 1009 2527 normam
1045 2477 1201 2524 attinet
1223 2494 1276 2524 ex
1300 2476 1486 2523 aliorum
1515 2472 1714 2537 exemplo
1736 2472 1814 2518 de-

340 2564 563 2617 sumptam
583 2593 592 2610 ,
631 2572 761 2602 nemo
795 2554 1039 2618 negaverit,
1066 2571 1166 2600 cum
1192 2553 1249 2600 de
1273 2570 1319 2600 re
1342 2551 1491 2615 aliqua
1514 2548 1661 2612 magni
1687 2565 1813 2612 prae-

343 2629 492 2675 sertim
540 2632 749 2679 momenti
793 2631 974 2694 agitur,
1013 2630 1137 2696 prius
1178 2628 1342 2694 inquiri
1377 2626 1563 2681 debere,
1602 2624 1719 2672 bona
1758 2641 1813 2669 ne

341 2704 426 2760 sit,
463 2706 602 2763 iusta,
637 2708 849 2765 honesta,
890 2706 1158 2756 conveniens
1189 2723 1240 2753 ac
1269 2703 1390 2752 utilis
1414 2713 1504 2750 tum
1538 2702 1581 2748 in
1604 2714 1691 2757 se,
1720 2711 1812 2747 tum

442 2808 505 2846 r'56)
528 2810 651 2840 senato
675 2810 736 2841 loc.
756 2812 809 2841 cit.
