1912 3180
290 213 379 245 CAP.
398 214 456 245 lv.
474 214 524 246 ΒΕ
542 214 698 246 Ancum.
718 214 795 246 PRO
813 214 917 247 LEGE
936 214 987 246 DE
1005 215 1131 248 uun.
1150 215 1234 247 elv.
1252 216 1345 248 Aur.
1364 217 1426 248 111.
1517 202 1607 248 425

145 309 252 355 quae
285 302 387 338 sunt
418 292 520 346 Dei,
560 292 661 338 Deo.
686 293 818 340 Porro
851 292 931 338 Dei
967 303 1070 339 sunt
1103 303 1351 342 contractus
1385 305 1429 342 et
1462 311 1610 344 sacra-

146 378 342 415 mentum
376 367 596 431 coniugii,
634 366 838 420 Caesaris
872 377 975 414 sunt
1006 369 1278 425 extrinseca,
1317 386 1433 434 quae
1466 371 1614 418 matri·

149 443 346 491 monium
371 444 679 499 circumstant,
704 459 863 506 nempe
881 443 1065 491 effectus
1083 444 1235 492 civiles
1248 483 1259 502 ,
1281 463 1393 510 quos
1411 446 1614 495 Christus

147 519 325 567 Caesari
360 518 554 575 dimisit3
593 519 671 566 sed
713 529 964 566 contractus
1005 521 1252 584 coniugalis
1291 533 1511 587 quatenus
1551 523 1615 570 ef·

150 594 294 642 ficitur
327 613 407 659 per
429 612 694 642 consensum
719 605 762 642 et
785 594 1053 643 voluntatem
1077 597 1455 654 contrahentium,
1486 617 1616 647 num-

149 687 282 734 quam
317 671 399 717 suit
432 670 658 727 Caesaris,
698 670 777 718 sed
813 671 933 719 Deus
958 671 1002 718 in
1028 683 1383 737 protoparentum
1408 675 1615 739 coniugio

149 764 248 793 eum
283 746 369 794 sibi
393 747 654 803 reservavit,
683 746 924 795 decernens
947 748 1079 795 etiam
1105 749 1364 815 praecipuas
1388 752 1485 799 eius
1517 767 1613 815 pro-

151 823 382 887 prietates,
420 823 602 870 unitatis
637 835 680 871 et
714 823 1151 882 indissolubilitatis,
1189 836 1238 872 ut
1260 826 1371 874 alias
1395 827 1610 876 diximus.

151 899 321 946 Exinde
355 908 473 963 patet
506 916 708 947 corruere
742 899 985 948 illationem
1019 917 1072 947 ex
1105 900 1219 949 salsa
1254 902 1490 968 hypothesi
1514 921 1617 968 pro-

152 975 377 1022 fluentem.

250 1051 378 1107 Quod
413 1052 478 1109 si,
516 1063 567 1099 ut
600 1052 701 1100 aliis
736 1052 898 1117 placet,
935 1053 1054 1101 Deus
1088 1071 1322 1119 supremae
1354 1055 1460 1103 olim
1496 1066 1618 1121 pote-

154 1127 255 1175 stati
279 1127 412 1174 etiam
436 1138 704 1175 contractum
730 1128 876 1193 ipsum
900 1130 1175 1193 coniugalem
1193 1131 1511 1179 moderandum
1530 1143 1618 1179 tra-

154 1204 294 1260 didit,
322 1204 528 1252 Christus
553 1215 601 1252 ut
624 1205 670 1251 in
695 1204 919 1252 nonnullis
944 1205 1068 1262 aliis,
1098 1207 1163 1254 sic
1181 1207 1313 1254 etiam
1331 1207 1376 1253 in
1395 1206 1478 1255 hoc
1496 1208 1618 1271 prin-

154 1281 302 1345 cipum
337 1281 574 1328 coarctavit
617 1281 933 1329 auctoritatem.
964 1282 1122 1329 Verum
1155 1283 1211 1329 de
1246 1282 1328 1331 hoc
1361 1293 1618 1346 argumento

155 1356 279 1404 alibi.

253 1432 320 1480 Ad
355 1435 400 1480 2.
425 1433 748 1481 Probationem.
773 1434 924 1498 Neque
948 1433 1063 1481 favet
1094 1434 1281 1482 oratoris
1315 1434 1430 1481 thesi
1454 1434 1517 1481 rei
1546 1451 1620 1481 na·

159 1519 257 1556 tura
271 1547 281 1565 ,
310 1526 390 1557 seu
413 1509 581 1556 evectio
604 1517 854 1556 contractus
877 1508 934 1555 ad
969 1520 1307 1556 sacramentum.
1330 1510 1439 1556 Nam
1462 1519 1506 1556 et
1535 1508 1620 1557 hoc

158 1596 226 1632 est
248 1584 409 1632 falsum
434 1584 677 1632 adversarii
712 1584 977 1649 principium
995 1622 1005 1641 ‚
1035 1586 1152 1648 quod
1178 1603 1336 1649 nempe
1359 1586 1619 1633 sacramenti

159 1661 354 1725 dignitas
389 1662 572 1709 accedat
604 1661 660 1708 ad
685 1670 953 1707 contractum
978 1660 1064 1707 iam
1090 1661 1271 1718 initum,
1300 1672 1525 1726 tamquam
1549 1678 1619 1709 res

160 1738 217 1786 ad
242 1755 331 1785 rem
346 1776 357 1795 ,
380 1737 565 1802 perinde
587 1754 639 1784 ac
664 1737 701 1784 si
725 1747 973 1784 contractus
998 1747 1041 1784 et
1064 1748 1386 1785 sacramentum
1410 1738 1524 1785 duae
1549 1755 1619 1785 res

160 1825 312 1863 essent
344 1814 456 1861 inter
488 1831 537 1860 se
577 1813 826 1859 distinctae.
855 1813 945 1860 lam
988 1830 1091 1860 vero
1124 1824 1171 1860 ut
1213 1831 1293 1860 suo
1336 1813 1432 1861 loco
1473 1823 1622 1861 osten-

162 1890 332 1946 dimus,
370 1898 692 1937 sacramentum
726 1888 896 1951 exurgit
928 1905 981 1935 ex
1014 1889 1114 1952 ipso
1146 1899 1369 1937 contractu
1401 1889 1508 1936 dum
1541 1889 1616 1946 fit,

163 1967 224 2014 ita
245 1976 294 2013 ut
315 1983 432 2013 unus
458 1965 665 2029 idemque
689 1964 746 2011 sit
768 1974 892 2011 actus
917 1981 1005 2028 quo
1039 1963 1088 2011 fit
1119 1975 1367 2012 contractus
1402 1975 1445 2013 et
1475 1981 1623 2012 sacra-

164 2053 382 2098 mentum,
411 2042 611 2106 adeoque
634 2040 822 2087 habetur
854 2040 1060 2087 identitas
1097 2039 1229 2087 realis
1261 2041 1514 2105 utriusque,
1542 2057 1624 2088 nec

163 2135 279 2165 unus
319 2117 375 2165 ab
414 2117 551 2165 altero
591 2116 787 2181 separari
832 2127 1006 2180 potest,
1045 2126 1120 2163 aut
1163 2115 1366 2164 dissolvi.
1395 2116 1508 2163 Hinc
1548 2133 1623 2163 su-

164 2204 409 2258 perstructa
441 2193 605 2250 moles,
633 2192 808 2239 sublato
832 2192 1138 2248 fundamento,
1174 2192 1386 2248 concidit;
1418 2191 1625 2240 videlicet

166 2269 385 2326 concidit,
424 2270 543 2334 quod
578 2279 723 2316 orator
756 2268 818 2316 ait
851 2268 906 2314 de
939 2268 1246 2316 coniunctione
1278 2268 1410 2315 unius
1435 2268 1496 2315 rei
1523 2285 1623 2315 cum

167 2344 322 2401 altera,
366 2362 481 2409 quae
519 2343 772 2391 earumdem
812 2353 1012 2390 naturam
1055 2343 1236 2390 minime
1277 2342 1388 2390 tollit
1426 2353 1502 2390 aut
1541 2343 1624 2389 im-

165 2431 321 2468 mutat.
362 2421 409 2467 Id
453 2420 646 2485 profecto
690 2437 843 2467 verum
886 2429 990 2475 est,
1037 2419 1075 2466 si
1114 2418 1332 2466 eiusmodi
1374 2418 1625 2466 coniunctio

168 2497 226 2545 ab
258 2497 502 2545 extrinseco
528 2497 629 2553 fiat3
658 2496 736 2544 sed
761 2496 799 2544 si
825 2495 885 2543 ita
909 2495 985 2542 fiat
1006 2495 1257 2542 coniunctio
1285 2506 1335 2542 ut
1366 2504 1626 2542 concurrant

165 2573 299 2621 veluti
334 2574 422 2621 duo
456 2573 671 2620 elementa
704 2572 760 2619 ad
795 2589 885 2618 rem
911 2570 1134 2636 quandam
1159 2570 1333 2617 unicam
1359 2570 1626 2617 constituen-

169 2649 272 2696 dam
307 2650 699 2714 efficiendamque,
737 2647 886 2712 reipsa
918 2658 1075 2693 natura
1109 2646 1171 2693 rei
1207 2645 1370 2693 tollitur
1392 2662 1443 2692 ac
1467 2645 1627 2692 immu-

170 2737 317 2782 tatur,
364 2736 493 2791 prout
535 2725 728 2774 cernitur
769 2723 839 2772 vel
883 2724 927 2770 in
971 2722 1083 2787 ipsis
1123 2721 1505 2770 coniunctionibus
1546 2738 1626 2769 seu

170 2801 524 2866 copulationibus
550 2800 752 2866 physicis
774 2810 849 2848 aut
870 2798 1089 2847 chimicis.
1112 2796 1236 2846 Certe
1259 2797 1454 2846 essentia
1483 2814 1627 2845 sacra-
