1918 3186
402 203 491 234 cir.
512 204 569 235 u.
588 203 639 234 ni:
663 203 796 236 mser.
813 203 961 236 conrii.
992 204 1040 235 nr
1064 204 1179 236 saun.
1203 204 1295 235 ΑΜ,
1312 204 1340 236 1.
1529 189 1618 234 183

143 281 262 329 dam.
293 280 386 328 Hoc
408 298 512 329 vero
536 281 812 328 desumimus
838 298 890 327 ex
916 281 1182 330 testimoniis
1208 281 1383 329 illorum
1414 291 1614 345 patrum,

145 374 262 422 quae
290 394 299 414 ,
344 367 393 404 ut
427 356 655 404 innuimus
680 395 690 414 ,
735 374 895 420 magno
931 375 1113 404 numero
1148 356 1330 422 protulit
1366 356 1617 422 Launoius,

144 432 310 498 quibus
349 432 554 480 ostendat
584 443 754 480 veteres
788 448 947 479 nomen
975 449 1027 479 ac
1056 432 1316 496 dignitatem
1355 430 1621 479 sacramenti

145 510 190 556 in
214 508 435 572 coniugiis
464 509 626 556 veteris
652 507 901 556 testamenti
927 508 1179 570 agnovisse.
1210 508 1338 556 Tales
1365 519 1471 556 sunt
1494 525 1623 573 prae-

146 598 211 633 ter
246 584 514 632 recentiores
555 584 881 640 Tertullianus,
922 602 960 631 s.
991 584 1316 650 Hieronymus,
1349 603 1387 632 s.
1412 584 1624 648 Augusti-

146 680 254 718 nus,
286 679 325 708 s.
344 662 430 709 Leo
454 661 494 707 M
504 661 816 718 .,Hincmarus
846 661 1075 708 Remensis
1099 671 1183 708 etc.
1207 663 1291 723 (6).
1316 662 1405 709 Nos
1433 661 1549 709 ultro
1579 661 1624 708 id

146 737 306 786 damus
336 737 530 784 Launoio
546 775 556 794 ‚
589 737 827 784 dummodo
850 737 896 783 in
922 754 1133 801 germano
1156 754 1307 793 sensu,
1338 755 1426 802 quo
1444 756 1470 784 a
1489 737 1625 802 patri-

144 814 229 863 bus
255 814 520 863 sacramenti
551 813 766 877 dignitate
784 832 836 861 ac
852 813 1030 861 nomine
1046 824 1243 861 veterum
1262 813 1470 877 coniugia
1496 832 1625 879 prae-

146 891 239 939 dita
258 909 360 939 esse
377 890 599 946 dixerunt,
619 890 935 954 intelligantur;
951 889 1156 937 videlicet
1174 890 1343 938 ratione
1360 890 1469 937 meri
1487 891 1620 954 signi,

146 979 223 1016 aut
234 966 575 1032 significationis
594 966 766 1014 futurae
780 966 945 1014 Christi
958 984 1059 1014 cum
1072 966 1261 1015 ecclesia
1279 965 1620 1015 coniunctionis.

148 1044 247 1104 Quo
282 1061 419 1092 sensu
455 1043 677 1091 interdum
706 1043 841 1091 etiam
871 1043 1005 1090 iidem
1035 1053 1184 1108 patres
1211 1043 1281 1091 vel
1308 1043 1354 1090 in
1378 1043 1491 1109 ipsis
1526 1042 1627 1091 infi-

147 1120 314 1168 delium
344 1119 581 1168 connubiis
616 1120 880 1167 sacramenti
910 1120 1171 1184 dignitatem
1207 1138 1259 1167 ac
1292 1138 1454 1168 nomen
1484 1120 1627 1168 admi-

147 1208 325 1254 serunt,
365 1214 454 1244 non
490 1207 637 1243 autem
671 1214 724 1244 ea
764 1196 954 1253 ratione,
995 1214 1083 1261 qua
1118 1196 1164 1242 in
1199 1214 1312 1245 nova
1347 1196 1444 1260 lege
1476 1197 1628 1244 matri-

145 1273 345 1321 monium
378 1272 541 1320 dicitur
569 1282 920 1328 sacramentum,
953 1283 1174 1338 quatenus
1207 1273 1377 1321 scilicet
1409 1272 1627 1321 adnexam

146 1349 336 1415 gratiam
364 1349 524 1406 habet,
559 1366 638 1396 seu
668 1348 846 1412 signum
871 1348 1030 1395 efficax
1055 1359 1123 1396 est
1148 1349 1333 1412 gratiae,
1359 1350 1478 1415 quod
1510 1362 1629 1398 esset

149 1425 395 1474 absurdum
429 1425 485 1472 de
508 1425 785 1473 ethnicorum
810 1424 1029 1488 coniugiis
1054 1425 1247 1489 cogitare
1275 1430 1289 1480 (
1294 1428 1358 1488 7).
1379 1427 1476 1483 Quo
1500 1445 1629 1492 prae-

149 1501 295 1568 posito
330 1500 638 1560 fundamento,
676 1500 741 1547 sic
775 1499 920 1546 itineri
959 1499 1132 1548 insisto.
1162 1500 1339 1550 Certum
1363 1513 1456 1560 est,
1481 1514 1628 1568 patres

148 1578 274 1625 illum
299 1588 596 1633 contractum,
622 1594 703 1623 seu
721 1575 845 1622 illum
864 1576 1013 1641 ipsum
1041 1594 1324 1635 consensum,
1352 1596 1443 1644 quo
1466 1582 1628 1627 consti—

147 1653 354 1702 tuebatur
384 1663 635 1701 contractus
660 1651 907 1716 coniugalis
933 1653 1045 1700 inter
1069 1653 1239 1710 fideles,
1267 1671 1452 1702 vocasse
1480 1673 1630 1703 sacra-

149 1741 344 1778 mentum
364 1747 541 1796 presse,
564 1746 616 1776 ac
633 1728 725 1776 veri
747 1729 941 1776 nominis
958 1729 1015 1776 ad
1038 1747 1138 1776 eum
1163 1729 1361 1787 modum,
1379 1749 1468 1796 quo
1481 1731 1625 1779 latiori

150 1824 287 1855 sensu
312 1816 590 1854 sacramenta
614 1805 821 1852 dixerunt
844 1806 1073 1870 coniugia,
1100 1824 1215 1870 quae
1239 1817 1340 1854 ante
1364 1806 1528 1854 Christi
1552 1808 1630 1854 ad-

149 1894 329 1931 ventum
352 1883 519 1932 fiebant
542 1893 635 1931 tum
660 1882 780 1948 apud
807 1882 961 1931 fideles
987 1893 1077 1930 tum
1103 1883 1220 1948 apud
1247 1883 1465 1931 infideles.
1494 1883 1626 1948 Atqui

153 1961 197 2006 in
225 1960 545 2025 posterioribus
570 1959 643 2007 his
675 1959 896 2023 coniugiis
926 1971 1076 2025 patres
1109 1977 1195 2006 non
1228 1958 1525 2006 distinxerunt
1556 1978 1629 2008 sa-

152 2045 424 2083 cramentum
454 2053 480 2082 a
512 2046 765 2090 contiactu,
805 2035 884 2082 sed
915 2035 1037 2083 hunc
1070 2036 1216 2100 ipsum
1251 2045 1520 2082 contractum
1557 2052 1628 2082 sa-

152 2121 425 2159 cramentum
456 2122 669 2158 vocarunt
703 2111 759 2159 ob
795 2111 882 2176 ipsi
916 2111 1217 2158 inhaerentem
1258 2110 1627 2176 significationem

154 2186 327 2234 suturae
360 2186 523 2234 Christi
561 2203 661 2234 cum
697 2186 887 2234 ecclesia
921 2187 1100 2234 unionis
1127 2205 1136 2242 ;
1176 2203 1280 2249 ergo
1316 2203 1459 2252 neque
1492 2187 1627 2234 ullam

154 2263 515 2328 interposuerunt
538 2262 865 2311 distinctionem
891 2262 1004 2309 inter
1022 2272 1293 2309 contractum
1314 2273 1357 2310 et
1378 2279 1628 2310 sacramen-

249 2450 294 2490 (6)
316 2451 353 2482 ln
365 2458 420 2492 op.
436 2451 491 2482 cit.
508 2459 581 2492 pag.
603 2453 749 2484 710-716.
765 2452 853 2482 Haec
866 2452 973 2483 autem
995 2451 1155 2491 congessit
1174 2452 1359 2484 testimonia
1377 2461 1453 2485 eum
1468 2453 1500 2485 in
1513 2453 1628 2494 finem,

156 2503 191 2534 ut
213 2501 328 2535 deinde
348 2502 481 2535 inferret
508 2503 594 2535 viros
619 2503 799 2544 principes,
817 2504 913 2544 prout
926 2504 958 2535 in
971 2505 1071 2536 veteri
1086 2504 1171 2545 lege,
1185 2504 1232 2537 sic
1246 2504 1279 2535 in
1295 2513 1380 2536 nova
1393 2514 1469 2537 usos
1483 2505 1580 2538 ruisse
1592 2515 1630 2538 ac

158 2553 334 2587 etiamnum
355 2555 403 2588 uti
429 2557 587 2597 potestate
608 2556 826 2589 constituendi
853 2556 1083 2597 impedimenta
1108 2556 1292 2588 dirimentia
1306 2581 1316 2597 ,
1345 2557 1470 2590 etiamsi
1499 2558 1630 2599 nuptiae

156 2616 176 2638 a
189 2608 321 2647 Christo
335 2612 465 2642 evectae
477 2610 600 2642 suerint
612 2609 652 2641 ad
667 2609 856 2651 dignitatem
868 2610 1073 2642 sacramenti.

255 2661 301 2702 (7)
322 2664 427 2703 Atque
440 2663 494 2695 hic
508 2663 673 2696 observari
688 2663 762 2695 volo
778 2664 863 2694 hunc
875 2664 1038 2695 auctorem
1047 2686 1057 2702 ‚
1072 2662 1129 2703 qui
1144 2671 1178 2695 se
1195 2662 1315 2704 ubique
1327 2663 1478 2696 criticum
1492 2665 1628 2706 sagacis-

161 2713 299 2754 simum,
325 2715 424 2748 immo
438 2718 470 2748 et
483 2716 734 2757 hypercriticum
761 2715 908 2754 exhibet,
938 2717 1047 2747 tamen
1066 2717 1136 2747 tum
1155 2715 1216 2747 hoc
1236 2715 1316 2755 loci,
1341 2717 1411 2748 tum
1437 2716 1631 2758 ubicumque

161 2768 267 2808 agitur
275 2768 316 2801 de
325 2769 496 2810 paradoxis
504 2770 573 2803 suis
586 2770 740 2802 adversus
752 2769 904 2802 ecclesiae
914 2769 1093 2801 doctrinam
1109 2769 1350 2812 persuadendis,
1361 2770 1483 2812 absque
1503 2771 1628 2804 delectu

162 2821 346 2854 testimonia
367 2830 536 2862 congerere
550 2823 663 2854 solere.
