1918 3186
289 197 380 242 222
552 209 633 240 un.
663 208 693 239 1.
722 207 836 239 secr.
866 207 1035 240 11111111.
1064 209 1116 240 nr:
1150 208 1322 241 numu.
1354 211 1494 242 clvm.

285 287 370 336 fuit
393 285 640 335 secundum
664 283 925 342 divortium,
949 284 1071 333 aliud
1089 286 1206 333 enim
1231 286 1398 334 iamdiu
1423 288 1587 336 fecerat
1608 307 1635 336 a
1657 307 1767 338 con-

283 365 385 426 iuge
408 362 543 426 priori
571 362 690 424 (24).
715 362 849 409 Porro
876 371 1029 409 notum
1052 372 1122 410 est
1142 361 1354 410 effatum:
1383 363 1514 428 Regis
1538 364 1596 411 ad
1619 383 1763 413 exem-

276 439 403 502 plum
437 446 547 483 totus
582 437 847 500 componitur
878 437 1008 484 orbis.

378 515 428 559 In
462 511 705 578 provinciis
741 510 978 560 foederatis
1002 511 1256 569 Amen-icae,
1285 513 1417 561 annis
1442 514 1633 578 singulis
1662 515 1765 579 plus

281 591 430 637 minus
447 590 649 655 quinque
668 588 808 636 millia
825 590 1122 637 decernuntur
1133 589 1320 637 divortia
1336 592 1431 653 (25)
1445 592 1511 637 ‚ln
1524 590 1766 640 California

280 667 515 713 an1.1854.
534 665 632 713 solo
649 682 803 714 mense
831 665 1055 712 februario
1090 665 1266 714 labente
1283 704 1293 723 ,
1327 678 1461 732 atque
1478 667 1523 713 in
1541 685 1631 714 una
1655 669 1766 716 civi-

281 752 370 790 tate
392 759 419 789 a
440 756 478 791 ε.
495 742 727 789 Francisco
744 751 1016 805 nuncupata,
1034 740 1139 787 dum
1159 752 1344 805 quatuor
1357 742 1527 790 tantum
1544 744 1764 792 celebrata

281 829 386 866 sunt
417 818 643 883 coniugia,
671 819 810 865 decem
834 813 951 865 facta
981 828 1086 865 sunt
1108 817 1298 865 divortia
1324 821 1442 881 (26).
1466 821 1766 867 Protestantes

280 895 327 942 in
345 895 549 944 America
571 894 858 961 promovendi
883 894 1075 942 divortia
1099 894 1215 942 hanc
1238 896 1370 942 etiam
1394 913 1575 943 causam
1605 896 1767 944 attule-

281 983 408 1029 runt,
446 972 616 1021 scilicet
637 983 686 1019 ut
709 970 886 1018 facilius
922 971 1106 1019 iuvenes
1141 971 1197 1018 ad
1231 971 1559 1019 contrahendas
1583 972 1764 1037 nuptias

280 1048 547 1096 alliciantur.
582 1047 792 1113 Alioquin
825 1047 945 1095 enim
970 1049 1009 1095 si
1033 1047 1291 1111 coniugium
1325 1059 1646 1113 proponeretur
1678 1049 1765 1096 sub

279 1124 393 1172 dura
419 1125 724 1190 perpetuitatis
748 1123 862 1187 lege,
890 1123 947 1171 ab
971 1123 1057 1171 hoc
1080 1124 1261 1188 saepius
1285 1123 1583 1181 abstinerent;
1611 1136 1765 1173 contra

278 1218 383 1249 vero
418 1201 457 1248 si
492 1211 765 1266 proponatur
796 1218 898 1248 cum
927 1210 1047 1248 certa
1083 1218 1164 1265 spe
1198 1201 1375 1250 divortii
1400 1219 1453 1249 ac
1477 1202 1712 1249 solutionis
1737 1220 1764 1249 a

280 1288 565 1343 temporaneo
596 1277 777 1327 vinculo
794 1317 804 1335 ,
838 1277 1015 1325 facilius
1051 1278 1322 1326 inducuntur
1344 1279 1401 1326 ad
1426 1278 1538 1325 illud
1573 1278 1764 1326 subeun-

279 1354 388 1401 dum
421 1355 574 1418 iugum
608 1356 725 1417 (27).
747 1355 881 1402 *Adeo
914 1372 1073 1421 nempe
1104 1372 1176 1403 res
1209 1354 1271 1401 ibi
1306 1355 1680 1419 progrediuntur,
1713 1365 1764 1402 ut

280 1430 497 1478 hactenus
523 1430 824 1494 pervenerint!
853 1430 997 1496 Atque
1030 1431 1142 1478 haec
1175 1430 1438 1495 speciminis
1472 1430 1614 1494 gratia
1647 1441 1764 1478 attu-

278 1506 388 1555 lisse
420 1506 639 1564 sufficiat;
679 1524 782 1554 nam
816 1506 923 1554 alibi
959 1507 1044 1555 hoc
1077 1508 1177 1572 ipso
1211 1507 1268 1554 de
1300 1517 1561 1570 argumento
1595 1506 1759 1554 redibit

280 1600 445 1631 sermo.

377 1659 505 1714 Quod
539 1676 643 1707 vero
665 1696 675 1716 ,
713 1658 935 1707 eiusmodi
969 1658 1259 1706 divortiorum
1293 1658 1486 1706 facilitas
1509 1676 1563 1706 ex
1586 1658 1684 1722 lege
1706 1659 1763 1706 de

280 1735 490 1799 coniugio
524 1735 644 1784 civili
672 1746 832 1800 sponte
854 1736 1069 1792 dimanet,
1097 1735 1256 1801 vadem
1290 1735 1511 1783 habemus
1545 1735 1762 1784 illustrem

279 1811 401 1875 apud
435 1828 544 1859 suos
577 1811 942 1860 iurisconsultum
965 1812 1159 1860 Eichorn
1181 1812 1479 1876 professorem
1510 1811 1765 1859 berolinen-

279 1904 397 1945 sem,
434 1888 511 1953 qui
546 1889 746 1954 exposito
781 1905 1023 1954 progressu
1046 1889 1092 1936 in
1114 1889 1242 1954 peius
1267 1888 1560 1952 legislationis
1590 1905 1765 1952 germa-

279 1965 408 2013 nicae
439 1965 559 2014 circa
590 1966 901 2023 matrimonia,
930 1967 992 2014 ita
1015 1966 1183 2031 pergit:
1216 1965 1306 2012 «Si
1332 1965 1448 2013 inter
1469 1983 1518 2013 se
1541 1965 1762 2013 rationum

279 2051 502 2089 momenta
534 2052 870 2107 comparentur,
908 2042 967 2090 ad
1001 2041 1238 2090 divortium
1273 2041 1620 2098 admittendum,
1658 2057 1762 2087 cum

278 2115 481 2165 doctrina
513 2117 770 2182 evangelica
787 2155 798 2174 ,
836 2116 960 2165 nulla
998 2116 1233 2183 apparebit
1273 2117 1511 2182 oppositio.
1556 2116 1762 2165 Christus

279 2194 407 2264 Iesus
424 2194 608 2242 unicum
631 2195 846 2243 motivum
864 2194 1147 2260 adsignavit,
1183 2204 1366 2260 propter
1385 2193 1506 2260 quod
1522 2193 1759 2241 divortium

378 2350 447 2391 (24)
465 2353 515 2384 Ex
537 2353 697 2384 Univers.
712 2354 743 2385 4.
759 2352 827 2385 Mai
844 2355 939 2385 1846.

374 2404 443 2445 (25)
463 2404 584 2437 Eadem
606 2406 734 2446 ephem.
750 2406 846 2439 cuius
862 2406 962 2438 verba
979 2414 1055 2438 mox
1079 2405 1303 2452 subiiciemns.

375 2458 444 2498 (26)
464 2461 511 2491 Ex
533 2459 736 2492 New-Yorck
752 2458 875 2491 Herald
897 2458 973 2491 Feb.
991 2461 1082 2491 1854.

378 2510 446 2552 (27)
465 2511 508 2543 Cf
527 2513 671 2543 Univers
688 2514 793 2544 17-18.
809 2511 901 2542 Avril
919 2512 1010 2543 1854.
1026 2518 1085 2542 1166
1098 2518 1164 2542 non
1183 2514 1236 2543 26.
1249 2508 1402 2542 06661111).
1415 2507 1561 2540 eiusdem
1572 2507 1648 2539 anni
1661 2508 1696 2539 in
1711 2517 1762 2540 ar·

279 2562 336 2594 tic.
351 2564 397 2595 Le
405 2564 690 2604 protestantisme
705 2572 781 2596 aux
795 2564 1010 2596 Etats-Unis.
1028 2562 1084 2594 ubi
1099 2561 1235 2603 legitur:
1257 2574 1274 2591 «ι
1289 2562 1340 2594 ou
1357 2561 1404 2594 les
1415 2560 1608 2593 tribuueaux
1622 2569 1761 2601 pronon-

245 2607 248 2612 ’
281 2617 356 2647 cent
367 2616 492 2658 chaque
509 2617 611 2650 6111166
625 2621 690 2650 11116
703 2625 862 2659 moyenne
881 2616 923 2650 de
943 2618 1023 2659 cinq
1037 2615 1151 2649 milles
1161 2615 1327 2657 divor-ces,
1342 2624 1382 2648 611
1399 2616 1486 2647 sorte
1503 2623 1568 2655 que
1582 2613 1640 2647 dix
1657 2614 1767 2647 milles

282 2667 448 2702 individuis
472 2670 662 2711 acquierent
683 2670 923 2703 annuellement
942 2669 973 2702 le
990 2669 1079 2703 droit
1098 2668 1140 2702 de
1159 2669 1253 2701 vivre
1267 2676 1308 2700 en
1323 2666 1470 2701 adultere
1490 2667 1590 2708 legal,
1613 2667 1695 2700 dans
1715 2675 1760 2700 1111

280 2728 360 2761 pays
371 2721 415 2752 οὺ
428 2721 477 2754 les
489 2723 637 2764 hospices
651 2722 812 2756 d'enrnnts
826 2722 958 2756 trouv&
971 2723 1046 2755 sont
1062 2721 1210 2762 inutiles,
1230 2729 1328 2763 paroe
1338 2729 1402 2762 que
1413 2720 1583 2753 d’inrnmoe
1596 2721 1765 2761 pratiques

282 2781 302 2813 y
322 2773 398 2805 sont
415 2771 445 2806 εἰ
465 2783 666 2817 communes,
688 2786 753 2818 que
773 2777 854 2810 dans
871 2777 998 2819 chaque
1017 2775 1096 2809 ville
1115 2775 1195 2809 elles
1215 2774 1345 2808 1116116111
1361 2774 1409 2808 les
1421 2774 1634 2816 prandens
1644 2773 1762 2815 quiey

281 2823 400 2858 livrent
419 2825 439 2858 ὲ
457 2826 489 2858 la
510 2827 583 2868 plus
603 2828 726 2869 grande
745 2829 950 2871 opulentent»
