1918 3186
326 193 412 241 12⁰
576 208 656 241 un.
686 207 715 240 1.
743 205 856 239 secr.
885 206 914 238 ι.
945 206 997 238 nn
1020 204 1192 239 numu.
1218 203 1499 238 SAanueNro.

320 287 383 333 De
414 285 610 333 secundis
642 285 805 348 nuptiis
840 283 1069 332 statuitur:
1101 283 1265 339 «Quod
1288 300 1371 330 non
1395 282 1515 330 debet
1550 282 1779 331 benedictio

319 363 471 408 iterari
485 363 580 423 (29)
592 399 599 406 .
611 379 634 405 »
648 359 821 416 Quibus
839 359 1020 408 evidens
1039 360 1087 407 fit
1102 359 1275 408 obiecta
1290 358 1423 408 verba
1439 376 1525 407 non
1543 358 1630 406 alio
1644 375 1782 407 sensu

321 436 502 499 intelligi
537 452 691 500 posse,
729 452 863 499 quam
898 436 955 483 de
985 435 1290 484 benedictione
1327 434 1627 492 ceremoniali‚
1667 453 1782 500 quae

319 510 599 559 omittebatur
627 511 672 557 in
698 511 907 559 secundis
926 511 1110 576 nuptiis,
1143 511 1345 576 quamvis
1363 510 1574 567 ecclesia,
1606 511 1671 558 uti
1704 510 1785 558 ad-

320 588 587 644 notavimus,
603 603 679 634 eas
693 604 867 652 semper
879 586 1083 634 habuerit
1097 596 1147 634 ut
1161 603 1266 634 vera
1278 596 1567 634 sacramenta.
1583 586 1784 634 Ceterum

320 662 569 710 recolantur
582 699 592 719 ,
614 679 729 727 quae
745 662 877 727 paulo
895 672 996 710 ante
1012 661 1069 709 de
1085 662 1170 709 hoc
1192 662 1291 727 ipso
1308 662 1480 710 decreto
1498 662 1778 727 scripsimus.

414 737 579 785 Eodem
613 754 745 801 porro
778 737 933 793 modo,
973 753 1062 801 quo
1092 736 1138 783 in
1161 737 1427 785 Sacerdotali
1461 754 1640 785 romano
1673 737 1786 784 dici-

319 824 414 860 tur:
446 813 692 860 «Sacerdos
712 814 961 877 pronunciet
983 811 1113 858 verba
1126 848 1138 867 ,
1167 828 1274 875 quae
1295 823 1396 859 sunt
1413 813 1552 877 forma
1577 813 1703 859 huius
1717 829 1786 859 sa-

320 889 582 944 cramenti‚»
603 905 810 953 expresse
837 888 1015 936 additur
1035 905 1131 934 cam
1153 904 1355 934 consensu
1377 888 1626 951 utriusque,·
1652 898 1784 952 atque

318 964 485 1012 idcirco
507 981 595 1012 non
619 964 714 1012 sola
738 964 979 1012 sacerdotis
1001 964 1136 1011 verba
1150 1001 1160 1021 ‚
1182 980 1335 1011 verum
1354 964 1486 1011 etiam
1504 963 1597 1020 illa,
1619 963 1783 1028 quibus

318 1040 630 1088 contrahentes
654 1056 783 1086 suum
807 1038 1077 1103 patefaciunt
1099 1049 1299 1086 mutuum
1333 1055 1623 1095 consensum,
1651 1039 1786 1086 immo

322 1116 470 1179 potius
489 1115 574 1162 ista
593 1128 726 1179 quam
745 1114 843 1170 illa,
865 1131 981 1178 quae
1004 1115 1320 1181 superveniunt
1349 1115 1437 1162 iam
1467 1115 1569 1163 dato
1598 1132 1786 1162 consen-

320 1190 391 1237 sui
409 1189 769 1255 complectuntur.
792 1189 988 1254 Cumque
1011 1200 1237 1254 praeterea
1260 1190 1477 1238 addatur:
1510 1210 1533 1236 ι(
1550 1191 1787 1253 Assignata

320 1265 393 1312 die
410 1302 420 1321 ,
457 1281 546 1329 qua
578 1264 903 1312 matrimonium
938 1264 1236 1311 celebrandum
1257 1275 1319 1312 est
1336 1282 1416 1329 per
1438 1266 1570 1312 verba
1593 1266 1644 1312 de
1662 1283 1786 1329 prae-

321 1341 453 1395 senti,
473 1340 700 1388 venientes
726 1340 782 1387 ad
810 1339 1043 1387 ecclesiam
1067 1356 1262 1404 sponsus
1281 1351 1324 1388 et
1348 1357 1540 1405 sponsa,
1579 1343 1658 1405 qui
1685 1351 1785 1388 sunt

320 1415 502 1461 materia
536 1414 662 1462 huius
694 1415 968 1469 sacramenti,
991 1424 1100 1462 etse
1118 1415 1340 1462 sacerdoti
1372 1425 1723 1479 praesentantes„
1744 1415 1785 1463 ei

322 1491 614 1538 iuramentum
647 1491 857 1555 praebent
889 1501 971 1538 etc.
990 1509 1012 1535 »
1043 1489 1321 1554 Quapropter
1354 1491 1392 1538 si
1427 1491 1584 1548 verba,
1622 1490 1786 1555 quibus

322 1566 632 1614 contrahentes
665 1566 914 1631 exprimunt
945 1583 1234 1622 consensum,
1262 1567 1536 1615 constituunt
1569 1567 1751 1615 formam
1770 1605 1780 1623 ,

316 1652 366 1689 -et
397 1642 703 1696 contrahentes
732 1642 958 1690 materiam
981 1641 1115 1689 huius
1139 1642 1428 1698 sacramenti,
1458 1659 1538 1689 seu
1561 1641 1787 1705 applicant

321 1717 507 1765 sormam
530 1717 762 1774 materiae,
790 1718 960 1782 absque
981 1716 1072 1764 ullo
1096 1717 1231 1764 dubio
1255 1717 1524 1780 agnoscendi
1548 1726 1654 1764 sunt
1675 1727 1787 1764 tam-

323 1809 455 1856 quam
497 1793 703 1840 ministri.
735 1792 904 1840 Exinde
947 1793 1149 1857 sequitur
1181 1809 1269 1840 non
1304 1792 1392 1840 alio
1426 1810 1563 1840 sensu
1597 1792 1787 1840 adducta

322 1868 457 1916 verba
483 1867 670 1931 intelligi
697 1885 828 1932 posse
845 1906 855 1925 ‚
888 1885 1025 1933 quam
1058 1868 1114 1915 iis
1147 1867 1418 1915 sacerdotem
1450 1878 1593 1915 ratum
1623 1867 1787 1915 habere

320 1960 601 2000 consensum,
616 1960 704 2008 quo
721 1943 946 2007 perficitur
963 1953 1303 1991 sacramentum.
1321 1942 1385 1990 Eo
1401 1942 1471 1990 vel
1489 1942 1649 2005 magis,
1666 1942 1785 2007 quod

323 2029 534 2081 congruat
545 2018 703 2066 ‘titulus
721 2019 826 2067 huic
840 2019 971 2084 capiti
990 2019 1035 2065 in
1049 2018 1316 2067 Sacerdotali
1336 2035 1517 2066 romano
1536 2019 1780 2082 praefixus:

324 2095 386 2140 De
419 2093 708 2141 exhortatione
741 2105 781 2142 et
811 2094 1097 2146 admonitione
1130 2093 1332 2158 facienda
1365 2111 1516 2158 sponso
1540 2103 1580 2140 ct
1608 2110 1785 2158 sponsae

319 2186 399 2232 per
429 2170 713 2217 sacerdotem:
748 2180 788 2217 et
806 2170 870 2217 'de
901 2171 1042 2235 forma
1074 2169 1352 2216 contrahendi
1371 2170 1715 2223 matrimonium,
1744 2178 1783 2215 et

321 2246 414 2291 eius
433 2244 727 2292 benedictione.
744 2243 916 2301 Quibus
930 2243 1076 2293 verbis
1094 2244 1340 2292 benedictio
1365 2243 1607 2291 sacerdotis
1624 2243 1784 2290 distin-

324 2320 472 2382 guitur
493 2337 520 2367 a
542 2321 682 2384 forma
703 2321 982 2368 contrahendi
1001 2322 1333 2367 matrimonium.
1355 2320 1543 2367 Demum
1567 2319 1612 2365 in
1635 2329 1783 2383 poste-

324 2394 514 2442 rioribus
538 2394 805 2442 editionibus
838 2406 940 2460 post
970 2395 1125 2443 verba:
1153 2395 1247 2459 qu
1269 2412 1343 2442 vos
1367 2396 1575 2458 coniunqo
1599 2403 1676 2440 etc.
1705 2394 1785 2441 ad-

322 2470 465 2517 diturt
502 2470 570 2518 vel
602 2470 703 2517 alii‘s·
736 2479 883 2517 utatur
920 2470 1191 2533 (sacerdos)
1226 2470 1367 2516 verbis
1400 2470 1528 2516 iuoeta
1570 2479 1783 2532 receptam

323 2534 654 2611 uniaseuiusque
680 2547 928 2610 provinciae
959 2547 1091 2592 ritum
1112 2546 1229 2607 (30).
1251 2545 1314 2592 De
1337 2544 1422 2593 hoc
1455 2555 1601 2593 autem
1635 2544 1783 2593 multi-

418 2645 484 2685 (29)
506 2646 588 2678 lbid.
603 2646 665 2678 col.
683 2649 843 2679 254.n.1.

419 2696 485 2737 (3ο)
505 2698 554 2730 lta
567 2697 601 2729 in
615 2697 754 2731 editione
764 2698 978 2731 sacerdotalis
993 2698 1117 2730 romani
1129 2697 1242 2730 venet.
1254 2700 1358 2738 1587„
1372 2706 1455 2738 quac
1470 2697 1639 2739 desumpta
1653 2697 1730 2729 sunt
1743 2705 1783 2728 cx

324 2748 462 2780 concilio
483 2749 668 2783 tridentino.
684 2751 770 2784 Sane
791 2751 825 2783 in
847 2751 1022 2784 ed.venet.
1039 2754 1127 2784 1555.
1142 2749 1328 2792 perhibetur
1347 2749 1496 2782 sacerdos
1516 2749 1642 2782 dicens:
1660 2750 1706 2781 Et
1721 2757 1780 2789 eqo

323 2800 531 2832 auctoritate
544 2809 615 2842 qua
624 2801 760 2843 fanqor
773 2804 942 2845 coniunqo
956 2810 1017 2835 vos
1029 2799 1344 2835 matrimonialiter.
