1912 3180
329 177 416 222 392
587 190 666 221 un.
698 190 726 219 ι.
757 187 869 219 secr.
896 187 1064 218 ALTERA.
1096 187 1147 218 nn
1171 188 1344 219 mrum.
1377 187 1517 220 clviu.

323 270 556 333 pertinere.
588 268 682 312 Non
709 277 776 312 est
800 266 1127 312 matrimonium
1154 267 1271 313 sicut
1294 277 1572 313 sacramenta
1597 266 1787 332 reliqua,

326 360 438 407 quae
465 341 521 387 ad
552 340 691 387 solam
728 340 912 405 spiritus
945 341 1080 388 vitam
1116 341 1386 397 referuntur3
1426 353 1570 389 status
1603 359 1682 389 seu
1715 360 1792 406 gu·

325 417 528 464 bernium
563 417 717 480 nequit
749 415 840 463 ullo
874 433 955 464 suo
988 417 1150 481 privari
1175 417 1297 472 iure;
1332 417 1467 464 immo
1499 434 1604 465 vero
1635 436 1791 466 munus

327 510 405 540 seu
442 491 920 555 obligationemhabet
953 493 1051 539 iura
1082 493 1231 540 omnia
1265 492 1350 539 sibi
1387 494 1565 558 propria
1596 495 1785 541 tutandi.

325 569 448 615 Hanc
464 564 615 615 vocavi
641 568 862 615 fictionem
886 585 938 615 ac
961 568 1230 632 hypothesin
1250 587 1259 624 ;
1289 579 1481 616 ceterum
1504 587 1556 617 ea
1580 571 1642 617 nil
1668 571 1790 618 aliud

324 654 414 700 est,
438 661 571 708 quam
595 644 779 709 simplex
808 644 1006 691 historia.
1038 643 1148 690 Cum
1177 644 1536 693 christianismus
1569 647 1789 696 introduci

325 719 496 784 coepit,
525 719 646 782 leges
680 719 833 767 civiles
868 720 984 766 circa
1013 719 1342 767 matrimonium
1371 719 1593 783 vigebant,
1622 722 1791 770 nullum

327 812 485 842 novum
513 795 582 842 ius
605 805 709 843 tunc
743 795 962 842 invectum
996 794 1099 850 fuit,
1135 811 1189 842 ac
1222 795 1364 842 solum
1404 796 1450 842 in
1485 796 1638 845 densis
1672 808 1794 845 tene-

327 872 420 919 bris
448 871 582 919 medii
607 872 701 919 aevi
725 871 963 919 constituta
989 870 1109 917 fuere
1134 869 1354 935 principia
1377 882 1528 919 contra
1560 872 1706 936 legum
1728 874 1795 921 ci-

325 948 478 995 vilium
513 948 828 995 auctoritatem.

425 1024 542 1080 Quid
577 1023 703 1088 plura
715 1022 830 1070 ⁶?-vel
855 1024 1001 1087 ipsum
1036 1023 1272 1070 concilium
1306 1023 1592 1071 tridentinum
1627 1026 1795 1073 consti-

334 1113 455 1147 tuere
476 1099 616 1147 voluit
638 1099 947 1146 necessitatem
982 1099 1161 1145 ineundi
1198 1100 1377 1164 nuptias
1402 1116 1550 1147 coram
1574 1100 1788 1164 parocho,

330 1175 408 1222 sed
433 1192 485 1221 ea
509 1176 678 1222 ratione
701 1174 747 1220 id
771 1175 901 1230 fecit,
929 1186 979 1222 ut
1001 1175 1239 1231 indicaret,
1267 1193 1354 1223 non
1379 1186 1468 1223 tam
1492 1193 1542 1223 se
1563 1176 1794 1223 intendere

322 1251 387 1296 >*ad
421 1251 796 1298 consecrationem
831 1250 1086 1314 religiosam
1104 1289 1114 1307 ,
1148 1268 1282 1315 quam
1307 1252 1363 1298 ad
1388 1252 1597 1299 certiores
1627 1251 1792 1299 facien-

330 1328 411 1374 dos
453 1327 738 1390 magistratus
773 1327 954 1383 civiles;
993 1327 1214 1391 siquidem
1239 1327 1409 1374 nullum
1435 1327 1704 1392 peculiarem
1737 1328 1798 1374 ri—

330 1414 421 1450 tum
439 1403 796 1451 benedictionum
814 1404 1124 1469 praescripsit;
1141 1404 1204 1451 uti
1222 1403 1395 1451 validas
1417 1404 1594 1467 agnovit
1618 1404 1797 1469 nuptias

330 1497 477 1526 coram
523 1480 714 1543 parocho
754 1479 889 1526 invito
932 1497 983 1526 ac
1017 1478 1247 1526 interdicto
1291 1480 1424 1527 etiam
1465 1480 1639 1536 initas;
1685 1480 1800 1527 inter

329 1571 488 1601 causas
522 1572 635 1619 quas
670 1555 851 1619 protulit
883 1555 1018 1601 huius
1051 1555 1261 1610 canonis,
1303 1573 1357 1602 ne
1396 1554 1579 1602 verbum
1613 1555 1794 1620 quidem

332 1630 464 1702 habet
493 1631 549 1679 de
580 1632 846 1678 necessitate
879 1631 1225 1678 consecrationis
1259 1631 1516 1694 religiosae,
1555 1631 1634 1678 sed
1668 1631 1799 1678 unice

331 1724 383 1753 eo
419 1718 617 1771 spectare
652 1706 946 1770 significavit,
984 1718 1033 1753 ut
1066 1718 1263 1754 cessaret
1303 1707 1522 1754 dubitatio
1555 1707 1671 1754 circa
1705 1724 1799 1754 ma—

329 1783 535 1829 trimonia
555 1784 678 1830 -inita
717 1782 811 1830 sola
846 1783 1198 1829 contrahentium
1231 1782 1474 1830 voluntate.

436 1858 592 1905 Infelix
625 1859 702 1922 qui
739 1858 825 1905 sibi
860 1859 1114 1906 adiumenta
1138 1875 1225 1906 non
1251 1870 1475 1923 comparat
1497 1876 1549 1905 ex
1575 1858 1799 1921 religionis

334 1935 602 1998 praesidiis!
642 1936 742 1982 Nos·
772 1935 818 1980 id
861 1935 1050 1982 libenter
1093 1935 1418 1991 concedimus;
1457 1946 1527 1982 ast
1559 1934 1668 1982 illud
1712 1952 1798 1982 non

333 2009 574 2074 probamus
599 2011 718 2074 quod
742 2011 990 2058 auctoritati
1023 2010 1321 2058 conscientiae
1346 2009 1640 2073 subrogentur
1674 2010 1798 2057 iussa

335 2085 603 2149 legislatoris
637 2086 808 2142 civilis;
848 2086 893 2132 id
929 2104 1015 2134 non
1050 2086 1291 2150 probamus
1327 2088 1371 2131 1.
1402 2086 1508 2150 quia
1534 2103 1622 2133 non
1648 2103 1802 2133 cense-

336 2178 436 2208 mus
466 2162 685 2209 eiusmodi
710 2162 931 2226 principia
955 2162 1198 2210 conformia
1222 2161 1457 2225 principiis
1487 2160 1796 2224 legislationis,

334 2254 467 2301 quam
502 2236 727 2284 liberalem
761 2237 978 2293 dicimus,
1019 2238 1062 2283 2.
1092 2254 1238 2302 neque
1271 2236 1513 2284 conformia
1537 2253 1636 2283 esse
1662 2236 1799 2283 indoli

333 2312 454 2359 illius
489 2313 740 2376 religionis,
779 2331 894 2378 quae
927 2314 984 2361 ab
1018 2324 1197 2361 externa
1235 2313 1397 2377 refugit
1430 2312 1655 2360 coactione
1677 2313 1795 2373 (71).

366 2427 370 2431 .
429 2389 591 2453 Regius
627 2390 760 2436 etiam
795 2391 998 2438 minister
1020 2390 1208 2447 adiecit,
1237 2407 1286 2438 se
1311 2407 1398 2437 non
1426 2388 1670 2451 intelligere
1692 2405 1803 2452 quo—

335 2466 464 2513 modo
499 2466 810 2513 anticatholica
841 2485 893 2514 ea
927 2467 995 2514 lex
1028 2467 1115 2515 dici
1152 2467 1295 2531 possit
1315 2505 1324 2523 ,
1355 2484 1470 2531 quae
1503 2465 1618 2512 inter
1640 2475 1702 2512 tot
1724 2482 1802 2529 po-

336 2541 466 2604 pulos
507 2541 748 2591 catholicos
789 2543 991 2598 obtinet;
1038 2561 1172 2608 quam
1214 2543 1479 2591 contrariam
1513 2558 1613 2588 esse
1648 2540 1802 2588 dicunt

336 2633 422 2664 non
448 2617 666 2681 dogmati,
688 2620 766 2666 sed
794 2619 1076 2684 disciplinae.
1099 2620 1154 2667 At
1172 2620 1455 2684 quandonam
1486 2617 1688 2665 illicitum
1723 2617 1805 2664 erit

334 2702 468 2756 atque
488 2694 719 2743 schismati
748 2697 998 2760 proximum
1017 2697 1061 2743 in
1082 2713 1215 2760 regno
1239 2694 1475 2759 subalpino
1494 2694 1536 2741 id
1557 2693 1676 2758 quod
1695 2692 1801 2740 alibi

431 2793 496 2833 (71)
517 2796 651 2827 senato.
675 2800 721 2828 16.
743 2796 887 2828 Dicemb.
900 2806 972 2837 pag.
991 2801 1058 2829 189.
1075 2802 1143 2830 190.
