1918 3186
283 207 372 237 CAP.
391 207 420 236 1.
438 206 531 237 ΛΒΤ.
551 206 614 237 111.
633 205 684 236 DE
702 204 839 235 VERIT.
859 205 972 237 SACR.
989 206 1112 237 MATR.
1129 205 1183 237 EX
1199 205 1317 236 TEXT.
1331 205 1366 235 s.
1383 204 1517 235 PAULI.
1592 190 1648 234 45

184 295 302 348 patet
336 284 454 331 haud
474 299 654 347 paucos
670 292 857 328 'veteres
889 282 1088 346 Apostoli
1132 282 1266 330 verba
1301 281 1563 346 exposuisse
1595 282 1652 330 de

182 361 415 423 coniugio,
454 370 673 423 quatenus
708 369 782 405 aut
815 368 917 404 ante
942 358 1114 414 Christi
1139 359 1375 407 adventum
1397 368 1551 423 typum
1577 375 1653 421 ge—

184 437 308 484 rebat
339 436 511 483 futurae
544 433 866 482 coniunctionis
889 433 1052 481 Christi
1088 452 1188 481 cum
1215 434 1424 491 ecclesia,
1452 444 1530 481 aut
1553 445 1655 498 post

183 513 280 559 eius
313 511 574 567 adventum,
603 510 803 557 eamdem
833 509 1184 558 coniunctionem
1217 527 1270 558 ac
1303 510 1561 575 mysterium
1584 510 1654 556 in-

183 586 450 634 carnationis
485 586 531 631 in
571 602 619 632 se
659 594 980 649 repraesentat,
1018 585 1146 632 cuius
1181 586 1356 648 signum
1389 603 1442 633 ac
1475 585 1654 651 symbo-

184 663 275 709 lum
306 673 403 718 est,
443 672 487 709 et
519 661 700 725 quidem
735 661 891 708 efficax
925 660 1093 723 gratiae
1127 660 1183 707 ad
1217 662 1369 708 munia
1402 661 1650 726 implenda,

183 755 300 802 quae
323 738 487 785 ibidem
508 737 746 802 Apostolus
782 736 1045 800 coniugibus
1069 736 1325 783 christianis
1357 737 1649 784 commendat.

184 815 336 879 Neque
369 815 441 862 his
478 814 678 878 patribus
714 813 789 860 alii
823 813 1135 868 adversantur,
1184 811 1262 876 qui
1304 811 1655 860 benedictionem

184 907 264 937 seu
298 891 388 938 vim
423 890 592 954 gratiae
624 889 915 937 conferendae
953 887 1171 951 coniugiis
1206 887 1546 935 christianorum
1586 905 1655 935 re-

184 976 335 1029 petunt
376 983 429 1013 ex
461 965 766 1012 benedictione
807 982 834 1011 a
871 963 1050 1011 Christo
1083 963 1255 1010 adiecta
1288 963 1334 1009 in
1369 963 1537 1027 nuptiis
1574 963 1657 1010 Ca-

183 1059 266 1089 nae
289 1043 437 1103 (118).

280 1116 409 1163 Nulla
431 1117 568 1180 igitur
591 1116 760 1164 ratione
782 1117 923 1163 omitti
947 1115 1079 1163 debet
1105 1125 1409 1179 argumentum
1441 1114 1655 1162 biblicum

184 1191 303 1255 quod
338 1191 442 1239 licet
474 1209 552 1256 per
587 1210 659 1248 se,
698 1203 746 1238 ut
776 1191 1054 1247 monuimus,
1093 1191 1242 1238 minus
1277 1190 1434 1238 efficax
1465 1191 1522 1237 ad
1557 1208 1657 1255 pro-

184 1267 380 1314 bandum
416 1267 558 1315 videri
593 1268 758 1331 possit,
798 1285 887 1331 quo
923 1285 1059 1314 sensu
1092 1266 1375 1314 tridentinum
1421 1266 1659 1314 affirmavit

183 1343 443 1408 Apostolum
486 1345 531 1390 in
572 1344 761 1391 adducto
808 1354 927 1390 textu
975 1345 1164 1389 innuisse
1208 1342 1433 1390 Christum
1472 1343 1659 1406 gratiam

184 1420 398 1476 conferre,
427 1437 542 1484 quae
565 1437 758 1467 amorem
793 1419 1038 1466 naturalem
1072 1419 1324 1483 perficeret,
1359 1420 1659 1483 coniugesque

185 1495 503 1551 sanctificaret;
532 1495 570 1542 si
595 1495 884 1543 nihilominus
921 1505 1144 1560 spectetur
1176 1512 1335 1542 sensus
1364 1494 1658 1543 traditionalis

183 1570 254 1618 vel
288 1588 315 1618 a
348 1571 505 1635 primis
538 1570 753 1618 ecclesiae
797 1570 960 1617 seculis
1007 1581 1099 1617 tum
1133 1571 1178 1616 in
1213 1569 1570 1618 sacramentariis
1604 1587 1656 1617 ac

190 1645 423 1694 ritualibus
456 1646 610 1703 libris,
652 1658 744 1693 tum
778 1665 805 1694 a
837 1664 947 1694 rom.
972 1646 1257 1711 pontificibus
1291 1664 1344 1694 ac
1371 1665 1433 1694 ss.
1456 1646 1658 1711 patribus

185 1722 380 1786 passim,
420 1732 551 1787 atque
583 1722 639 1769 ab
674 1723 986 1787 interpretibus
1021 1722 1252 1770 catholicis
1277 1734 1498 1788 receptus,
1525 1732 1659 1787 atque

186 1815 239 1844 ex
266 1799 490 1846 communi
526 1798 892 1846 scholasticorum
925 1799 1241 1856 consensione,
1279 1800 1356 1864 qui
1390 1799 1496 1847 huic
1531 1799 1659 1845 inniti

187 1873 323 1920 textui
354 1873 535 1937 paulino
571 1884 895 1922 consueverunt
925 1874 982 1921 ad
1015 1875 1292 1922 statuendam
1324 1874 1552 1930 veritatem
1589 1891 1656 1921 sa-

187 1950 396 1996 cramenti
420 1951 706 2007 matrimonii,
729 1951 818 1997 vim
842 1951 1142 1998 omnimodam
1165 1950 1221 1997 ad
1247 1950 1524 2015 probandum
1549 1967 1661 2013 pau-

187 2024 305 2071 linus
340 2035 484 2073 textus
508 2026 690 2073 obtinet.
714 2026 876 2074 Saltem
900 2037 1069 2075 veteres
1096 2045 1248 2074 omnes
1264 2065 1274 2083 ,
1302 2027 1380 2090 qui
1402 2027 1661 2073 sacramenti

186 2116 337 2146 vocem
371 2099 455 2146 hoc
490 2100 535 2145 in
570 2111 687 2147 textu
716 2101 770 2148 ab
798 2102 1008 2166 Apostolo
1043 2102 1287 2149 adhibitam
1322 2111 1588 2148 censuerunt
1610 2101 1656 2147 in

188 2192 324 2221 sensu
359 2175 622 2222 sacramenti
658 2193 812 2238 presse
847 2178 1012 2240 sumpti
1036 2177 1092 2223 de
1116 2177 1243 2239 signo
1272 2187 1464 2230 sacroet
1485 2176 1655 2223 efficaci

188 2251 378 2313 gratiae,
420 2251 597 2297 totidem
633 2261 737 2298 sunt
770 2251 1107 2315 locupletissimi
1142 2263 1276 2300 testes
1302 2252 1500 2300 veritatis
1526 2252 1660 2299 huius

288 2398 374 2438 (118)
397 2398 491 2435 Quod
504 2398 629 2431 calmet
645 2401 831 2432 comment.
848 2400 881 2431 in
895 2400 928 2432 h.
947 2401 1008 2432 loc.
1024 2400 1253 2433 animadvertit
1265 2400 1423 2433 scribens:
1443 2413 1459 2429 α
1470 2401 1663 2442 Coniugium

188 2449 275 2482 Adae
295 2452 327 2482 et
349 2452 435 2482 Evae
454 2452 549 2491 typus
569 2452 638 2483 erat
661 2451 802 2492 coniugii
827 2451 910 2484 inter
937 2453 1043 2484 lesum
1064 2453 1230 2485 Christum
1249 2454 1281 2484 et
1301 2452 1486 2492 ecclesiam
1500 2452 1563 2484 hoc
1587 2460 1663 2484 vero

186 2502 268 2535 inter
286 2504 393 2535 lesum
412 2504 577 2535 Christum
599 2505 632 2536 et
653 2504 821 2536 ecclesiam
841 2505 943 2537 forma
965 2507 1031 2545 est,
1054 2506 1151 2545 aulue
1172 2506 1335 2547 exemplar
1350 2505 1455 2544 illius,
1471 2504 1558 2545 quod
1581 2504 1664 2537 inter

187 2555 416 2588 Christifideles
446 2555 592 2588 habetur.
618 2557 688 2588 Hoc
712 2556 859 2589 Salvator
892 2557 934 2589 ad
965 2559 1155 2590 sacramenti
1192 2558 1379 2598 dignitatem
1409 2557 1538 2597 evexit,
1570 2557 1664 2597 eique

188 2607 322 2647 gratiam
337 2616 428 2640 suam
445 2607 578 2647 tribuit,
592 2608 645 2640 vel
657 2617 732 2640 cum
748 2608 854 2641 adfuit
874 2609 995 2651 nuptiis
1011 2611 1136 2650 Canae,
1159 2610 1209 2642 vel
1232 2618 1306 2641 cum
1327 2608 1439 2641 docuit
1459 2610 1517 2642 aut
1537 2617 1595 2650 per
1615 2618 1661 2649 se,

189 2660 245 2690 aut
261 2660 422 2700 apostolos
445 2669 520 2693 suos
544 2661 690 2693 fidelium
709 2661 896 2703 coniugium
922 2662 1094 2702 imaginem
1114 2671 1182 2695 esse
1207 2661 1335 2694 unionis
1358 2661 1502 2694 eiusdem
1520 2670 1595 2694 cum
1613 2671 1661 2694 ec-

187 2711 321 2743 etesia.»

284 2763 334 2795 ct'.
348 2764 446 2797 etiam
459 2765 606 2798 Tirinum
619 2766 691 2807 hic,
705 2775 766 2799 nec
779 2775 845 2798 non
859 2766 978 2799 Biblia
989 2767 1147 2799 maxima
1158 2775 1190 2807 p.
1199 2767 1303 2799 Io.De
1314 2766 1347 2799 la
1354 2767 1445 2808 Haye
1453 2768 1533 2800 tom.
1542 2768 1661 2799 XVIII.

186 2817 218 2847 in
235 2816 268 2848 h.
282 2816 343 2849 loc.
357 2816 426 2849 sive
441 2818 655 2851 controvers.
669 2818 768 2859 fidei.
792 2821 953 2852 controv.
968 2820 1125 2852 XXVII.
1143 2821 1193 2851 De
1207 2820 1442 2853 matrimonio.
