1918 3186
425 183 515 214 mr.
544 182 573 214 1.
606 182 658 214 nr.
693 181 868 214 unam.
900 181 1048 214 cuius
1081 180 1259 214 mrum.
1289 180 1381 213 mr.
1412 181 1440 213 1.
1586 166 1675 211 215

201 259 295 308 Non
320 260 480 325 poterit
504 260 683 323 adigere
707 258 921 307 ecclesiae
955 259 1182 307 ministros
1197 297 1207 315 ‚
1230 268 1279 307 ut
1295 259 1385 307 illis
1403 269 1680 307 sacramenta

199 335 534 391 administrent,
572 351 718 398 neque
750 344 800 381 ut
832 332 1135 381 ecclesiastica
1171 334 1399 400 sepultura
1432 334 1674 390 donentur,

199 412 277 477 qui
311 411 467 459 saltem
500 421 550 458 ut
582 410 750 475 publici
785 420 1038 474 peccatores
1068 428 1119 458 ac
1155 411 1494 476 impoenitentes
1516 428 1571 458 ex
1594 411 1680 459 hac

198 486 288 534 vita
322 486 563 541 decedunt;
592 484 729 532 multo
752 502 856 532 vero
879 484 1027 532 minus
1061 486 1206 534 civilis
1240 487 1480 535 auctoritas
1504 487 1680 536 efficere

199 562 382 628 poterit,
421 572 469 608 ut
501 561 720 609 eiusmodi
757 561 975 627 suppositi
1012 561 1222 625 coniuges
1248 581 1334 611 non
1360 563 1608 612 moriantur
1634 563 1679 610 in

198 647 315 685 statu
349 637 526 684 lethalis
552 638 739 703 peccati,
769 638 969 703 adeoque
993 655 1020 684 a
1042 638 1134 685 Deo
1169 649 1393 686 aeternum
1419 640 1674 705 puniantur.

293 713 498 777 Denique
534 712 657 760 nulla
697 712 894 760 humana
928 723 1124 778 potestas
1159 731 1212 761 eo
1246 731 1390 778 usque
1423 715 1675 780 perveniet,

198 800 246 837 ut
268 789 458 837 ecclesia
481 789 575 837 suis
595 789 640 836 in
659 789 832 837 actibus
858 807 945 837 non
971 799 1138 855 spectet
1161 789 1382 836 eiusmodi
1409 790 1680 838 coniunctio—

198 884 300 913 nem
335 866 398 913 uti
433 865 634 914 fictitiam
667 877 710 914 et
744 866 934 922 nullam,
972 877 1106 931 atque
1139 876 1372 931 propterea
1397 866 1442 912 in
1468 866 1542 922 iis,
1564 883 1680 932 quae

198 944 254 990 ad
296 943 438 990 forum
472 961 600 990 suum
637 943 889 1008 pertinent,
927 959 1014 990 non
1050 942 1241 1008 applicet
1274 942 1395 1006 leges
1431 960 1459 989 a
1491 960 1541 990 se
1573 960 1680 990 con-

197 1019 594 1070 stitutasNullum
619 1036 687 1066 ex.
711 1037 777 1083 gr.
801 1019 990 1067 ecclesia
1026 1019 1165 1066 filium
1201 1037 1254 1067 ex
1288 1019 1496 1084 coniugio
1531 1019 1678 1067 solum

196 1095 317 1143 civili
349 1106 625 1160 procreatum
654 1096 710 1143 ad
741 1113 890 1144 sacros
919 1095 1194 1161 promovebit
1216 1095 1423 1152 ordines,
1450 1105 1679 1161 utpote-ex

198 1171 429 1235 illegitimo
465 1182 609 1219 ortum
645 1171 954 1228 matrimonio,
993 1183 1035 1219 et
1070 1171 1131 1218 ita
1164 1172 1220 1219 de
1254 1172 1429 1220 ceteris.

252 1305 253 1308 Ἰ
294 1248 435 1312 Igitur
463 1247 586 1295 nulla
613 1248 804 1296 suboriri
840 1258 983 1313 potest
1015 1247 1252 1305 dubitatio,
1290 1248 1410 1313 quod
1444 1248 1523 1313 qui
1557 1248 1676 1296 civili

197 1335 368 1372 tantum
403 1335 507 1372 sunt
535 1324 733 1389 copulati
768 1324 975 1387 coniugio
1010 1323 1259 1371 habeantur
1290 1334 1340 1370 ut
1373 1323 1538 1389 publici
1574 1341 1679 1372 con-

196 1400 438 1456 cubinarii,
471 1410 605 1465 atque
632 1400 789 1465 poenis
818 1399 1046 1448 canonicis
1071 1399 1277 1456 obnoxii,
1306 1410 1435 1464 prout
1463 1400 1509 1446 in
1537 1416 1680 1447 enun-

195 1477 387 1524 ciatione
414 1476 548 1524 huius
575 1476 747 1524 articuli
775 1476 1114 1524 affirmavimus.
1141 1477 1329 1541 Insuper
1358 1475 1479 1524 nulla
1514 1477 1678 1542 pariter

196 1552 414 1600 dubitatio
448 1551 600 1608 subit,
638 1562 901 1617 potestatem
936 1551 1112 1599 civilem
1148 1569 1390 1618 numquam
1427 1569 1561 1616 posse
1595 1552 1678 1599 im-

197 1629 366 1693 pedire,
387 1630 626 1694 quominus
651 1629 755 1676 illae
778 1630 1084 1686 incurrantur,
1106 1629 1282 1678 etiamsi
1307 1629 1350 1676 vi
1376 1639 1555 1677 externa
1579 1646 1678 1677 con-

197 1705 359 1753 nitatur
391 1704 609 1754 obsistere
643 1704 954 1753 nonnullarum
989 1705 1253 1754 executioni.

746 1882 1019 1919 ARTlCULUS
1046 1883 1094 1918 11.

245 2030 534 2072 Matrimonium
553 2032 665 2071 civile
679 2035 819 2071 natura
837 2041 908 2070 sua
925 2033 1132 2082 opponitur
1160 2031 1398 2071 Matrimonii
1426 2032 1626 2071 christiani

547 2096 896 2146 indissolubilitati,
925 2095 1103 2147 favetque
1130 2096 1312 2135 divortio.

291 2249 500 2297 Doctrina
533 2248 752 2297 catholica
784 2258 854 2296 est
876 2286 886 2305 ,
932 2248 1111 2296 foedera
1147 2248 1364 2314 nuptialia
1397 2246 1535 2295 semel
1568 2264 1675 2296 con-

196 2336 418 2373 summata
437 2342 679 2390 numquam
693 2324 739 2371 in
753 2324 999 2372 christiana
1016 2324 1113 2388 lege
1131 2325 1280 2390 quoad
1296 2323 1524 2373 vinculum
1542 2341 1675 2391 posse

196 2401 414 2449 dissolvi:
459 2418 593 2466 quam
639 2400 819 2466 quidem
858 2401 1104 2449 doctrinam
1138 2401 1202 2449 uti
1237 2400 1509 2466 exploratam
1544 2419 1675 2450 assu—

197 2479 377 2535 mimus,
406 2496 592 2544 eamque
616 2495 697 2526 suo
724 2478 820 2527 loco
846 2478 1191 2527 vindicabimus.
1222 2478 1315 2525 Iam
1348 2495 1452 2527 vero
1485 2478 1676 2527 indisso-

197 2555 405 2603 lubilitati
441 2555 548 2603 huic
579 2555 861 2604 omnimodae
894 2565 1028 2620 atque
1061 2564 1301 2620 perpetuae
1334 2555 1530 2619 coniugii
1556 2555 1674 2604 chri-

198 2631 331 2678 stiani
365 2633 626 2681 adversatur
658 2632 987 2680 matrimonium
1023 2631 1289 2695 simpliciter
1322 2631 1466 2679 civile.

283 2707 397 2755 Sane
414 2709 711 2757 omnimodam
731 2708 981 2756 firmitatem
998 2707 1307 2772 adsequuntur
1329 2706 1671 2757 christianorum

199 2783 419 2831 connubia
453 2801 505 2831 ex
540 2784 823 2848 apertissimo
856 2783 1019 2830 Christi
1056 2782 1260 2832 oraculo:
1291 2783 1414 2839 Quod
1437 2784 1553 2832 Deus
1576 2803 1672 2831 con-
