1912 3180
290 223 379 253 est.
411 221 457 253 11.
490 222 538 252 m:
572 221 696 253 unu.
719 220 802 252 civ.
827 220 937 253 omo.
968 222 1016 252 rr
1042 220 1186 253 rnocn.
1215 222 1309 254 Aur.
1339 222 1384 253 11.
1490 206 1577 252 271

114 300 276 348 Contra
310 317 414 347 vero
448 300 494 345 in
520 298 711 345 ecclesia
735 297 953 345 catholica
976 316 1028 345 ex
1054 298 1157 346 fidei
1184 299 1407 364 principio
1424 336 1434 355 ,
1461 299 1583 364 quod

112 377 441 425 matrimonium
476 376 819 423 christianorum
847 374 906 420 sit
926 391 1029 421 vere
1052 386 1095 423 et
1118 377 1298 441 proprie
1331 393 1586 424 sacramen-

113 465 204 500 tum
229 470 255 499 a
278 452 473 514 legitimo
506 459 731 498 contractu
764 449 1063 513 inseparabile
1084 489 1094 507 ,
1135 453 1182 499 fit
1214 464 1264 500 ut
1297 452 1412 500 sacri
1447 469 1584 517 appa-

114 539 234 575 ratus
270 527 466 590 religiosi
504 526 700 573 desectus
735 524 849 570 nihil
883 525 1046 572 officiat
1079 529 1344 575 sacramenti
1378 528 1580 584 veritati,

112 604 187 651 ubi
212 603 458 651 celebretur
480 603 537 649 iis
562 603 608 648 in
632 602 742 649 locis
758 640 767 657 ‚
792 601 839 646 in
858 600 1021 665 quibus
1046 602 1332 651 tridentinum
1360 604 1583 652 decretum

110 680 166 726 de
201 679 422 743 coniugiis
466 678 756 726 clandestinis
802 677 1076 742 publicatum
1111 696 1199 726 non
1233 691 1333 735 est;
1370 680 1447 726 ubi
1480 697 1585 728 vero

111 755 439 820 promulgatum
470 755 623 811 fuerit,
662 754 914 819 praesentia
941 754 1124 818 parochi
1154 756 1392 819 requiritur
1413 767 1463 803 ut
1484 773 1586 803 con·

112 832 223 879 ditio
259 833 358 879 sine
392 849 482 896 qua
515 831 759 878 invalidum
796 830 844 877 fit
879 840 970 877 tum
1004 829 1088 877 sub
1122 830 1292 878 ratione
1332 842 1585 879 contractus

112 918 204 954 tum
237 908 322 955 sub
350 908 520 955 ratione
545 907 826 963 sacramenti,
849 916 981 970 prout
1010 906 1055 952 in
1081 906 1225 970 prima
1250 906 1386 954 huius
1421 917 1584 955 tracta-

112 984 246 1031 tionis
296 984 490 1031 sectione
535 982 823 1046 exposuimus
847 1020 857 1038 ,
896 999 948 1029 ac
987 999 1221 1045 numquam
1264 981 1409 1029 locum
1451 982 1587 1030 habet

112 1069 362 1109 contractus
396 1076 476 1106 seu
510 1058 839 1105 matrimonium
874 1075 993 1105 mere
1026 1057 1172 1106 civile.
1258 1107 1260 1109 ,

210 1136 391 1182 Interim
423 1152 475 1181 ex
510 1135 642 1182 dictis
676 1134 924 1197 colligimus
949 1173 958 1191 ,
997 1135 1043 1180 in
1078 1134 1297 1198 coniugiis
1341 1146 1584 1200 protestan-

115 1211 225 1258 tium
259 1211 322 1257 nil
358 1210 479 1257 aliud
504 1210 706 1274 reperiri,
734 1211 822 1256 nisi
848 1209 991 1257 solum
1026 1219 1300 1257 contractum
1334 1210 1583 1257 naturalem

111 1298 154 1335 et
187 1287 363 1335 civilem
382 1298 504 1334 iuxta
522 1287 769 1334 doctrinam
785 1325 795 1342 ,
824 1303 957 1350 quam
983 1286 1071 1350 ipsi
1097 1287 1153 1334 de
1175 1288 1456 1334 matrimonio
1480 1305 1584 1352 pro-

112 1364 305 1411 fitentur.
346 1363 607 1426 Colligimus
633 1363 816 1427 insuper
839 1363 1027 1427 primam
1054 1363 1358 1425 coniugiorum
1383 1362 1581 1410 civilium

109 1439 326 1502 originem
344 1456 397 1485 ex
416 1438 500 1485 hac
519 1438 719 1485 doctrina
735 1438 864 1484 unice
882 1455 983 1484 esse
1006 1438 1287 1501 repetendam
1302 1476 1311 1494 ,
1334 1455 1434 1485 cum
1458 1439 1584 1503 prius

110 1516 230 1580 apud
249 1515 516 1562 christianos
535 1525 684 1561 essent
702 1514 878 1578 penitus
898 1514 1061 1577 ignota.
1075 1515 1139 1560 Ex
1158 1514 1241 1562 hoc
1259 1514 1378 1561 fonte
1395 1515 1584 1579 pseudo-

114 1591 278 1656 politici
317 1608 443 1637 suam
479 1590 736 1636 derivarunt
770 1589 985 1637 theoriam
1019 1590 1075 1636 de
1108 1590 1390 1638 matrimonio
1423 1591 1579 1647 civili,

111 1685 250 1733 quum
275 1679 422 1714 tamen
446 1666 775 1714 matrimonium
813 1676 1135 1713 sacramentum
1160 1683 1261 1714 esse
1284 1684 1371 1714 non
1396 1678 1578 1730 negent,

115 1744 160 1791 in
186 1744 437 1791 subsidium
463 1743 749 1790 adsciverunt
772 1742 1102 1790 distinctionem
1125 1743 1240 1789 inter
1258 1754 1582 1791 sacramentum

109 1831 153 1868 et
169 1831 437 1868 contractum
457 1837 566 1884 pure
583 1819 774 1875 civilem,
796 1829 931 1883 atque
954 1819 1015 1866 ita
1038 1820 1396 1883 protestanticam
1419 1819 1584 1866 doctri·

111 1939 213 1970 iusvis
226 1940 332 1971 sectae
344 1940 384 1971 ab
397 1938 565 1979 anglicana
575 1937 712 1978 separati
727 1937 966 1977 communione,
976 1938 1163 1978 praesertim
1176 1946 1252 1970 vero
1261 1937 1443 1978 Quaequeri
1456 1937 1583 1970 nonnisi

110 2001 220 2033 aegre,
239 2001 277 2024 ac
291 1994 508 2033 repuynante
528 1994 683 2033 ipsorum
704 1993 914 2023 conscientia
935 1999 970 2022 se
987 1991 1137 2023 sisterent
1153 1991 1194 2023 ad
1209 1991 1406 2023 connubium
1421 1990 1584 2023 celebran-

111 2045 189 2077 dum
202 2054 312 2077 coram
329 2045 476 2076 ministro
490 2044 658 2085 anglicano
667 2069 676 2084 ,
690 2044 835 2085 adeoque
850 2044 1060 2076 reclamarent
1071 2046 1184 2076 contra
1198 2044 1283 2076 hunc
1297 2044 1376 2085 legis
1388 2044 1581 2085 articulum,

113 2099 271 2130 Robertus
298 2098 370 2129 Peel
394 2098 560 2138 proposuit
580 2097 835 2129 emendationem
858 2097 1000 2129 eiusdem
1020 2097 1116 2138 legiS,
1134 2097 1179 2129 ita
1197 2099 1233 2129 ut
1249 2099 1434 2129 tenerentur
1454 2099 1581 2129 tantum

110 2150 308 2191 quicumque
329 2150 456 2182 sectarii
478 2158 587 2181 coram
606 2150 796 2190 magistratu
813 2150 902 2181 civili
924 2150 965 2181 ad
987 2150 1049 2181 hoc
1070 2150 1247 2182 constituto
1268 2158 1460 2182 consensum
1485 2157 1580 2183 suum

111 2203 273 2244 praebere,
289 2205 322 2235 et
344 2203 390 2236 sic
412 2203 619 2235 matrimonio
638 2203 806 2243 coniungi,
827 2205 1021 2243 possentque
1047 2204 1212 2243 praeterea
1238 2212 1347 2235 coram
1373 2211 1580 2244 quocumque

111 2257 259 2289 ministro
280 2258 446 2297 praesente
471 2265 535 2287 una
555 2265 629 2287 cum
648 2256 837 2296 magistratu
854 2256 888 2286 id
910 2256 1016 2296 ipsum
1032 2255 1168 2288 efficere.
1190 2256 1350 2288 Catholici
1373 2265 1450 2288 vero
1471 2264 1581 2288 coram

109 2309 277 2341 sacerdote
302 2310 334 2341 et
364 2309 567 2349 magistratu.
591 2310 668 2339 Post
695 2308 794 2339 trium
822 2316 980 2339 annorum
1008 2307 1259 2348 discussionem,
1276 2308 1407 2340 tandem
1422 2310 1580 2341 an.18³7.

109 2362 267 2394 eiusmodi
289 2362 369 2402 legis
384 2361 567 2393 emendatio
586 2361 726 2393 admissa
745 2363 793 2393 est
807 2370 846 2393 ac
863 2361 1007 2401 probata.
1024 2363 1197 2402 progressu
1214 2362 1370 2403 temporis
1383 2362 1581 2394 declaratum

109 2416 274 2455 praetcrea
284 2416 350 2453 est,
364 2415 399 2445 ut
410 2415 540 2454 possent
555 2413 782 2445 contrahentes
796 2414 885 2454 prius
897 2421 1014 2445 nomen
1025 2413 1102 2445 dare
1115 2414 1329 2454 magistratui,
1344 2415 1381 2446 ut
1394 2414 1580 2446 inscribere·

109 2467 163 2498 tur
186 2466 325 2506 publicis
347 2465 486 2505 tabulis,
510 2467 620 2506 postea
634 2474 709 2498 vero
727 2465 888 2497 celebrare
906 2466 1093 2506 coniugium
1110 2466 1179 2498 sive
1194 2474 1304 2498 coram
1329 2466 1582 2507 uniuscuiusque

108 2518 214 2549 sectae
230 2517 397 2557 ministro,
414 2518 482 2549 sive
500 2526 610 2549 coram
624 2517 790 2549 sacerdote
805 2518 982 2557 catholico,
1000 2518 1028 2549 si
1045 2517 1079 2548 id
1094 2518 1172 2558 ipsis
1194 2518 1349 2550 arriserit.
1367 2519 1487 2550 Auctor
1503 2527 1582 2560 opu-

109 2570 190 2602 sculi
208 2570 305 2604 sulle
320 2570 408 2612 leqqi
422 2571 519 2603 civili
534 2571 594 2603 che
606 2570 822 2611 riquardano
836 2571 865 2603 il
878 2572 1099 2602 matrimonio
1112 2570 1165 2603 de’
1173 2572 1344 2603 cristiani.
1356 2571 1474 2614 Torino
1491 2575 1581 2605 185¹.

110 2631 181 2663 pag.
201 2628 239 2655 86
253 2632 343 2664 seqq.
370 2625 507 2656 sormam
528 2625 668 2665 coniugii
693 2624 798 2657 civilis
813 2624 929 2664 anglici
941 2623 1184 2664 diligentissime
1195 2623 1347 2664 exponit,
1370 2630 1453 2664 quae
1490 2632 1579 2657 revo—

113 2676 228 2706 cantur
238 2676 281 2708 ad
293 2685 414 2708 meram
431 2677 671 2718 inscriptionem
687 2677 807 2718 proprii
825 2677 966 2709 nominis
978 2677 1012 2707 in
1028 2676 1147 2708 tabulis
1163 2675 1312 2717 publicis.
1325 2677 1430 2718 Atque
1442 2672 1521 2709 liaeo
1533 2679 1582 2710 est

113 2727 277 2767 praeclara
299 2728 420 2769 forma,
441 2738 539 2770 quam
560 2729 695 2770 quidam
712 2729 923 2770 Anglophilus
944 2728 987 2759 ad
1006 2728 1112 2760 sidera
1126 2728 1221 2762 essert
1235 2729 1270 2761 in
1285 2730 1426 2763 comitiis
1442 2729 1580 2772 subalpi-

116 2779 166 2813 nis
179 2803 189 2819 ,
208 2787 344 2821 eamque
361 2782 499 2822 praefert
519 2781 710 2822 legislationi
731 2782 874 2821 gallicae.
891 2780 941 2813 cs.
960 2782 1105 2814 camera
1120 2781 1348 2824 de’deputati.
1369 2784 1509 2816 Tornata
1527 2783 1578 2815 del

117 2837 142 2863 1.
161 2831 276 2873 Luglio
296 2837 385 2866 1852.
401 2842 474 2875 pag.
490 2837 561 2867 641.
587 2835 648 2867 col.
664 2840 692 2866 3.
