1918 3186
266 207 357 252 194
518 221 598 254 mn.
627 221 656 251 1.
686 219 798 251 sacr.
829 220 858 251 1.
888 219 940 251 ni:
973 220 1145 252 uirium.
1174 219 1454 251 SAanmnNro.

262 298 409 365 quoad
442 297 528 345 alia
559 297 708 359 negari
733 297 887 361 nequit
909 297 1159 345 necessario
1183 295 1498 343 admittendam
1528 313 1645 355 esse,
1675 316 1726 346 ea

261 376 306 422 in
341 373 576 439 hypothesi
592 410 602 429 ,
634 372 961 421 distinctionem
985 373 1098 420 inter
1120 381 1389 419 contractum
1413 383 1456 420 et
1478 389 1728 421 sacramen-

260 461 368 498 tum.
387 449 506 497 Haec
521 448 743 513 siquidem
761 458 828 496 est
843 449 985 512 logica
1008 449 1145 496 illatio
1162 466 1215 495 ex
1233 448 1371 495 semel
1390 449 1589 497 admisso
1606 450 1729 515 prin-

260 525 405 589 cipio,
443 524 563 589 quod
609 541 768 587 nempe
800 524 877 570 ubi
911 542 999 572 non
1033 524 1267 571 intervenit
1299 524 1543 572 sacerdotis
1576 525 1693 572 actio
1714 563 1723 580 ‚

260 618 341 648 seu
364 601 462 648 eius
491 600 739 648 benedictio
757 637 767 656 ,
796 617 882 647 non
907 599 1123 647 habeatur
1155 611 1506 657 sacramentum,
1535 600 1614 647 sed
1638 617 1730 647 me-

259 694 335 725 rus
371 686 621 725 contractus
656 676 751 724 sive
784 676 1022 731 naturalis,
1051 676 1146 723 sive
1179 676 1338 724 civilis.
1367 676 1512 741 Atque
1544 676 1630 724 hoc
1662 686 1730 723 est

258 753 377 817 quod
410 752 634 800 contendit
666 752 839 808 Canus;
879 751 1089 798 nimirum
1119 751 1204 798 hac
1239 752 1285 798 in
1320 752 1556 817 hypothesi
1592 751 1730 799 habe-

257 839 377 876 retur
409 828 588 893 quidem
621 838 893 884 contractus,
932 837 977 874 at
1010 838 1335 875 sacramentum
1369 845 1457 875 non
1492 829 1619 884 item,
1651 827 1729 875 de-

257 904 431 953 ficiente
464 905 560 952 eius
595 904 799 951 ministro
831 914 875 951 et
907 903 1064 951 forma.

352 980 677 1028 Praemittimus
709 981 753 1026 2.
777 997 865 1027 non
890 996 991 1026 esse
1015 977 1326 1043 permiscenda
1348 978 1437 1026 duo
1460 978 1588 1035 haec,
1608 978 1729 1026 vide-

255 1057 372 1113 licet,
400 1074 533 1121 posse
557 1056 801 1104 subsistere
824 1055 1176 1111 matrimonium,
1211 1072 1289 1102 seu
1323 1066 1595 1103 contractum
1629 1056 1727 1102 sine

258 1144 560 1189 sacramento,
589 1143 632 1179 et
661 1149 796 1197 posse
831 1131 1076 1179 subsistere
1111 1141 1434 1178 sacramentum
1468 1131 1727 1179 distinctum

255 1225 281 1255 a
309 1218 549 1255 contractu.
584 1208 694 1254 Nam
723 1207 915 1271 primum
949 1206 1108 1254 salsum
1143 1206 1324 1271 quidem
1359 1217 1450 1264 est,
1488 1223 1542 1254 ex
1575 1218 1726 1254 nostra

254 1283 482 1340 doctrina,
520 1293 566 1330 at
598 1300 651 1330 ex
684 1282 1036 1331 adversariorum
1072 1283 1290 1330 sententia
1323 1282 1553 1338 dimanat;
1592 1282 1726 1348 idque

253 1359 436 1423 contigit
458 1369 501 1406 et
523 1359 737 1422 contingit
764 1359 810 1405 in
835 1358 1041 1406 omnibus
1074 1359 1293 1422 coniugiis
1327 1358 1640 1415 clandestinis,
1680 1360 1726 1406 in

253 1434 462 1482 omnibus
496 1435 716 1498 coniugiis
750 1434 966 1482 renitente
988 1435 1208 1499 parocho,
1237 1445 1313 1482 aut
1335 1451 1483 1482 coram
1507 1434 1728 1482 haeretico

250 1509 455 1558 ministro
489 1509 744 1567 celebratis,
777 1520 853 1557 aut
886 1509 1177 1557 celebrandis.
1208 1511 1257 1556 In
1283 1510 1353 1557 his
1378 1510 1495 1557 enim
1520 1510 1726 1558 omnibus

253 1584 408 1633 aliisve
443 1585 664 1633 similibus
696 1585 875 1644 casibus
910 1584 1147 1632 haberetur
1179 1585 1299 1632 iuxta
1333 1603 1429 1634 eam
1463 1580 1725 1633 sententiam

252 1672 503 1708 contractus
530 1661 674 1709 civilis
701 1662 799 1708 sine
824 1671 1114 1708 sacramento.
1137 1660 1332 1708 Alterum
1356 1678 1460 1709 vero
1483 1678 1570 1709 non
1594 1661 1725 1708 modo

251 1748 319 1784 est
342 1737 503 1785 falsum
522 1775 532 1794 ,
561 1738 640 1785 sed
664 1754 810 1802 neque
843 1737 1038 1801 legitime
1061 1755 1113 1784 ex
1137 1737 1491 1786 adversariorum
1526 1737 1724 1784 doctrina

250 1813 472 1871 dimanat,
512 1825 642 1878 prout
673 1831 774 1862 mox
807 1814 1109 1861 ostendemus.

342 1890 670 1938 Praemittimus
706 1892 749 1937 3.
779 1891 1058 1938 enunciatam
1083 1890 1326 1938 doctrinam
1350 1908 1376 1937 a
1400 1891 1529 1938 nobis
1554 1890 1722 1937 adstrui

233 1965 460 2013 ‘adversus
494 1983 598 2023 eos,
637 1967 715 2031 qui
751 1966 858 2013 Cani
893 1966 1110 2014 sententia
1143 1963 1400 2023 abutuntur,
1440 1968 1502 2014 uti
1538 1966 1626 2014 iam
1660 1967 1723 2012 in·

244 2042 449 2099 nuimus,
489 2059 619 2090 secus
644 2059 695 2089 ac
719 2043 815 2107 ipse
850 2055 926 2090 aut
961 2042 1251 2100 intellexerit,
1282 2054 1358 2090 aut
1380 2043 1581 2090 voluerit.
1611 2044 1720 2090 Nam

246 2117 395 2166 Canus
420 2119 598 2183 quidem
623 2119 952 2167 distinctionem
977 2119 1091 2166 inter
1113 2130 1383 2166 contractum
1407 2131 1449 2167 et
1473 2136 1722 2167 sacramen-

243 2203 334 2240 tum
362 2193 581 2241 adstruxit
604 2194 649 2240 in
674 2194 915 2257 coniugiis,
956 2212 1072 2259 quae
1105 2194 1276 2258 absque
1308 2194 1552 2241 sacerdotis
1585 2194 1719 2241 bene-

244 2269 437 2317 dictione
470 2269 821 2327 celebrarentur;
850 2288 1091 2349 numquam
1120 2281 1266 2317 tamen
1290 2288 1386 2317 eam
1412 2270 1616 2326 admisit,
1644 2281 1719 2316 aut

243 2346 485 2395 insinuavit
518 2346 698 2411 quidem
733 2364 833 2394 cum
868 2358 1071 2410 ageretur
1100 2347 1156 2394 de
1189 2347 1424 2394 connubiis
1460 2364 1539 2410 per
1577 2363 1718 2393 sacer-

243 2420 358 2469 dotis
387 2421 737 2469 benedictionem
762 2423 1066 2469 sanctificatis.
1096 2422 1257 2470 Contra
1278 2439 1381 2469 vero
1399 2421 1479 2478 illi,
1502 2438 1613 2485 quos
1633 2422 1715 2467 im-

243 2513 509 2559 pugnamus,
527 2508 660 2562 atque
678 2497 722 2543 in
741 2497 814 2544 his
832 2497 1090 2544 nominatim
1115 2498 1176 2543 lo.
1196 2498 1531 2560 Nepomuoenus
1550 2497 1709 2561 Nuytz,

244 2570 374 2617 etiam
400 2572 445 2617 in
470 2572 541 2619 his
566 2572 783 2635 coniugiis
807 2571 1021 2619 eiusmodi
1047 2571 1374 2618 distinctionem
1399 2571 1714 2619 admittendam

241 2662 340 2693 esse
373 2649 658 2695 contendunt.

339 2721 509 2776 Quibus
540 2725 827 2788 praemissis,
866 2724 968 2771 data
1002 2723 1133 2770 etiam
1168 2723 1404 2787 hypothesi
1441 2723 1496 2769 dc
1528 2723 1710 2770 veritate

240 2798 506 2855 sententiae,
540 2801 658 2863 quod
694 2800 901 2862 sacerdos
937 2799 1136 2847 minister
1170 2799 1227 2847 sit
1261 2799 1523 2847 sacramenti
1559 2799 1709 2848 matri-
