<?xml version="1.0" encoding="UTF-8"?>
<!DOCTYPE html PUBLIC "-//W3C//DTD XHTML 1.0 Transitional//EN"
    "http://www.w3.org/TR/xhtml1/DTD/xhtml1-transitional.dtd">
<html xmlns="http://www.w3.org/1999/xhtml" xml:lang="en" lang="en">
 <head>
  <title>
</title>
<meta http-equiv="Content-Type" content="text/html;charset=utf-8" />
  <meta name='ocr-system' content='tesseract 3.04.00' />
  <meta name='ocr-capabilities' content='ocr_page ocr_carea ocr_par ocr_line ocrx_word'/>
</head>
<body>
  <div class='ocr_page' id='page_1' title='image "a603380701perruoft_0214.png"; bbox 0 0 1918 3186; ppageno 0'>
   <div class='ocr_carea' id='block_1_1' title="bbox 273 196 1463 244">
    <p class='ocr_par' dir='ltr' id='par_1_1' title="bbox 273 196 1463 244">
     <span class='ocr_line' id='line_1_1' title="bbox 273 196 1463 244; baseline -0.003 -1"><span class='ocrx_word' id='word_1_1' title='bbox 273 196 362 243; x_wconf 80' lang='lat'><strong>192</strong></span> <span class='ocrx_word' id='word_1_2' title='bbox 533 211 613 244; x_wconf 59' lang='grc' dir='ltr'><strong>ιιι).</strong></span> <span class='ocrx_word' id='word_1_3' title='bbox 642 209 672 242; x_wconf 83' lang='grc' dir='ltr'><strong>ι.</strong></span> <span class='ocrx_word' id='word_1_4' title='bbox 701 207 813 242; x_wconf 70' lang='lat' dir='ltr'><strong>sacr.</strong></span> <span class='ocrx_word' id='word_1_5' title='bbox 843 207 873 239; x_wconf 89' lang='lat'><strong>1.</strong></span> <span class='ocrx_word' id='word_1_6' title='bbox 902 207 954 240; x_wconf 74' lang='lat' dir='ltr'><strong>nn</strong></span> <span class='ocrx_word' id='word_1_7' title='bbox 977 207 1152 241; x_wconf 70' lang='lat' dir='ltr'><strong>numu.</strong></span> <span class='ocrx_word' id='word_1_8' title='bbox 1180 207 1463 242; x_wconf 68' lang='lat' dir='ltr'><strong>SAanunNro.</strong></span> 
     </span>
    </p>
   </div>
   <div class='ocr_carea' id='block_1_2' title="bbox 256 286 1742 2329">
    <p class='ocr_par' dir='ltr' id='par_1_2' title="bbox 264 286 1741 731">
     <span class='ocr_line' id='line_1_2' title="bbox 270 286 1741 353; baseline 0 -16"><span class='ocrx_word' id='word_1_9' title='bbox 270 306 400 345; x_wconf 89' lang='lat' dir='ltr'><strong>nere,</strong></span> <span class='ocrx_word' id='word_1_10' title='bbox 439 305 554 353; x_wconf 92' lang='lat' dir='ltr'><strong>quae</strong></span> <span class='ocrx_word' id='word_1_11' title='bbox 586 287 641 334; x_wconf 89' lang='lat' dir='ltr'><strong>ad</strong></span> <span class='ocrx_word' id='word_1_12' title='bbox 675 286 793 334; x_wconf 92' lang='lat' dir='ltr'><strong>idem</strong></span> <span class='ocrx_word' id='word_1_13' title='bbox 827 286 1156 334; x_wconf 81' lang='lat' dir='ltr'><strong>matrimonium</strong></span> <span class='ocrx_word' id='word_1_14' title='bbox 1196 287 1355 351; x_wconf 88' lang='lat' dir='ltr'><strong>quovis</strong></span> <span class='ocrx_word' id='word_1_15' title='bbox 1388 286 1518 335; x_wconf 90' lang='lat' dir='ltr'><strong>modo</strong></span> <span class='ocrx_word' id='word_1_16' title='bbox 1552 299 1741 353; x_wconf 84' lang='lat' dir='ltr'><strong>possunt</strong></span> 
     </span>
     <span class='ocr_line' id='line_1_3' title="bbox 268 362 1741 430; baseline 0 -18"><span class='ocrx_word' id='word_1_17' title='bbox 268 365 484 430; x_wconf 88' lang='lat' dir='ltr'><strong>pertinere</strong></span> <span class='ocrx_word' id='word_1_18' title='bbox 500 366 650 426; x_wconf 78' lang='lat'><strong>(15).»</strong></span> <span class='ocrx_word' id='word_1_19' title='bbox 673 362 847 419; x_wconf 86' lang='lat' dir='ltr'><strong>Quibus</strong></span> <span class='ocrx_word' id='word_1_20' title='bbox 881 362 1253 427; x_wconf 81' lang='lat' dir='ltr'><strong>praeclarissimis</strong></span> <span class='ocrx_word' id='word_1_21' title='bbox 1285 362 1434 411; x_wconf 88' lang='lat' dir='ltr'><strong>verbis</strong></span> <span class='ocrx_word' id='word_1_22' title='bbox 1468 363 1575 411; x_wconf 93' lang='lat' dir='ltr'><strong>dum</strong></span> <span class='ocrx_word' id='word_1_23' title='bbox 1609 363 1741 413; x_wconf 86' lang='lat' dir='ltr'><strong>abso-</strong></span> 
     </span>
     <span class='ocr_line' id='line_1_4' title="bbox 267 438 1740 488; baseline 0 -2"><span class='ocrx_word' id='word_1_24' title='bbox 267 440 490 488; x_wconf 87' lang='lat' dir='ltr'><strong>lutissima</strong></span> <span class='ocrx_word' id='word_1_25' title='bbox 522 438 709 486; x_wconf 81' lang='lat' dir='ltr'><strong>traditur</strong></span> <span class='ocrx_word' id='word_1_26' title='bbox 740 438 942 487; x_wconf 89' lang='lat' dir='ltr'><strong>doctrina</strong></span> <span class='ocrx_word' id='word_1_27' title='bbox 973 438 1187 486; x_wconf 90' lang='lat' dir='ltr'><strong>ecclesiae</strong></span> <span class='ocrx_word' id='word_1_28' title='bbox 1219 438 1467 486; x_wconf 89' lang='lat' dir='ltr'><strong>catholicae</strong></span> <span class='ocrx_word' id='word_1_29' title='bbox 1500 439 1556 487; x_wconf 92' lang='lat' dir='ltr'><strong>de</strong></span> <span class='ocrx_word' id='word_1_30' title='bbox 1588 441 1740 488; x_wconf 88' lang='lat' dir='ltr'><strong>matri-</strong></span> 
     </span>
     <span class='ocr_line' id='line_1_5' title="bbox 266 513 1741 579; baseline 0 -17"><span class='ocrx_word' id='word_1_31' title='bbox 266 515 414 563; x_wconf 89' lang='lat' dir='ltr'><strong>monio</strong></span> <span class='ocrx_word' id='word_1_32' title='bbox 431 553 441 572; x_wconf 95' lang='lat'><strong>,</strong></span> <span class='ocrx_word' id='word_1_33' title='bbox 480 514 614 562; x_wconf 91' lang='lat' dir='ltr'><strong>simul</strong></span> <span class='ocrx_word' id='word_1_34' title='bbox 647 513 756 562; x_wconf 90' lang='lat' dir='ltr'><strong>Cani</strong></span> <span class='ocrx_word' id='word_1_35' title='bbox 789 514 976 579; x_wconf 89' lang='lat' dir='ltr'><strong>eiusque</strong></span> <span class='ocrx_word' id='word_1_36' title='bbox 1009 514 1228 562; x_wconf 89' lang='lat' dir='ltr'><strong>fautorum</strong></span> <span class='ocrx_word' id='word_1_37' title='bbox 1253 532 1306 562; x_wconf 91' lang='lat' dir='ltr'><strong>ac</strong></span> <span class='ocrx_word' id='word_1_38' title='bbox 1329 525 1615 579; x_wconf 91' lang='lat' dir='ltr'><strong>patronorum</strong></span> <span class='ocrx_word' id='word_1_39' title='bbox 1638 533 1741 564; x_wconf 89' lang='lat' dir='ltr'><strong>sen-</strong></span> 
     </span>
     <span class='ocr_line' id='line_1_6' title="bbox 266 589 1740 654; baseline 0 -16"><span class='ocrx_word' id='word_1_40' title='bbox 266 590 402 638; x_wconf 85' lang='lat' dir='ltr'><strong>tentia</strong></span> <span class='ocrx_word' id='word_1_41' title='bbox 436 589 696 654; x_wconf 90' lang='lat' dir='ltr'><strong>reprobatur</strong></span> <span class='ocrx_word' id='word_1_42' title='bbox 718 591 834 652; x_wconf 84' lang='lat'><strong>(16),</strong></span> <span class='ocrx_word' id='word_1_43' title='bbox 863 607 915 636; x_wconf 90' lang='lat' dir='ltr'><strong>ac</strong></span> <span class='ocrx_word' id='word_1_44' title='bbox 945 589 1168 646; x_wconf 87' lang='lat' dir='ltr'><strong>doctrina,</strong></span> <span class='ocrx_word' id='word_1_45' title='bbox 1207 607 1341 654; x_wconf 91' lang='lat' dir='ltr'><strong>quam</strong></span> <span class='ocrx_word' id='word_1_46' title='bbox 1366 590 1412 636; x_wconf 90' lang='lat' dir='ltr'><strong>in</strong></span> <span class='ocrx_word' id='word_1_47' title='bbox 1437 590 1522 638; x_wconf 88' lang='lat' dir='ltr'><strong>hoc</strong></span> <span class='ocrx_word' id='word_1_48' title='bbox 1555 589 1740 638; x_wconf 89' lang='lat' dir='ltr'><strong>articulo</strong></span> 
     </span>
     <span class='ocr_line' id='line_1_7' title="bbox 264 664 1342 731; baseline 0 -19"><span class='ocrx_word' id='word_1_49' title='bbox 264 665 535 731; x_wconf 83' lang='lat' dir='ltr'><strong>probandam</strong></span> <span class='ocrx_word' id='word_1_50' title='bbox 568 666 875 730; x_wconf 82' lang='lat' dir='ltr'><strong>suscepimus,</strong></span> <span class='ocrx_word' id='word_1_51' title='bbox 915 664 1080 712; x_wconf 83' lang='lat' dir='ltr'><strong>diserte</strong></span> <span class='ocrx_word' id='word_1_52' title='bbox 1113 666 1342 714; x_wconf 85' lang='lat' dir='ltr'><strong>asseritur.</strong></span> 
     </span>
    </p>

    <p class='ocr_par' dir='ltr' id='par_1_3' title="bbox 264 740 1740 1019">
     <span class='ocr_line' id='line_1_8' title="bbox 360 740 1740 807; baseline -0.002 -17"><span class='ocrx_word' id='word_1_53' title='bbox 360 742 594 807; x_wconf 90' lang='lat' dir='ltr'><strong>Reliquum</strong></span> <span class='ocrx_word' id='word_1_54' title='bbox 633 752 700 789; x_wconf 92' lang='lat' dir='ltr'><strong>est</strong></span> <span class='ocrx_word' id='word_1_55' title='bbox 739 741 795 789; x_wconf 92' lang='lat' dir='ltr'><strong>ad</strong></span> <span class='ocrx_word' id='word_1_56' title='bbox 841 740 1159 788; x_wconf 89' lang='lat' dir='ltr'><strong>absolvendum</strong></span> <span class='ocrx_word' id='word_1_57' title='bbox 1193 741 1278 789; x_wconf 89' lang='lat' dir='ltr'><strong>hoc</strong></span> <span class='ocrx_word' id='word_1_58' title='bbox 1310 753 1619 806; x_wconf 80' lang='lat' dir='ltr'><strong>argumentum</strong></span> <span class='ocrx_word' id='word_1_59' title='bbox 1642 779 1652 795; x_wconf 85' lang='lat'>‚</span> <span class='ocrx_word' id='word_1_60' title='bbox 1691 751 1740 788; x_wconf 92' lang='lat' dir='ltr'><strong>ut</strong></span> 
     </span>
     <span class='ocr_line' id='line_1_9' title="bbox 265 816 1739 866; baseline -0.003 0"><span class='ocrx_word' id='word_1_61' title='bbox 265 818 542 866; x_wconf 83' lang='lat' dir='ltr'><strong>conferamus</strong></span> <span class='ocrx_word' id='word_1_62' title='bbox 573 828 896 866; x_wconf 87' lang='lat' dir='ltr'><strong>sacramentum</strong></span> <span class='ocrx_word' id='word_1_63' title='bbox 923 816 1008 864; x_wconf 93' lang='lat' dir='ltr'><strong>hoc</strong></span> <span class='ocrx_word' id='word_1_64' title='bbox 1036 827 1235 865; x_wconf 88' lang='lat' dir='ltr'><strong>nostrum</strong></span> <span class='ocrx_word' id='word_1_65' title='bbox 1263 818 1472 866; x_wconf 90' lang='lat' dir='ltr'><strong>connubii</strong></span> <span class='ocrx_word' id='word_1_66' title='bbox 1504 817 1739 866; x_wconf 87' lang='lat' dir='ltr'><strong>christiani</strong></span> 
     </span>
     <span class='ocr_line' id='line_1_10' title="bbox 264 893 1739 957; baseline 0 -15"><span class='ocrx_word' id='word_1_67' title='bbox 264 911 365 942; x_wconf 89' lang='lat' dir='ltr'><strong>cum</strong></span> <span class='ocrx_word' id='word_1_68' title='bbox 397 894 687 943; x_wconf 88' lang='lat' dir='ltr'><strong>sacramentis</strong></span> <span class='ocrx_word' id='word_1_69' title='bbox 722 893 905 957; x_wconf 89' lang='lat' dir='ltr'><strong>reliquis</strong></span> <span class='ocrx_word' id='word_1_70' title='bbox 923 931 933 949; x_wconf 92' lang='lat'><strong>,</strong></span> <span class='ocrx_word' id='word_1_71' title='bbox 965 903 1013 940; x_wconf 90' lang='lat' dir='ltr'><strong>ut</strong></span> <span class='ocrx_word' id='word_1_72' title='bbox 1036 911 1089 940; x_wconf 85' lang='lat' dir='ltr'><strong>ex</strong></span> <span class='ocrx_word' id='word_1_73' title='bbox 1123 893 1310 941; x_wconf 91' lang='lat' dir='ltr'><strong>istorum</strong></span> <span class='ocrx_word' id='word_1_74' title='bbox 1344 894 1550 957; x_wconf 89' lang='lat' dir='ltr'><strong>analogia</strong></span> <span class='ocrx_word' id='word_1_75' title='bbox 1582 894 1739 945; x_wconf 80' lang='lat' dir='ltr'><strong>verita-</strong></span> 
     </span>
     <span class='ocr_line' id='line_1_11' title="bbox 265 969 1164 1019; baseline -0.002 -1"><span class='ocrx_word' id='word_1_76' title='bbox 265 981 351 1019; x_wconf 91' lang='lat' dir='ltr'><strong>tem</strong></span> <span class='ocrx_word' id='word_1_77' title='bbox 384 988 591 1018; x_wconf 90' lang='lat' dir='ltr'><strong>eruamus</strong></span> <span class='ocrx_word' id='word_1_78' title='bbox 626 969 888 1017; x_wconf 87' lang='lat' dir='ltr'><strong>enunciatae</strong></span> <span class='ocrx_word' id='word_1_79' title='bbox 922 969 1164 1017; x_wconf 90' lang='lat' dir='ltr'><strong>doctrinae.</strong></span> 
     </span>
    </p>

    <p class='ocr_par' dir='ltr' id='par_1_4' title="bbox 256 1045 1742 2329">
     <span class='ocr_line' id='line_1_12' title="bbox 364 1045 1741 1110; baseline -0.001 -16"><span class='ocrx_word' id='word_1_80' title='bbox 364 1048 496 1095; x_wconf 90' lang='lat' dir='ltr'><strong>Porro</strong></span> <span class='ocrx_word' id='word_1_81' title='bbox 528 1045 802 1110; x_wconf 86' lang='lat' dir='ltr'><strong>exploratum</strong></span> <span class='ocrx_word' id='word_1_82' title='bbox 835 1055 930 1102; x_wconf 92' lang='lat' dir='ltr'><strong>est,</strong></span> <span class='ocrx_word' id='word_1_83' title='bbox 970 1063 1071 1093; x_wconf 91' lang='lat' dir='ltr'><strong>cum</strong></span> <span class='ocrx_word' id='word_1_84' title='bbox 1105 1046 1250 1110; x_wconf 85' lang='lat' dir='ltr'><strong>agitur</strong></span> <span class='ocrx_word' id='word_1_85' title='bbox 1283 1046 1339 1094; x_wconf 90' lang='lat' dir='ltr'><strong>de</strong></span> <span class='ocrx_word' id='word_1_86' title='bbox 1372 1047 1556 1094; x_wconf 87' lang='lat' dir='ltr'><strong>materia</strong></span> <span class='ocrx_word' id='word_1_87' title='bbox 1590 1062 1741 1094; x_wconf 90' lang='lat' dir='ltr'><strong>sacra-</strong></span> 
     </span>
     <span class='ocr_line' id='line_1_13' title="bbox 264 1121 1742 1186; baseline -0.001 -16"><span class='ocrx_word' id='word_1_88' title='bbox 264 1132 511 1171; x_wconf 89' lang='lat' dir='ltr'><strong>mentorum</strong></span> <span class='ocrx_word' id='word_1_89' title='bbox 556 1122 756 1186; x_wconf 86' lang='lat' dir='ltr'><strong>proxima</strong></span> <span class='ocrx_word' id='word_1_90' title='bbox 783 1159 792 1178; x_wconf 93' lang='lat'><strong>,</strong></span> <span class='ocrx_word' id='word_1_91' title='bbox 843 1121 1092 1169; x_wconf 90' lang='lat' dir='ltr'><strong>cuiusmodi</strong></span> <span class='ocrx_word' id='word_1_92' title='bbox 1127 1133 1194 1170; x_wconf 86' lang='lat' dir='ltr'><strong>est</strong></span> <span class='ocrx_word' id='word_1_93' title='bbox 1226 1133 1476 1171; x_wconf 87' lang='lat' dir='ltr'><strong>contractus</strong></span> <span class='ocrx_word' id='word_1_94' title='bbox 1511 1123 1557 1170; x_wconf 91' lang='lat' dir='ltr'><strong>in</strong></span> <span class='ocrx_word' id='word_1_95' title='bbox 1592 1139 1742 1170; x_wconf 89' lang='lat' dir='ltr'><strong>sacra-</strong></span> 
     </span>
     <span class='ocr_line' id='line_1_14' title="bbox 264 1197 1740 1264; baseline 0 -19"><span class='ocrx_word' id='word_1_96' title='bbox 264 1208 412 1246; x_wconf 91' lang='lat' dir='ltr'><strong>mento</strong></span> <span class='ocrx_word' id='word_1_97' title='bbox 441 1197 707 1245; x_wconf 89' lang='lat' dir='ltr'><strong>matrimonii</strong></span> <span class='ocrx_word' id='word_1_98' title='bbox 747 1197 793 1244; x_wconf 91' lang='lat' dir='ltr'><strong>in</strong></span> <span class='ocrx_word' id='word_1_99' title='bbox 828 1214 964 1245; x_wconf 92' lang='lat' dir='ltr'><strong>sensu</strong></span> <span class='ocrx_word' id='word_1_100' title='bbox 987 1198 1213 1263; x_wconf 86' lang='lat' dir='ltr'><strong>exposito,</strong></span> <span class='ocrx_word' id='word_1_101' title='bbox 1242 1198 1362 1264; x_wconf 92' lang='lat' dir='ltr'><strong>quod</strong></span> <span class='ocrx_word' id='word_1_102' title='bbox 1386 1199 1424 1247; x_wconf 90' lang='lat' dir='ltr'><strong>si</strong></span> <span class='ocrx_word' id='word_1_103' title='bbox 1449 1198 1601 1264; x_wconf 90' lang='lat' dir='ltr'><strong>aliquo</strong></span> <span class='ocrx_word' id='word_1_104' title='bbox 1632 1197 1740 1246; x_wconf 81' lang='lat' dir='ltr'><strong>vitio</strong></span> 
     </span>
     <span class='ocr_line' id='line_1_15' title="bbox 264 1273 1742 1340; baseline -0.001 -18"><span class='ocrx_word' id='word_1_105' title='bbox 264 1293 318 1322; x_wconf 88' lang='lat' dir='ltr'><strong>ea</strong></span> <span class='ocrx_word' id='word_1_106' title='bbox 351 1274 518 1322; x_wconf 90' lang='lat' dir='ltr'><strong>laboret</strong></span> <span class='ocrx_word' id='word_1_107' title='bbox 558 1273 874 1330; x_wconf 89' lang='lat' dir='ltr'><strong>substantiali,</strong></span> <span class='ocrx_word' id='word_1_108' title='bbox 912 1284 961 1321; x_wconf 91' lang='lat' dir='ltr'><strong>ut</strong></span> <span class='ocrx_word' id='word_1_109' title='bbox 993 1273 1144 1331; x_wconf 93' lang='lat' dir='ltr'><strong>aiunt,</strong></span> <span class='ocrx_word' id='word_1_110' title='bbox 1185 1273 1269 1322; x_wconf 92' lang='lat' dir='ltr'><strong>hoc</strong></span> <span class='ocrx_word' id='word_1_111' title='bbox 1303 1274 1401 1340; x_wconf 88' lang='lat' dir='ltr'><strong>ipso</strong></span> <span class='ocrx_word' id='word_1_112' title='bbox 1436 1292 1524 1323; x_wconf 91' lang='lat' dir='ltr'><strong>non</strong></span> <span class='ocrx_word' id='word_1_113' title='bbox 1558 1284 1742 1338; x_wconf 78' lang='lat' dir='ltr'><strong>exurgat</strong></span> 
     </span>
     <span class='ocr_line' id='line_1_16' title="bbox 263 1349 1741 1413; baseline -0.002 -14"><span class='ocrx_word' id='word_1_114' title='bbox 263 1367 345 1400; x_wconf 85' lang='lat' dir='ltr'><strong>seu</strong></span> <span class='ocrx_word' id='word_1_115' title='bbox 379 1367 466 1397; x_wconf 92' lang='lat' dir='ltr'><strong>non</strong></span> <span class='ocrx_word' id='word_1_116' title='bbox 500 1349 755 1397; x_wconf 87' lang='lat' dir='ltr'><strong>conficiatur</strong></span> <span class='ocrx_word' id='word_1_117' title='bbox 790 1359 1141 1406; x_wconf 89' lang='lat' dir='ltr'><strong>sacramentum;</strong></span> <span class='ocrx_word' id='word_1_118' title='bbox 1180 1359 1257 1397; x_wconf 91' lang='lat' dir='ltr'><strong>aut</strong></span> <span class='ocrx_word' id='word_1_119' title='bbox 1287 1349 1326 1397; x_wconf 92' lang='lat' dir='ltr'><strong>si</strong></span> <span class='ocrx_word' id='word_1_120' title='bbox 1349 1349 1495 1413; x_wconf 84' lang='lat' dir='ltr'><strong>agitur</strong></span> <span class='ocrx_word' id='word_1_121' title='bbox 1517 1349 1574 1397; x_wconf 90' lang='lat' dir='ltr'><strong>de</strong></span> <span class='ocrx_word' id='word_1_122' title='bbox 1597 1366 1741 1397; x_wconf 89' lang='lat' dir='ltr'><strong>sacra-</strong></span> 
     </span>
     <span class='ocr_line' id='line_1_17' title="bbox 263 1424 1738 1491; baseline -0.001 -17"><span class='ocrx_word' id='word_1_123' title='bbox 263 1426 422 1474; x_wconf 89' lang='lat' dir='ltr'><strong>mentis</strong></span> <span class='ocrx_word' id='word_1_124' title='bbox 451 1424 813 1491; x_wconf 88' lang='lat' dir='ltr'><strong>permanentibus</strong></span> <span class='ocrx_word' id='word_1_125' title='bbox 830 1462 840 1481; x_wconf 92' lang='lat'><strong>,</strong></span> <span class='ocrx_word' id='word_1_126' title='bbox 879 1425 942 1472; x_wconf 91' lang='lat' dir='ltr'><strong>uti</strong></span> <span class='ocrx_word' id='word_1_127' title='bbox 976 1425 1271 1483; x_wconf 89' lang='lat' dir='ltr'><strong>eucharistia,</strong></span> <span class='ocrx_word' id='word_1_128' title='bbox 1310 1425 1529 1491; x_wconf 89' lang='lat' dir='ltr'><strong>corruptis</strong></span> <span class='ocrx_word' id='word_1_129' title='bbox 1566 1425 1738 1490; x_wconf 85' lang='lat' dir='ltr'><strong>specie-</strong></span> 
     </span>
     <span class='ocr_line' id='line_1_18' title="bbox 259 1500 1739 1566; baseline -0.001 -16"><span class='ocrx_word' id='word_1_130' title='bbox 259 1501 370 1559; x_wconf 86' lang='lat' dir='ltr'><strong>bus,</strong></span> <span class='ocrx_word' id='word_1_131' title='bbox 405 1512 730 1550; x_wconf 88' lang='lat' dir='ltr'><strong>sacramentum</strong></span> <span class='ocrx_word' id='word_1_132' title='bbox 763 1518 864 1548; x_wconf 90' lang='lat' dir='ltr'><strong>esse</strong></span> <span class='ocrx_word' id='word_1_133' title='bbox 896 1500 1061 1548; x_wconf 90' lang='lat' dir='ltr'><strong>desinit</strong></span> <span class='ocrx_word' id='word_1_134' title='bbox 1093 1502 1290 1566; x_wconf 90' lang='lat' dir='ltr'><strong>corporis</strong></span> <span class='ocrx_word' id='word_1_135' title='bbox 1313 1512 1358 1550; x_wconf 92' lang='lat' dir='ltr'><strong>et</strong></span> <span class='ocrx_word' id='word_1_136' title='bbox 1390 1501 1628 1566; x_wconf 84' lang='lat' dir='ltr'><strong>sanguinis</strong></span> <span class='ocrx_word' id='word_1_137' title='bbox 1651 1501 1739 1549; x_wconf 91' lang='lat' dir='ltr'><strong>Do-</strong></span> 
     </span>
     <span class='ocr_line' id='line_1_19' title="bbox 259 1576 1734 1643; baseline -0.001 -17"><span class='ocrx_word' id='word_1_138' title='bbox 259 1579 385 1626; x_wconf 90' lang='lat' dir='ltr'><strong>mini.</strong></span> <span class='ocrx_word' id='word_1_139' title='bbox 432 1579 609 1643; x_wconf 90' lang='lat' dir='ltr'><strong>ltaque,</strong></span> <span class='ocrx_word' id='word_1_140' title='bbox 657 1576 1032 1643; x_wconf 90' lang='lat' dir='ltr'><strong>quemadmodum</strong></span> <span class='ocrx_word' id='word_1_141' title='bbox 1075 1588 1278 1625; x_wconf 89' lang='lat' dir='ltr'><strong>cessante</strong></span> <span class='ocrx_word' id='word_1_142' title='bbox 1323 1578 1483 1626; x_wconf 91' lang='lat' dir='ltr'><strong>idonea</strong></span> <span class='ocrx_word' id='word_1_143' title='bbox 1518 1578 1703 1625; x_wconf 87' lang='lat' dir='ltr'><strong>materia</strong></span> <span class='ocrx_word' id='word_1_144' title='bbox 1722 1614 1734 1632; x_wconf 89' lang='lat'><strong>,</strong></span> 
     </span>
     <span class='ocr_line' id='line_1_20' title="bbox 260 1651 1739 1710; baseline -0.001 -9"><span class='ocrx_word' id='word_1_145' title='bbox 260 1653 426 1702; x_wconf 82' lang='lat' dir='ltr'><strong>desinit</strong></span> <span class='ocrx_word' id='word_1_146' title='bbox 451 1670 552 1701; x_wconf 91' lang='lat' dir='ltr'><strong>esse</strong></span> <span class='ocrx_word' id='word_1_147' title='bbox 582 1663 905 1700; x_wconf 87' lang='lat' dir='ltr'><strong>sacramentum</strong></span> <span class='ocrx_word' id='word_1_148' title='bbox 920 1689 930 1709; x_wconf 93' lang='lat'><strong>,</strong></span> <span class='ocrx_word' id='word_1_149' title='bbox 959 1651 1035 1709; x_wconf 90' lang='lat' dir='ltr'><strong>ita,</strong></span> <span class='ocrx_word' id='word_1_150' title='bbox 1056 1662 1259 1700; x_wconf 89' lang='lat' dir='ltr'><strong>cessante</strong></span> <span class='ocrx_word' id='word_1_151' title='bbox 1282 1664 1574 1710; x_wconf 85' lang='lat' dir='ltr'><strong>sacramento,</strong></span> <span class='ocrx_word' id='word_1_152' title='bbox 1597 1663 1739 1700; x_wconf 84' lang='lat' dir='ltr'><strong>mate·-</strong></span> 
     </span>
     <span class='ocr_line' id='line_1_21' title="bbox 260 1728 1741 1786; baseline -0.002 -9"><span class='ocrx_word' id='word_1_153' title='bbox 260 1730 327 1778; x_wconf 86' lang='lat' dir='ltr'><strong>ria</strong></span> <span class='ocrx_word' id='word_1_154' title='bbox 343 1729 503 1778; x_wconf 89' lang='lat' dir='ltr'><strong>idonea</strong></span> <span class='ocrx_word' id='word_1_155' title='bbox 527 1741 693 1786; x_wconf 91' lang='lat' dir='ltr'><strong>cesset,</strong></span> <span class='ocrx_word' id='word_1_156' title='bbox 722 1739 797 1776; x_wconf 90' lang='lat' dir='ltr'><strong>aut</strong></span> <span class='ocrx_word' id='word_1_157' title='bbox 820 1745 1023 1776; x_wconf 89' lang='lat' dir='ltr'><strong>cessasse</strong></span> <span class='ocrx_word' id='word_1_158' title='bbox 1047 1745 1231 1776; x_wconf 89' lang='lat' dir='ltr'><strong>necesse</strong></span> <span class='ocrx_word' id='word_1_159' title='bbox 1253 1739 1335 1776; x_wconf 90' lang='lat' dir='ltr'><strong>est.</strong></span> <span class='ocrx_word' id='word_1_160' title='bbox 1360 1729 1415 1776; x_wconf 92' lang='lat' dir='ltr'><strong>Ut</strong></span> <span class='ocrx_word' id='word_1_161' title='bbox 1437 1728 1554 1776; x_wconf 91' lang='lat' dir='ltr'><strong>hanc</strong></span> <span class='ocrx_word' id='word_1_162' title='bbox 1577 1728 1741 1777; x_wconf 84' lang='lat' dir='ltr'><strong>doctri-</strong></span> 
     </span>
     <span class='ocr_line' id='line_1_22' title="bbox 261 1804 1736 1871; baseline -0.001 -18"><span class='ocrx_word' id='word_1_163' title='bbox 261 1823 364 1854; x_wconf 90' lang='lat' dir='ltr'><strong>nam</strong></span> <span class='ocrx_word' id='word_1_164' title='bbox 382 1823 483 1853; x_wconf 90' lang='lat' dir='ltr'><strong>cum</strong></span> <span class='ocrx_word' id='word_1_165' title='bbox 501 1823 608 1854; x_wconf 89' lang='lat' dir='ltr'><strong>casu</strong></span> <span class='ocrx_word' id='word_1_166' title='bbox 634 1822 767 1870; x_wconf 90' lang='lat' dir='ltr'><strong>quem</strong></span> <span class='ocrx_word' id='word_1_167' title='bbox 786 1823 892 1871; x_wconf 90' lang='lat' dir='ltr'><strong>prae</strong></span> <span class='ocrx_word' id='word_1_168' title='bbox 914 1805 1120 1852; x_wconf 90' lang='lat' dir='ltr'><strong>manibus</strong></span> <span class='ocrx_word' id='word_1_169' title='bbox 1145 1804 1362 1853; x_wconf 90' lang='lat' dir='ltr'><strong>habemus</strong></span> <span class='ocrx_word' id='word_1_170' title='bbox 1387 1805 1736 1869; x_wconf 89' lang='lat' dir='ltr'><strong>coniungamus,</strong></span> 
     </span>
     <span class='ocr_line' id='line_1_23' title="bbox 265 1882 1740 1948; baseline -0.001 -17"><span class='ocrx_word' id='word_1_171' title='bbox 265 1883 303 1932; x_wconf 92' lang='lat' dir='ltr'><strong>si</strong></span> <span class='ocrx_word' id='word_1_172' title='bbox 325 1899 605 1948; x_wconf 89' lang='lat' dir='ltr'><strong>quacumque</strong></span> <span class='ocrx_word' id='word_1_173' title='bbox 629 1900 683 1930; x_wconf 88' lang='lat' dir='ltr'><strong>ex</strong></span> <span class='ocrx_word' id='word_1_174' title='bbox 706 1900 843 1931; x_wconf 90' lang='lat' dir='ltr'><strong>causa</strong></span> <span class='ocrx_word' id='word_1_175' title='bbox 876 1882 1126 1946; x_wconf 88' lang='lat' dir='ltr'><strong>contingat,</strong></span> <span class='ocrx_word' id='word_1_176' title='bbox 1164 1893 1214 1930; x_wconf 88' lang='lat' dir='ltr'><strong>ut</strong></span> <span class='ocrx_word' id='word_1_177' title='bbox 1246 1893 1323 1930; x_wconf 90' lang='lat' dir='ltr'><strong>aut</strong></span> <span class='ocrx_word' id='word_1_178' title='bbox 1356 1900 1443 1931; x_wconf 90' lang='lat' dir='ltr'><strong>non</strong></span> <span class='ocrx_word' id='word_1_179' title='bbox 1480 1882 1558 1929; x_wconf 85' lang='lat' dir='ltr'><strong>fiat</strong></span> <span class='ocrx_word' id='word_1_180' title='bbox 1591 1899 1740 1929; x_wconf 87' lang='lat' dir='ltr'><strong>sacra-</strong></span> 
     </span>
     <span class='ocr_line' id='line_1_24' title="bbox 260 1958 1742 2016; baseline -0.001 -9"><span class='ocrx_word' id='word_1_181' title='bbox 260 1969 485 2016; x_wconf 90' lang='lat' dir='ltr'><strong>mentum,</strong></span> <span class='ocrx_word' id='word_1_182' title='bbox 524 1970 600 2007; x_wconf 89' lang='lat' dir='ltr'><strong>aut</strong></span> <span class='ocrx_word' id='word_1_183' title='bbox 623 1960 663 2007; x_wconf 92' lang='lat' dir='ltr'><strong>si</strong></span> <span class='ocrx_word' id='word_1_184' title='bbox 686 1959 850 2007; x_wconf 84' lang='lat' dir='ltr'><strong>factum</strong></span> <span class='ocrx_word' id='word_1_185' title='bbox 884 1959 962 2016; x_wconf 90' lang='lat' dir='ltr'><strong>sit,</strong></span> <span class='ocrx_word' id='word_1_186' title='bbox 1002 1970 1148 2007; x_wconf 89' lang='lat' dir='ltr'><strong>cesset</strong></span> <span class='ocrx_word' id='word_1_187' title='bbox 1180 1959 1445 2007; x_wconf 89' lang='lat' dir='ltr'><strong>sacramenti</strong></span> <span class='ocrx_word' id='word_1_188' title='bbox 1481 1958 1617 2015; x_wconf 88' lang='lat' dir='ltr'><strong>ratio,</strong></span> <span class='ocrx_word' id='word_1_189' title='bbox 1646 1975 1742 2005; x_wconf 90' lang='lat' dir='ltr'><strong>ma-</strong></span> 
     </span>
     <span class='ocr_line' id='line_1_25' title="bbox 260 2035 1741 2102; baseline -0.003 -18"><span class='ocrx_word' id='word_1_190' title='bbox 260 2036 370 2084; x_wconf 83' lang='lat' dir='ltr'><strong>teria</strong></span> <span class='ocrx_word' id='word_1_191' title='bbox 407 2035 600 2102; x_wconf 88' lang='lat' dir='ltr'><strong>amplius</strong></span> <span class='ocrx_word' id='word_1_192' title='bbox 641 2053 729 2084; x_wconf 90' lang='lat' dir='ltr'><strong>non</strong></span> <span class='ocrx_word' id='word_1_193' title='bbox 771 2035 1003 2092; x_wconf 73' lang='lat' dir='ltr'><strong>subsistit,</strong></span> <span class='ocrx_word' id='word_1_194' title='bbox 1047 2035 1086 2083; x_wconf 91' lang='lat' dir='ltr'><strong>si</strong></span> <span class='ocrx_word' id='word_1_195' title='bbox 1125 2035 1172 2082; x_wconf 91' lang='lat' dir='ltr'><strong>in</strong></span> <span class='ocrx_word' id='word_1_196' title='bbox 1211 2035 1519 2092; x_wconf 89' lang='lat' dir='ltr'><strong>matrimonio,</strong></span> <span class='ocrx_word' id='word_1_197' title='bbox 1568 2044 1646 2082; x_wconf 88' lang='lat' dir='ltr'><strong>aut</strong></span> <span class='ocrx_word' id='word_1_198' title='bbox 1687 2052 1741 2081; x_wconf 85' lang='lat' dir='ltr'><strong>ex</strong></span> 
     </span>
     <span class='ocr_line' id='line_1_26' title="bbox 256 2110 1735 2174; baseline -0.002 -14"><span class='ocrx_word' id='word_1_199' title='bbox 256 2112 430 2174; x_wconf 72' lang='lat' dir='ltr'><strong>defectu</strong></span> <span class='ocrx_word' id='word_1_200' title='bbox 475 2129 721 2160; x_wconf 86' lang='lat' dir='ltr'><strong>consensus</strong></span> <span class='ocrx_word' id='word_1_201' title='bbox 741 2150 751 2169; x_wconf 95' lang='lat'><strong>,</strong></span> <span class='ocrx_word' id='word_1_202' title='bbox 795 2122 873 2160; x_wconf 90' lang='lat' dir='ltr'><strong>aut</strong></span> <span class='ocrx_word' id='word_1_203' title='bbox 910 2130 963 2159; x_wconf 82' lang='lat' dir='ltr'><strong>ex</strong></span> <span class='ocrx_word' id='word_1_204' title='bbox 1003 2111 1179 2160; x_wconf 90' lang='lat' dir='ltr'><strong>defectu</strong></span> <span class='ocrx_word' id='word_1_205' title='bbox 1212 2111 1402 2159; x_wconf 92' lang='lat' dir='ltr'><strong>alicuius</strong></span> <span class='ocrx_word' id='word_1_206' title='bbox 1436 2110 1735 2165; x_wconf 88' lang='lat' dir='ltr'><strong>conditionis,</strong></span> 
     </span>
     <span class='ocr_line' id='line_1_27' title="bbox 258 2186 1738 2252; baseline -0.002 -18"><span class='ocrx_word' id='word_1_207' title='bbox 258 2205 474 2252; x_wconf 87' lang='lat' dir='ltr'><strong>personae</strong></span> <span class='ocrx_word' id='word_1_208' title='bbox 496 2187 683 2235; x_wconf 90' lang='lat' dir='ltr'><strong>idoneae</strong></span> <span class='ocrx_word' id='word_1_209' title='bbox 712 2205 801 2236; x_wconf 92' lang='lat' dir='ltr'><strong>non</strong></span> <span class='ocrx_word' id='word_1_210' title='bbox 827 2187 916 2236; x_wconf 91' lang='lat' dir='ltr'><strong>sint</strong></span> <span class='ocrx_word' id='word_1_211' title='bbox 939 2187 997 2235; x_wconf 90' lang='lat' dir='ltr'><strong>ad</strong></span> <span class='ocrx_word' id='word_1_212' title='bbox 1020 2187 1216 2252; x_wconf 82' lang='lat' dir='ltr'><strong>legitime</strong></span> <span class='ocrx_word' id='word_1_213' title='bbox 1241 2186 1589 2235; x_wconf 89' lang='lat' dir='ltr'><strong>contrahendum</strong></span> <span class='ocrx_word' id='word_1_214' title='bbox 1609 2224 1619 2242; x_wconf 94' lang='lat'><strong>,</strong></span> <span class='ocrx_word' id='word_1_215' title='bbox 1657 2201 1738 2232; x_wconf 91' lang='lat' dir='ltr'><strong>nec</strong></span> 
     </span>
     <span class='ocr_line' id='line_1_28' title="bbox 259 2260 1733 2329; baseline -0.002 -19"><span class='ocrx_word' id='word_1_216' title='bbox 259 2262 450 2311; x_wconf 87' lang='lat' dir='ltr'><strong>efficitur</strong></span> <span class='ocrx_word' id='word_1_217' title='bbox 467 2273 793 2312; x_wconf 87' lang='lat' dir='ltr'><strong>sacramentum</strong></span> <span class='ocrx_word' id='word_1_218' title='bbox 808 2302 818 2322; x_wconf 91' lang='lat'><strong>,</strong></span> <span class='ocrx_word' id='word_1_219' title='bbox 840 2281 986 2329; x_wconf 90' lang='lat' dir='ltr'><strong>neque</strong></span> <span class='ocrx_word' id='word_1_220' title='bbox 1002 2262 1095 2311; x_wconf 94' lang='lat' dir='ltr'><strong>ullo</strong></span> <span class='ocrx_word' id='word_1_221' title='bbox 1112 2262 1243 2311; x_wconf 90' lang='lat' dir='ltr'><strong>modo</strong></span> <span class='ocrx_word' id='word_1_222' title='bbox 1261 2271 1511 2311; x_wconf 90' lang='lat' dir='ltr'><strong>contractus</strong></span> <span class='ocrx_word' id='word_1_223' title='bbox 1530 2260 1733 2309; x_wconf 89' lang='lat' dir='ltr'><strong>habetur.</strong></span> 
     </span>
    </p>
   </div>
   <div class='ocr_carea' id='block_1_3' title="bbox 254 2450 1740 2863">
    <p class='ocr_par' dir='ltr' id='par_1_5' title="bbox 349 2450 1493 2494">
     <span class='ocr_line' id='line_1_29' title="bbox 349 2450 1493 2494; baseline -0.003 -9"><span class='ocrx_word' id='word_1_224' title='bbox 349 2451 416 2492; x_wconf 86' lang='lat'>(15)</span> <span class='ocrx_word' id='word_1_225' title='bbox 437 2451 488 2485; x_wconf 78' lang='lat' dir='ltr'><strong>Cf.</strong></span> <span class='ocrx_word' id='word_1_226' title='bbox 503 2453 561 2485; x_wconf 76' lang='lat' dir='ltr'><strong>Pii</strong></span> <span class='ocrx_word' id='word_1_227' title='bbox 574 2453 642 2486; x_wconf 88' lang='lat' dir='ltr'><strong>IX.</strong></span> <span class='ocrx_word' id='word_1_228' title='bbox 657 2450 834 2494; x_wconf 76' lang='lat' dir='ltr'><strong>pontificis</strong></span> <span class='ocrx_word' id='word_1_229' title='bbox 849 2453 998 2485; x_wconf 70' lang='lat' dir='ltr'><strong>maxim</strong></span> <span class='ocrx_word' id='word_1_230' title='bbox 1012 2453 1100 2485; x_wconf 74' lang='lat' dir='ltr'><strong>Acca</strong></span> <span class='ocrx_word' id='word_1_231' title='bbox 1114 2453 1197 2493; x_wconf 81' lang='lat' dir='ltr'><strong>part.</strong></span> <span class='ocrx_word' id='word_1_232' title='bbox 1213 2453 1240 2484; x_wconf 90' lang='lat'><strong>1.</strong></span> <span class='ocrx_word' id='word_1_233' title='bbox 1256 2460 1330 2492; x_wconf 85' lang='lat' dir='ltr'><strong>pag.</strong></span> <span class='ocrx_word' id='word_1_234' title='bbox 1349 2454 1409 2484; x_wconf 77' lang='grc'><strong>392</strong></span> <span class='ocrx_word' id='word_1_235' title='bbox 1422 2458 1493 2490; x_wconf 83' lang='lat' dir='ltr'><strong>seq.</strong></span> 
     </span>
    </p>

    <p class='ocr_par' dir='ltr' id='par_1_6' title="bbox 254 2501 1740 2863">
     <span class='ocr_line' id='line_1_30' title="bbox 351 2501 1736 2546; baseline -0.002 -9"><span class='ocrx_word' id='word_1_236' title='bbox 351 2503 417 2545; x_wconf 84' lang='grc'>(16)</span> <span class='ocrx_word' id='word_1_237' title='bbox 438 2506 486 2537; x_wconf 84' lang='lat' dir='ltr'><strong>Ex</strong></span> <span class='ocrx_word' id='word_1_238' title='bbox 511 2505 562 2538; x_wconf 82' lang='lat' dir='ltr'><strong>his</strong></span> <span class='ocrx_word' id='word_1_239' title='bbox 586 2505 704 2538; x_wconf 81' lang='lat' dir='ltr'><strong>iterum</strong></span> <span class='ocrx_word' id='word_1_240' title='bbox 723 2506 812 2546; x_wconf 72' lang='lat' dir='ltr'><strong>patet</strong></span> <span class='ocrx_word' id='word_1_241' title='bbox 834 2505 1028 2538; x_wconf 75' lang='lat' dir='ltr'><strong>sententiam</strong></span> <span class='ocrx_word' id='word_1_242' title='bbox 1050 2505 1132 2537; x_wconf 85' lang='lat' dir='ltr'><strong>cani</strong></span> <span class='ocrx_word' id='word_1_243' title='bbox 1154 2504 1244 2536; x_wconf 83' lang='lat' dir='ltr'><strong>illam</strong></span> <span class='ocrx_word' id='word_1_244' title='bbox 1259 2503 1547 2545; x_wconf 80' lang='lat' dir='ltr'><strong>probabilitatem</strong></span> <span class='ocrx_word' id='word_1_245' title='bbox 1566 2501 1736 2542; x_wconf 80' lang='lat' dir='ltr'><strong>amisisse,</strong></span> 
     </span>
     <span class='ocr_line' id='line_1_31' title="bbox 256 2554 1740 2599; baseline 0 -12"><span class='ocrx_word' id='word_1_246' title='bbox 256 2563 355 2596; x_wconf 78' lang='lat' dir='ltr'><strong>quam</strong></span> <span class='ocrx_word' id='word_1_247' title='bbox 370 2556 490 2590; x_wconf 85' lang='lat' dir='ltr'><strong>Bened.</strong></span> <span class='ocrx_word' id='word_1_248' title='bbox 507 2559 593 2591; x_wconf 74' lang='lat' dir='ltr'><strong>XIV.</strong></span> <span class='ocrx_word' id='word_1_249' title='bbox 609 2558 646 2590; x_wconf 86' lang='lat' dir='ltr'><strong>ut</strong></span> <span class='ocrx_word' id='word_1_250' title='bbox 658 2557 806 2599; x_wconf 79' lang='lat' dir='ltr'><strong>privatus</strong></span> <span class='ocrx_word' id='word_1_251' title='bbox 821 2556 936 2590; x_wconf 85' lang='lat' dir='ltr'><strong>doctor</strong></span> <span class='ocrx_word' id='word_1_252' title='bbox 953 2557 987 2589; x_wconf 89' lang='lat' dir='ltr'><strong>in</strong></span> <span class='ocrx_word' id='word_1_253' title='bbox 1000 2556 1057 2589; x_wconf 88' lang='lat' dir='ltr'><strong>cit.</strong></span> <span class='ocrx_word' id='word_1_254' title='bbox 1072 2565 1170 2598; x_wconf 86' lang='lat' dir='ltr'><strong>opere</strong></span> <span class='ocrx_word' id='word_1_255' title='bbox 1183 2558 1233 2590; x_wconf 84' lang='lat' dir='ltr'><strong>De</strong></span> <span class='ocrx_word' id='word_1_256' title='bbox 1247 2555 1375 2598; x_wconf 77' lang='lat' dir='ltr'><strong>synodo</strong></span> <span class='ocrx_word' id='word_1_257' title='bbox 1387 2563 1460 2588; x_wconf 79' lang='lat' dir='ltr'><strong>eam</strong></span> <span class='ocrx_word' id='word_1_258' title='bbox 1473 2554 1591 2587; x_wconf 83' lang='lat' dir='ltr'><strong>habere</strong></span> <span class='ocrx_word' id='word_1_259' title='bbox 1605 2554 1740 2596; x_wconf 83' lang='lat' dir='ltr'><strong>scripse·</strong></span> 
     </span>
     <span class='ocr_line' id='line_1_32' title="bbox 255 2607 1739 2651; baseline 0.001 -12"><span class='ocrx_word' id='word_1_260' title='bbox 255 2607 324 2648; x_wconf 82' lang='lat' dir='ltr'><strong>rat,</strong></span> <span class='ocrx_word' id='word_1_261' title='bbox 343 2609 381 2640; x_wconf 90' lang='lat' dir='ltr'><strong>ut</strong></span> <span class='ocrx_word' id='word_1_262' title='bbox 401 2611 529 2643; x_wconf 78' lang='lat' dir='ltr'><strong>constat</strong></span> <span class='ocrx_word' id='word_1_263' title='bbox 543 2618 584 2643; x_wconf 83' lang='lat' dir='ltr'><strong>ex</strong></span> <span class='ocrx_word' id='word_1_264' title='bbox 599 2608 748 2643; x_wconf 75' lang='lat' dir='ltr'><strong>doctrina</strong></span> <span class='ocrx_word' id='word_1_265' title='bbox 762 2610 812 2643; x_wconf 88' lang='lat' dir='ltr'><strong>Pii</strong></span> <span class='ocrx_word' id='word_1_266' title='bbox 823 2610 926 2643; x_wconf 81' lang='lat' dir='ltr'><strong>VLin</strong></span> <span class='ocrx_word' id='word_1_267' title='bbox 938 2609 1057 2642; x_wconf 85' lang='lat' dir='ltr'><strong>litteris</strong></span> <span class='ocrx_word' id='word_1_268' title='bbox 1069 2609 1112 2641; x_wconf 81' lang='lat' dir='ltr'><strong>ad</strong></span> <span class='ocrx_word' id='word_1_269' title='bbox 1123 2609 1266 2651; x_wconf 76' lang='lat' dir='ltr'><strong>episcop.</strong></span> <span class='ocrx_word' id='word_1_270' title='bbox 1284 2608 1498 2641; x_wconf 82' lang='lat' dir='ltr'><strong>motulensem</strong></span> <span class='ocrx_word' id='word_1_271' title='bbox 1512 2607 1566 2640; x_wconf 84' lang='lat' dir='ltr'><strong>die</strong></span> <span class='ocrx_word' id='word_1_272' title='bbox 1584 2611 1633 2642; x_wconf 84' lang='lat'><strong>16.</strong></span> <span class='ocrx_word' id='word_1_273' title='bbox 1650 2609 1739 2649; x_wconf 88' lang='lat' dir='ltr'><strong>Sept.</strong></span> 
     </span>
     <span class='ocr_line' id='line_1_33' title="bbox 257 2661 1737 2705; baseline 0.001 -12"><span class='ocrx_word' id='word_1_274' title='bbox 257 2663 348 2694; x_wconf 83' lang='grc'>1788.</span> <span class='ocrx_word' id='word_1_275' title='bbox 365 2661 397 2693; x_wconf 84' lang='lat' dir='ltr'><strong>et</strong></span> <span class='ocrx_word' id='word_1_276' title='bbox 418 2662 453 2694; x_wconf 88' lang='lat' dir='ltr'><strong>in</strong></span> <span class='ocrx_word' id='word_1_277' title='bbox 471 2663 549 2696; x_wconf 80' lang='lat' dir='ltr'><strong>aliis</strong></span> <span class='ocrx_word' id='word_1_278' title='bbox 571 2663 658 2697; x_wconf 83' lang='lat' dir='ltr'><strong>datis</strong></span> <span class='ocrx_word' id='word_1_279' title='bbox 678 2664 720 2696; x_wconf 84' lang='lat' dir='ltr'><strong>ab</strong></span> <span class='ocrx_word' id='word_1_280' title='bbox 735 2663 850 2697; x_wconf 86' lang='lat' dir='ltr'><strong>eodem</strong></span> <span class='ocrx_word' id='word_1_281' title='bbox 874 2663 1025 2705; x_wconf 83' lang='lat' dir='ltr'><strong>pontifice</strong></span> <span class='ocrx_word' id='word_1_282' title='bbox 1051 2662 1095 2696; x_wconf 84' lang='lat' dir='ltr'><strong>ad</strong></span> <span class='ocrx_word' id='word_1_283' title='bbox 1117 2661 1270 2696; x_wconf 83' lang='lat' dir='ltr'><strong>carolum</strong></span> <span class='ocrx_word' id='word_1_284' title='bbox 1292 2661 1435 2704; x_wconf 86' lang='lat' dir='ltr'><strong>episcop.</strong></span> <span class='ocrx_word' id='word_1_285' title='bbox 1451 2661 1629 2702; x_wconf 81' lang='lat' dir='ltr'><strong>agriensem</strong></span> <span class='ocrx_word' id='word_1_286' title='bbox 1651 2661 1737 2703; x_wconf 79' lang='lat' dir='ltr'><strong>(suh</strong></span> 
     </span>
     <span class='ocr_line' id='line_1_34' title="bbox 255 2710 1737 2755; baseline 0.001 -11"><span class='ocrx_word' id='word_1_287' title='bbox 255 2710 379 2746; x_wconf 86' lang='lat' dir='ltr'><strong>ditione</strong></span> <span class='ocrx_word' id='word_1_288' title='bbox 393 2715 575 2753; x_wconf 72' lang='lat' dir='ltr'><strong>austriaca)</strong></span> <span class='ocrx_word' id='word_1_289' title='bbox 587 2715 640 2749; x_wconf 86' lang='lat' dir='ltr'><strong>die</strong></span> <span class='ocrx_word' id='word_1_290' title='bbox 657 2721 707 2750; x_wconf 87' lang='lat'><strong>11.</strong></span> <span class='ocrx_word' id='word_1_291' title='bbox 718 2716 795 2749; x_wconf 81' lang='lat' dir='ltr'><strong>Iulii</strong></span> <span class='ocrx_word' id='word_1_292' title='bbox 812 2719 902 2750; x_wconf 84' lang='lat'><strong>1789.</strong></span> <span class='ocrx_word' id='word_1_293' title='bbox 919 2716 1000 2749; x_wconf 84' lang='lat' dir='ltr'><strong>Item</strong></span> <span class='ocrx_word' id='word_1_294' title='bbox 1014 2723 1052 2748; x_wconf 82' lang='lat' dir='ltr'><strong>ex</strong></span> <span class='ocrx_word' id='word_1_295' title='bbox 1069 2714 1217 2748; x_wconf 84' lang='lat' dir='ltr'><strong>doctrina</strong></span> <span class='ocrx_word' id='word_1_296' title='bbox 1231 2714 1283 2747; x_wconf 87' lang='lat' dir='ltr'><strong>Pii</strong></span> <span class='ocrx_word' id='word_1_297' title='bbox 1295 2715 1383 2747; x_wconf 86' lang='lat' dir='ltr'><strong>vm.</strong></span> <span class='ocrx_word' id='word_1_298' title='bbox 1396 2715 1430 2747; x_wconf 90' lang='lat' dir='ltr'><strong>et</strong></span> <span class='ocrx_word' id='word_1_299' title='bbox 1441 2714 1587 2755; x_wconf 86' lang='lat' dir='ltr'><strong>Gregorii</strong></span> <span class='ocrx_word' id='word_1_300' title='bbox 1600 2715 1686 2747; x_wconf 86' lang='lat' dir='ltr'><strong>xvl.</strong></span> <span class='ocrx_word' id='word_1_301' title='bbox 1703 2713 1737 2746; x_wconf 84' lang='lat' dir='ltr'><strong>in</strong></span> 
     </span>
     <span class='ocr_line' id='line_1_35' title="bbox 254 2765 1733 2810; baseline 0 -12"><span class='ocrx_word' id='word_1_302' title='bbox 254 2765 385 2807; x_wconf 81' lang='lat' dir='ltr'><strong>negotio</strong></span> <span class='ocrx_word' id='word_1_303' title='bbox 398 2765 439 2799; x_wconf 84' lang='lat' dir='ltr'><strong>de</strong></span> <span class='ocrx_word' id='word_1_304' title='bbox 453 2768 668 2802; x_wconf 76' lang='lat' dir='ltr'><strong>matrimoniis</strong></span> <span class='ocrx_word' id='word_1_305' title='bbox 691 2768 804 2802; x_wconf 85' lang='lat' dir='ltr'><strong>mixtis</strong></span> <span class='ocrx_word' id='word_1_306' title='bbox 824 2777 900 2802; x_wconf 88' lang='lat' dir='ltr'><strong>cum</strong></span> <span class='ocrx_word' id='word_1_307' title='bbox 920 2777 995 2810; x_wconf 81' lang='lat' dir='ltr'><strong>rege</strong></span> <span class='ocrx_word' id='word_1_308' title='bbox 1014 2768 1184 2802; x_wconf 78' lang='lat' dir='ltr'><strong>Borussiae</strong></span> <span class='ocrx_word' id='word_1_309' title='bbox 1196 2792 1206 2810; x_wconf 89' lang='lat'><strong>,</strong></span> <span class='ocrx_word' id='word_1_310' title='bbox 1225 2776 1263 2801; x_wconf 85' lang='lat' dir='ltr'><strong>ac</strong></span> <span class='ocrx_word' id='word_1_311' title='bbox 1277 2767 1410 2800; x_wconf 83' lang='lat' dir='ltr'><strong>tandem</strong></span> <span class='ocrx_word' id='word_1_312' title='bbox 1425 2767 1548 2800; x_wconf 81' lang='lat' dir='ltr'><strong>clarius</strong></span> <span class='ocrx_word' id='word_1_313' title='bbox 1567 2766 1675 2799; x_wconf 79' lang='lat' dir='ltr'><strong>adhuc</strong></span> <span class='ocrx_word' id='word_1_314' title='bbox 1695 2775 1733 2798; x_wconf 80' lang='lat' dir='ltr'><strong>ex</strong></span> 
     </span>
     <span class='ocr_line' id='line_1_36' title="bbox 259 2815 1594 2863; baseline 0.006 -13"><span class='ocrx_word' id='word_1_315' title='bbox 259 2817 408 2852; x_wconf 79' lang='lat' dir='ltr'><strong>doctrina</strong></span> <span class='ocrx_word' id='word_1_316' title='bbox 420 2819 471 2855; x_wconf 83' lang='lat' dir='ltr'><strong>Pii</strong></span> <span class='ocrx_word' id='word_1_317' title='bbox 485 2822 540 2855; x_wconf 83' lang='lat' dir='ltr'><strong>lx.</strong></span> <span class='ocrx_word' id='word_1_318' title='bbox 553 2830 652 2863; x_wconf 80' lang='lat' dir='ltr'><strong>quam</strong></span> <span class='ocrx_word' id='word_1_319' title='bbox 671 2822 725 2856; x_wconf 84' lang='lat' dir='ltr'><strong>hic</strong></span> <span class='ocrx_word' id='word_1_320' title='bbox 738 2823 772 2856; x_wconf 84' lang='lat' dir='ltr'><strong>et</strong></span> <span class='ocrx_word' id='word_1_321' title='bbox 783 2821 863 2856; x_wconf 82' lang='lat' dir='ltr'><strong>alibi</strong></span> <span class='ocrx_word' id='word_1_322' title='bbox 876 2818 1062 2857; x_wconf 78' lang='lat' dir='ltr'><strong>retulimus.</strong></span> <span class='ocrx_word' id='word_1_323' title='bbox 1592 2815 1594 2818; x_wconf 53' lang='grc'>’</span> 
     </span>
    </p>
   </div>
  </div>
 </body>
</html>
