1918 3186
195 210 285 242 ων.
304 208 658 242 iv.1·-:xrnNn.Anc.
675 209 726 240 nr„
743 207 834 240 um.
850 208 964 240 sien.
984 209 1076 240 ΑΜ.
1093 208 1155 241 111.
1172 208 1268 240 Aac.
1285 208 1433 240 τιιεοι.
1500 193 1590 239 123

132 298 369 352 antequam
403 287 653 349 coniugium
687 286 837 332 ineant
870 287 1185 334 conscientiam
1220 303 1247 333 a
1279 286 1464 333 maculis
1498 287 1595 332 suis

131 363 402 426 abstergunt.
426 362 552 418 Quod
571 362 610 408 si
631 378 780 409 revera
806 372 1080 425 peccatorum
1106 362 1280 410 sarcina
1303 362 1468 425 gravati
1492 378 1597 410 con-

132 438 299 501 iugium
322 437 567 493 celebrant,
587 436 959 502 quemadmodum
983 454 1071 484 non
1095 438 1226 501 pauci
1250 438 1402 485 eadem
1427 438 1596 485 ratione

132 513 239 560 illud
274 513 538 560 contrahunt
571 513 702 560 etiam
736 529 882 559 coram
918 513 1169 569 sacerdote,
1208 530 1308 560 cum
1344 524 1497 577 postea
1530 530 1597 560 re-

132 589 371 652 sipiscunt,
395 588 525 635 etiam
550 588 633 635 hoc
657 588 935 650 sacrilegium
954 587 998 633 in
1017 588 1292 636 consessione
1316 606 1416 636 cum
1439 589 1596 636 ceteris

132 663 319 727 piaculis
354 663 572 727 aperiunt.
600 663 785 710 Demum
814 663 1116 711 animadverto
1150 663 1280 711 rudes
1315 664 1515 712 homines
1549 675 1599 711 ut

131 739 369 803 plurimum
393 740 533 802 magis
558 739 675 786 affici
699 739 772 795 iis,
794 757 908 804 quae
931 756 1091 786 sensus
1117 740 1383 803 percellunt,
1413 751 1462 787 ut
1485 740 1596 788 ritus

132 814 317 862 exterior
350 815 589 862 sacerdotis
606 853 615 871 ,
644 832 774 879 quam
805 815 882 870 iis,
911 833 1025 879 quae
1049 815 1145 862 sola
1169 815 1256 862 fide
1279 827 1591 878 agnoscuntur.

226 891 378 955 Neque
411 891 534 938 deest
558 891 603 936 in
628 891 832 954 coniugio
865 891 1207 939 christianorum
1240 891 1439 948 verbum,
1478 893 1597 956 quod

133 965 299 1012 accedit
331 965 387 1012 ad
422 965 707 1022 elementum,
735 976 784 1012 ut
812 965 889 1012 fiat
923 976 1269 1022 sacramentum,
1297 977 1426 1030 prout
1448 967 1598 1014 docuit

133 1057 171 1087 s.
195 1040 481 1103 Augustinus.
505 1041 677 1087 Etenim
710 1040 893 1087 verbum
918 1040 1002 1088 hoc
1025 1052 1092 1088 est
1113 1058 1356 1089 consensus
1373 1079 1383 1097 ,
1410 1041 1599 1089 elemen-

131 1126 225 1162 tum
256 1126 360 1162 sunt
392 1116 492 1180 ipsa
525 1116 873 1163 contrahentium
909 1134 1121 1181 corpora,
1159 1135 1275 1182 quae
1298 1118 1383 1165 sibi
1408 1118 1596 1166 invicem

133 1191 197 1238 illi
230 1192 431 1248 tradunt,
468 1203 619 1256 utpote
650 1193 832 1239 materia
866 1194 1129 1239 sacramenti
1162 1195 1278 1255 (32).
1311 1194 1422 1241 Huic
1451 1206 1596 1242 autem

132 1268 427 1316 coniunctioni
471 1268 689 1324 maritali,
728 1279 777 1315 ut
816 1269 1034 1324 diximus,
1073 1270 1254 1316 insitum
1288 1280 1355 1316 est
1388 1270 1592 1332 signum,

63 1333 69 1338 ,
132 1343 251 1407 quod
287 1343 417 1391 refert
449 1344 799 1391 coniunctionem
834 1343 999 1390 Christi
1024 1361 1123 1390 cum
1147 1343 1333 1391 ecclesia
1357 1361 1407 1391 ex
1433 1344 1595 1393 Christi

133 1419 431 1474 institutione,
460 1420 559 1482 qui,
583 1419 688 1465 dum
712 1418 952 1466 contractui
978 1418 1166 1466 naturali
1196 1420 1381 1481 gratiam
1415 1420 1591 1476 adiecit,

134 1512 185 1540 ex
220 1493 403 1558 profano
437 1511 612 1542 sacrum
647 1493 816 1549 effecit,
844 1504 887 1540 et
909 1493 965 1541 ad
999 1510 1094 1541 eam
1129 1494 1466 1557 significandam
1495 1506 1595 1543 eum

133 1568 365 1616 ordinavit.

228 1644 342 1691 Hinc
373 1645 505 1691 etiam
539 1655 668 1709 patet
691 1663 744 1693 ea
778 1646 929 1694 verba:
958 1648 1050 1709 qu
1088 1657 1124 1693 te
1157 1648 1319 1710 accipio
1352 1649 1398 1693 in
1430 1665 1588 1702 meam,

134 1720 234 1767 licet
256 1721 451 1785 undique
471 1721 689 1769 naturalia
707 1723 795 1769 sint
810 1761 819 1778 ,
841 1733 890 1770 ut
905 1723 966 1770 ait
983 1722 1129 1770 Canus
1146 1761 1155 1779 ‚
1179 1724 1217 1770 si
1235 1740 1312 1787 per
1331 1741 1380 1771 se
1395 1734 1595 1787 specten-

135 1805 232 1850 tur,
269 1813 295 1842 a
329 1795 535 1844 fidelibus
576 1807 721 1844 tamen
757 1797 925 1861 prolata
959 1798 1126 1862 aliquid
1161 1799 1494 1862 supernaturale
1526 1798 1595 1844 in-

136 1871 268 1917 situm
292 1871 455 1920 habere
470 1911 480 1930 ‚
508 1873 708 1938 adeoque
731 1874 873 1922 verba·
888 1892 1016 1922 sacra
1040 1892 1140 1922 esse
1162 1891 1214 1921 ac
1238 1874 1588 1922 sacramentalia.

229 1945 514 1994 Verissimum
557 1959 623 1996 est
666 1949 848 1996 formam
890 1950 1153 1997 sacramenti
1186 1967 1286 1996 eum
1320 1949 1594 2013 spiritualem

136 2021 337 2067 effectum
362 2022 629 2084 significare,
652 2026 780 2072 cuius
799 2042 934 2072 causa
956 2036 1277 2074 sacramentum
1296 2043 1395 2072 esse
1412 2025 1589 2073 dicitur.

135 2096 189 2143 At
211 2107 279 2144 est
301 2097 478 2144 omnino
513 2099 672 2146 falsum
706 2101 839 2147 verba
874 2101 965 2157 illa,
1003 2101 1167 2165 quibus
1201 2101 1460 2165 exprimitur
1492 2118 1595 2149 con—

135 2189 315 2228 sensus,
344 2173 508 2220 nullius
536 2175 717 2222 effectus
751 2176 998 2239 spiritualis
1032 2178 1207 2239 signum
1242 2194 1367 2233 esse;
1406 2195 1508 2224 nam
1542 2195 1594 2225 ex

134 2247 299 2295 Christi
335 2249 608 2298 institutione
642 2250 843 2298 ordinata
872 2252 1052 2299 suntad
1078 2252 1350 2315 spiritualem
1387 2254 1592 2301 unionem

231 2436 296 2476 (32)
318 2437 455 2469 Pulchre
475 2437 508 2469 id
532 2439 663 2479 exponit
679 2439 766 2471 card.
783 2440 901 2472 Hosius
912 2465 921 2481 ‚
939 2441 994 2481 qui
1010 2450 1027 2472 a
1044 2442 1206 2474 nonnullis
1222 2442 1314 2474 nobis
1330 2451 1493 2483 perperam
1520 2452 1594 2475 con·

136 2487 256 2519 trarius
270 2488 457 2529 exhibetur,
473 2489 551 2521 dum
566 2490 628 2522 ait:
648 2504 662 2518 u
676 2491 841 2532 Siquidem
854 2493 990 2525 visibilis
1009 2493 1069 2525 ista
1084 2495 1263 2535 copulatio,
1286 2504 1369 2535 qliae
1389 2495 1425 2527 lit
1443 2495 1527 2527 datis
1545 2504 1593 2527 ar-

135 2539 197 2579 ris,
212 2540 331 2573 iunctis
350 2541 490 2582 dextris,
506 2543 659 2576 admonet
673 2544 845 2577 invisibilis
865 2546 1005 2587 gratiae,
1022 2556 1119 2587 quam
1137 2548 1272 2588 largitur
1289 2550 1385 2580 Deus.
1402 2550 1483 2581 Nam
1497 2548 1594 2581 simul

134 2593 169 2623 ut
180 2591 227 2624 ad
240 2592 446 2626 elementum
462 2595 596 2628 visibile
611 2599 816 2629 accesserint
831 2598 955 2638 verba,
971 2608 1054 2639 quae
1068 2602 1239 2640 praeeunte
1252 2600 1437 2642 sacerdote,
1456 2601 1594 2643 profert

135 2645 280 2685 uterque
299 2649 447 2686 coniux,
462 2647 510 2687 fic
531 2652 788 2682 sacramentum
797 2661 810 2688 ;
824 2659 880 2691 per
894 2652 980 2692 quod
992 2652 1152 2692 peculiare
1165 2652 1286 2685 donum
1300 2654 1441 2694 Spiritus
1455 2654 1593 2687 infundi-

135 2697 188 2727 tur
200 2720 210 2736 ,
225 2705 290 2737 quo
303 2699 334 2730 et
348 2699 504 2733 firmiores
521 2701 700 2734 redduntur
714 2703 754 2734 ad
771 2705 958 2744 perpetuam
980 2705 1185 2737 concordiam
1198 2730 1208 2746 ‚
1225 2709 1257 2738 ct
1273 2707 1468 2740 robustiores
1482 2708 1525 2740 ad
1539 2717 1594 2749 pa-

136 2747 212 2778 riter
229 2748 397 2782 toleranda
418 2751 515 2784 huius
537 2754 622 2785 vitae
638 2753 841 2786 incommoda
851 2779 861 2794 ‚
878 2757 909 2787 et
923 2756 1144 2789 instructiores
1159 2757 1200 2789 ad
1215 2758 1357 2792 sobolem
1373 2760 1437 2801 piis
1451 2760 1594 2793 moribus

135 2798 366 2832 educandam.»
380 2803 426 2832 lta
443 2802 475 2833 in
493 2804 642 2842 consess.
659 2805 829 2837 catholica
844 2816 914 2847 cap.
930 2809 994 2840 ΙΝ.
1006 2818 1080 2850 opp.
1096 2809 1146 2841 ed.
1164 2811 1277 2843 Colon.
1300 2815 1387 2845 1584.
1400 2821 1472 2854 pag.
1495 2818 1561 2845 186.
