1918 3186
322 200 408 246 142
484 234 488 237 -
519 238 521 240 .
573 216 651 247 Lm.
679 215 709 246 1.
739 213 850 246 secr.
870 213 899 245 1.
924 214 980 245 m.
1003 209 1174 246 numm.
1203 214 1482 247 smmum-ro.

316 293 503 339 alienam
547 292 797 338 societatem
843 290 1095 337 transierit:
1137 291 1309 337 etiamsi
1343 292 1593 338 commixtio
1625 309 1770 340 carnis

317 368 406 414 illic
439 365 671 431 Sequatur,
710 366 765 412 ad
800 366 989 429 priorem
1025 377 1169 413 tamen
1205 367 1556 423 societatem‚·in
1579 385 1668 432 qua
1699 385 1771 415 sa-

315 441 573 489 cramentam
612 443 801 505 coniuqii
843 442 1059 488 sancitum
1094 452 1185 498 est,
1222 452 1274 488 etv
1298 453 1534 507 postquam
1579 440 1771 492 secunda

316 518 473 582 copula
503 518 657 565 illicita
686 514 863 565 omnino
891 517 1134 573 iudicatur,
1163 515 1305 564 redire
1327 518 1505 565 debebit
1525 521 1641 582 (8).»
1662 521 1769 566 Tum

317 591 402 640 sibi
420 593 723 657 quaestionem
743 590 1014 657 proponens,
1038 593 1145 657 quid
1163 594 1380 656 agendum
1399 595 1456 641 sit
1474 596 1520 640 in
1538 612 1661 651 casu,
1684 591 1772 660 quo

317 669 405 725 illi,
442 669 518 733 qui
551 669 826 716 clandestina
861 670 1037 715 ratione
1060 666 1250 732 primum
1280 671 1456 733 nuptias
1481 671 1693 728 inierunt,
1720 690 1772 719 ac

314 744 475 791 deinde
506 744 614 791 alter
645 761 794 792 eorum
817 755 948 807 negat
971 760 1020 791 se
1046 742 1296 807 coniugium
1319 746 1495 802 iniisse,
1523 763 1772 812 novumque

315 818 507 867 celebrat
539 819 803 866 connubium
825 820 869 865 in
887 820 1002 866 facie
1026 816 1260 876 ecclesiae,
1290 819 1514 868 constituit
1530 822 1655 885 prius
1673 839 1773 870 con·

317 892 484 957 iugium
518 895 697 942 omnino
730 905 875 941 ratum
902 911 1028 951 esse,
1066 911 1147 941 nec
1179 895 1350 941 irritum
1384 913 1462 960 per
1494 897 1773 962 subsequens

318 969 411 1016 fieri
446 987 602 1034 posse,
640 970 812 1017 etiamsi
837 970 882 1015 in
906 970 999 1017 foro
1023 980 1225 1026 externo,
1253 970 1424 1018 defectu
1449 972 1626 1018 testium
1651 973 1771 1020 aliud

315 1045 527 1092 iudicium
550 1044 722 1092 'seratur
754 1047 837 1107 (9).
924 1044 926 1047 ’

343 1121 346 1122 ’
410 1122 454 1167 S.
476 1139 579 1168 vero
607 1122 796 1168 Thomas
825 1121 869 1167 in
901 1122 942 1168 4.
976 1123 1095 1168 Sent.
1128 1122 1231 1169 dist.
1264 1123 1338 1169 28.
1362 1140 1406 1187 q.
1430 1125 1475 1169 1.
1499 1134 1580 1170 art.
1606 1126 1649 1170 3.
1671 1141 1769 1171 cum

317 1196 402 1243 sibi
426 1197 704 1261 proposuerit
726 1196 934 1253 dubium:
955 1206 1106 1244 utrum
1129 1215 1350 1245 consensus
1377 1199 1423 1244 in
1446 1199 1605 1246 occulto
1632 1200 1773 1263 sactus

310 1289 391 1335 per
422 1272 551 1318 verba
584 1272 635 1318 de
663 1272 883 1335 praesenti
911 1273 1048 1337 saciat
1079 1272 1580 1338 matrimoniumPResp.
1605 1274 1771 1330 «Quod

317 1348 430 1394 sicut
463 1347 508 1393 in
541 1347 642 1395 aliis
680 1347 969 1395 'sacramentis
1003 1348 1221 1413 quaedam
1256 1359 1359 1396 sunt
1391 1350 1446 1396 de
1479 1350 1672 1397 essentia
1706 1360 1774 1397 s'a-

315 1423 551 1479 cramenti,
574 1423 736 1487 quibus
754 1423 955 1479 omissis,
977 1440 1064 1470 non
1089 1434 1157 1470 est
1180 1422 1501 1471 sacramentum
1515 1462 1524 1480 ,
1552 1424 1772 1488 quaedam

315 1498 533 1564 autemad
555 1497 871 1545 solemnitatem
898 1498 1161 1545 ‘sacramenti
1185 1499 1430 1562 pertinent,
1459 1498 1776 1563 quibus³omis⁴

317 1573 407 1630 sis,
444 1591 594 1621 verum
628 1573 853 1637 perficitur
887 1575 1209 1620 sacramentum
1231 1611 1240 1629 ,
1278 1573 1481 1637 quamvis
1515 1585 1666 1637 peccet
1697 1575 1775 1638 qui

315 1649 497 1696 omittit:
535 1650 595 1696 ita
627 1649 759 1696 etiam
793 1651 1014 1696 consensus
1046 1666 1270 1713 empressus
1300 1666 1378 1712 per
1408 1650 1549 1696 verba
1569 1650 1619 1695 de
1644 1667 1774 1713 prae-

313 1727 425 1771 senti
446 1727 557 1772 inter
574 1743 778 1790 personas
810 1727 1020 1790 leqi'tt'mas
1052 1726 1107 1772 ad
1136 1725 1484 1773 contrahendum
1501 1763 1511 1782 ‚
1550 1726 1774 1774 matrimo-

316 1800 439 1847 nium
474 1801 609 1858 facit,
654 1803 759 1866 quia
795 1803 894 1849 haec
927 1802 1008 1848 dno
1042 1812 1142 1848 sunt
1174 1802 1223 1848 de
1257 1803 1438 1848 essentia
1481 1803 1768 1856 sacramenti,

315 1876 403 1923 alia
432 1887 579 1924 autem
601 1879 748 1925 omnia
776 1888 880 1925 sunt
899 1878 960 1925 <de
980 1879 1243 1924 solemnitate
1276 1877 1559 1931 sacramenti,
1588 1878 1695 1942 quia
1717 1878 1774 1924 ad

316 1952 399 2000 hoc
432 1953 718 2011 adhibentur,
744 1965 794 2002 ut
815 1955 1139 2003 matrimonium
1172 1954 1502 2001 convenientius
1528 1953 1628 2000 fiat:
1657 1954 1774 2001 unde

315 2029 352 2075 si
377 2029 657 2086 omittantur,
684 2033 836 2077 verum
861 2030 1189 2078 matrimonium
1223 2040 1318 2085 est,
1355 2029 1558 2093 quamvis
1591 2039 1775 2092 peccent

316 2105 381 2151 sic
400 2106 731 2163 contrahentes,
760 2106 847 2154 nisi
869 2124 948 2171 per
970 2106 1426 2171 aliquamvlegitimam
1449 2122 1630 2152 causam
1648 2122 1775 2152 excu-

315 2190 517 2227 sentur.»
532 2181 639 2228 Cum
668 2197 770 2229 vero
790 2181 893 2228 sibi·
922 2182 1208 2246 opposuisset
1241 2181 1436 2228 secundo
1466 2180 1587 2227 loco:
1614 2199 1635 2224 «
1652 2179 1773 2226 Sicut

316 2255 360 2301 in
393 2256 669 2304 matrimonio
702 2267 771 2304 est
803 2268 927 2304 actus
970 2268 1118 2305 noster
1149 2257 1278 2321 quasi
1313 2256 1368 2302 de
1401 2255 1592 2302 essentia
1625 2271 1774 2301 sacra-

316 2331 478 2387 menti,
518 2331 577 2378 ita
610 2332 656 2377 in
690 2332 1092 2395 poenitentia..Sed
1128 2341 1448 2380 sacramentum
1481 2328 1773 2393 poenitentiae

316 2423 403 2452 non
448 2407 673 2470 perficitur
706 2407 791 2454 nisi
825 2408 1121 2455 mediantibus
1163 2407 1377 2455 ecclesiae
1419 2404 1659 2461 ministris,
1696 2405 1771 2468 qui

316 2492 420 2528 sunt
451 2493 822 2530 sacramentorum
847 2483 1189 2547 dispensatores.
1213 2483 1328 2544 Ergo
1346 2488 1426 2528 n'ec
1445 2480 1773 2528 matrimonium

318 2568 461 2619 potest
493 2558 643 2621 perfici
662 2559 707 2604 in
726 2558 894 2606 occulto
924 2558 1093 2623 absque
1123 2557 1383 2605 sacerdotali
1415 2557 1768 2603 benedictione.»

317 2631 588 2696 Respondet:
615 2654 636 2678 «
653 2633 896 2681 Dicendum
922 2633 1040 2698 quod
1065 2643 1190 2680 actus
1217 2642 1364 2681 noster
1397 2631 1441 2678 in
1476 2631 1769 2696 poenitentia,

413 2753 458 2793 (8)
480 2754 549 2786 Lib.
562 2756 603 2788 11.
616 2758 698 2796 part.
710 2759 765 2789 xl.
777 2766 847 2798 cap.
858 2759 898 2789 V.

412 2806 456 2845 (9)
478 2807 558 2847 opp.
573 2807 624 2838 ed.
640 2810 750 2840 venet.
768 2813 856 2842 1588.
870 2809 951 2842 tom.
962 2810 1006 2841 111
1013 2808 1091 2841 .col.
1106 2810 1176 2840 294.
