1918 3186
254 203 343 234 cir.
367 203 407 233 v.
431 203 482 234 mi
518 201 673 233 mmsr.
703 199 907 232 commu.
932 200 1025 231 Aur».
1049 200 1079 232 1.
1102 199 1257 232 ineunt.
1280 198 1389 231 mm„
1495 184 1584 230 137

126 289 216 335 est,
249 296 336 326 non
372 278 417 324 in
451 295 525 334 se,
556 294 637 324 nec
671 276 872 341 praecise
910 287 1042 340 prout
1074 286 1142 324 est
1176 275 1353 339 signum
1377 286 1420 324 et
1441 291 1591 324 sacra-

127 365 344 410 mentum,
386 354 464 402 sed
508 354 553 400 in
593 370 676 401 suo
714 352 990 415 significato,
1028 352 1204 400 Christo
1246 351 1415 400 scilicet
1446 362 1490 399 et
1521 369 1592 400 ec·-

127 431 261 487 lesia;
299 447 376 478 seu
413 440 631 494 quatenus
667 428 891 492 significat
929 445 1135 491 magnam
1177 428 1297 476 illam
1330 438 1374 475 et
1404 427 1591 476 admira-

126 507 259 554 bilem
294 506 501 554 unionem
538 505 701 553 Christi
738 516 781 552 et
811 504 1040 553 ecclesiae.
1064 506 1269 568 Magnum
1294 514 1361 553 est
1382 522 1487 568 ergo
1509 522 1592 553 sua

128 582 473 646 significatione,
514 600 593 630 seu
627 582 733 646 quia
767 599 859 629 rem
894 598 1099 644 magnam
1134 591 1451 645 repraesentat.
1476 619 1483 626 .
1508 619 1516 626 .
1537 581 1592 628 Ut

129 659 238 706 haec
261 657 510 706 sublimitas
533 668 576 705 et
599 658 854 721 magnitudo
879 657 1112 705 christiani
1136 658 1401 705 matrimonii
1424 657 1590 705 clarius

129 733 401 796 intelligatur
417 771 427 791 ,
456 734 644 799 eiusque
667 734 902 791 sanctitas,
930 734 1093 798 duplex
1116 734 1257 781 notari
1281 733 1411 781 debet
1427 733 1592 781 Christi

130 810 236 857 unio
268 827 368 857 cum
402 810 616 867 ecclesia,
650 828 741 858 una
773 810 904 858 realis
927 820 971 858 et
992 810 1180 876 physica
1203 810 1318 857 sacta
1340 821 1408 857 est
1429 827 1508 874 per
1530 810 1595 857 in-

128 886 448 943 carnationem,
488 904 578 951 qua
610 886 812 934 Christus
831 924 841 943 ,
877 904 957 934 seu
993 886 1140 951 potius
1173 885 1363 934 Verbum
1391 886 1591 934 divinum

130 972 331 1009 naturam
357 962 596 1009 humanam
614 973 657 1010 et
673 973 994 1027 consequenter
1017 961 1217 1010 homines
1235 999 1245 1018 ,
1274 961 1592 1026 hominumque

129 1037 360 1086 ecclesiam
385 1038 472 1086 sibi
496 1038 639 1086 univit
660 1049 705 1086 et
727 1039 978 1102 sponsavit,
1008 1048 1052 1085 et
1076 1037 1185 1086 haec
1217 1037 1323 1085 unio
1347 1047 1415 1086 est
1437 1037 1591 1086 arctis-

130 1114 269 1170 sima,
307 1113 632 1161 indissolubilis
665 1124 709 1161 et
740 1123 1010 1161 caeterarum
1045 1113 1184 1176 origo.
1206 1112 1384 1161 Moralis
1418 1122 1462 1160 et
1494 1130 1592 1177 my-

129 1190 240 1238 stica
265 1190 314 1237 fit
337 1206 417 1254 per
439 1190 624 1253 gratiam
642 1199 684 1237 et
707 1189 962 1238 charitatem
978 1227 988 1246 ,
1015 1207 1104 1254 qua
1127 1189 1358 1254 copulatur
1379 1189 1593 1237 ccclesiae

130 1283 323 1331 sponsae
349 1283 473 1314 suae.
498 1267 737 1331 Utramque
760 1266 876 1314 hanc
898 1266 1107 1314 unionem
1124 1277 1167 1314 et
1183 1266 1416 1331 physicam
1434 1276 1476 1312 et
1498 1283 1592 1313 mo-

130 1341 265 1389 ralem
290 1341 454 1389 Christi
479 1359 579 1388 cum
603 1341 793 1389 ecclesia
811 1379 821 1398 ,
850 1352 1150 1405 repraesentat
1176 1341 1465 1389 christianum
1498 1359 1591 1388 ma-

131 1418 408 1475 trimonium,
447 1427 490 1465 et
524 1418 570 1463 in
604 1417 687 1465 hoc
719 1435 921 1480 maynum
944 1427 1005 1464 est
1026 1428 1352 1465 sacramentum.
1380 1416 1526 1465 Realis
1550 1428 1592 1465 et

130 1493 320 1559 physica
353 1493 684 1556 coniugatorum
718 1494 846 1550 unio,
875 1509 956 1540 seu
984 1504 1108 1541 actus
1142 1494 1407 1541 matrimonii
1431 1504 1500 1543 est
1523 1510 1591 1540 re-

129 1569 424 1635 praesentatio
458 1569 672 1635 physicae
707 1579 749 1617 et
777 1569 908 1617 realis
937 1569 1116 1627 Christi,
1144 1588 1223 1635 per
1244 1570 1590 1619 incarnationem

128 1663 228 1695 cum
263 1656 419 1694 natura
453 1657 626 1703 nostra,
660 1646 855 1694 unionis.
884 1645 1061 1694 Mor-alis
1090 1647 1422 1711 coniugatorum
1453 1647 1587 1704 unio,

130 1739 211 1770 seu
242 1722 489 1787 coniugalis
515 1723 701 1771 affectus
730 1723 939 1771 moralem
965 1723 1128 1771 Christi
1152 1741 1252 1772 cum
1275 1723 1484 1780 ecclesia,
1512 1740 1592 1788 per

128 1798 386 1848 charitatem
403 1838 413 1857 ,
451 1800 660 1848 unionem
695 1810 993 1864 repraesentat
1013 1801 1130 1862 (2).»

226 1875 441 1931 Quocirca
459 1915 469 1934 ,
506 1894 607 1925 cum
642 1887 731 1925 tota
764 1877 1101 1940 significationis
1126 1894 1178 1924 ac
1202 1877 1317 1940 signi
1344 1877 1454 1924 ratio
1484 1876 1592 1923 insit

132 1951 336 2015 coniugio
358 1952 462 2017 ipsi,
495 1953 614 2018 quod
631 1953 835 2001 Christus
858 1953 903 2000 in
927 1971 1039 2001 nova
1063 1953 1159 2016 lege
1181 1970 1263 2000 sua
1287 1952 1591 2000 sanctificante

131 2027 271 2091 gratia
315 2027 572 2092 insignivit,
611 2040 731 2094 patet
769 2040 1091 2078 sacramentum
1134 2039 1270 2077 totum
1303 2028 1455 2094 perfici
1490 2029 1590 2093 ipso

131 2104 483 2152 contrahentium
512 2115 641 2162 actu,
677 2124 756 2154 seu
789 2124 999 2164 assensu,
1027 2106 1134 2171 quin
1167 2105 1288 2153 aliud
1322 2105 1584 2169 requiratur.

132 2181 225 2229 Hoc
242 2181 358 2228 idem
377 2198 430 2228 ex
446 2198 499 2229 eo
517 2181 816 2238 confirmatur,
838 2183 957 2247 quod
976 2183 1100 2229 illum
1119 2181 1409 2246 eumdemque
1423 2192 1586 2238 actum,

131 2274 211 2306 seu
228 2275 479 2315 assensum,
496 2275 584 2322 quo
597 2258 838 2323 antiquitus
852 2258 897 2304 in
915 2258 1048 2306 veteri
1065 2258 1160 2322 lege
1176 2257 1428 2321 coniugium
1442 2257 1590 2306 absol-

129 2333 330 2391 vebatur,
352 2334 555 2382 Christus
581 2334 922 2382 sanctificaverit
949 2345 993 2382 et
1017 2334 1073 2382 ad
1102 2334 1361 2398 dignitatem
1399 2334 1591 2382 evexerit

130 2410 409 2458 sacramenti.
433 2411 525 2458 Iam
554 2428 657 2459 vero
681 2411 800 2476 apud
824 2422 993 2459 veteres
1017 2428 1105 2459 non
1132 2410 1469 2467 interveniebat,
1501 2409 1590 2458 sal-

131 2498 217 2534 tem
249 2498 471 2552 tamquam
500 2505 603 2551 pars
633 2504 712 2535 seu
740 2486 1002 2535 elementum
1035 2487 1273 2536 essentiale
1299 2487 1343 2534 in
1369 2487 1587 2550 coniugiis

224 2657 270 2697 (2)
291 2657 430 2699 Triplex
443 2659 611 2699 expositio
624 2658 656 2690 in
670 2658 755 2691 hunc
769 2659 830 2691 loc.
847 2658 879 2690 Si
892 2659 970 2690 haec
982 2658 1208 2699 comparentur
1222 2665 1295 2689 cum
1309 2656 1410 2689 aridis
1422 2665 1460 2688 ac
1475 2655 1591 2690 ieiunis

131 2708 373 2748 protestantium
387 2717 425 2742 ae
439 2710 711 2742 rationalistarum
735 2710 989 2751 expositionibus
1000 2733 1009 2750 ,
1032 2718 1130 2750 quam
1151 2709 1292 2742 immane
1315 2708 1482 2750 apparebit
1504 2708 1588 2742 inter

131 2760 307 2793 catholicos
315 2762 347 2793 et
356 2762 550 2794 acatholicos
560 2765 708 2803 exegetas
720 2762 909 2795 discrimen!
927 2763 977 2795 Cf.
991 2762 1087 2795 etiam
1102 2762 1241 2803 Estium,
1255 2764 1288 2795 et
1300 2761 1485 2796 cornelium
1495 2770 1514 2795 a
1528 2763 1587 2794 La·

132 2811 206 2853 pide
221 2812 252 2843 in
265 2813 504 2845 commentariis
518 2813 551 2844 in
566 2813 651 2845 hunc
668 2813 729 2845 loc.
