1918 3186
292 217 382 263 154
515 231 595 264 Lm.
626 232 655 262 1.
685 229 797 262 suc-r.
828 231 857 261 1.
887 230 938 261 1)ss
973 230 1145 262 anain.
1181 228 1467 262 sacnfflmwro.

289 310 496 358 Actorum
531 326 570 356 s.
593 307 767 354 Caroli:
795 327 817 353 «
840 307 1046 372 Quinque
1079 307 1307 355 dumtaxat
1339 324 1440 354 esse
1464 321 1760 366 sacramenta,

291 403 407 450 quae
433 384 655 450 parochus
678 401 732 430 ex
756 383 905 431 officio
933 384 1239 431 administrare
1271 394 1427 447 potest,
1465 384 1760 450 baptismum,

289 461 606 509 eucharistiam
625 498 635 517 ,
674 460 1017 525 poenitentiam,
1055 462 1403 515 matrimonium,
1442 472 1485 508 et
1522 471 1762 509 extremam

288 539 588 586 unctionem.»
620 537 739 584 Haec
780 538 898 585 enim
942 537 1120 602 aliaque
1153 537 1371 584 eiusmodi
1419 538 1614 602 profecto
1654 539 1767 586 nihil

289 614 418 661 aliud·
443 613 719 676 significant,
751 631 885 678 quam
915 613 1097 678 parochi
1121 630 1283 660 munus
1312 631 1413 661 esse
1441 614 1762 662 cohonestandi

290 690 470 754 nuptias
491 690 578 738 ritu
605 707 750 745 sacro,
769 699 899 754 prout
922 690 968 735 in
993 688 1183 736 ecclesia
1206 689 1301 736 fieri
1325 691 1570 738 consuevit.
1594 692 1683 738 Nec
1702 708 1766 737 re-

290 766 375 813 fert
405 766 524 830 quod
561 765 1028 813 de'adminiStratione
1058 765 1328 812 matrimonii
1358 765 1405 812 in
1443 766 1516 813 his
1540 784 1686 814 sermo
1712 766 1772 814 sit

287 842 472 907 perinde
499 859 550 890 ac
579 842 635 889 de
663 842 1046 889 administratione
1081 847 1324 888 'ceterorum
1360 843 1762 898 sacramentorum;

286 918 511 983 siquidem
550 919 596 965 in
632 936 769 965 sensu
810 917 1120 973 accommodo,
1157 927 1207 964 ut
1242 917 1397 974 aiunt,
1435 918 1622 981 intelligi
1656 918 1767 965 haec

286 995 561 1061 debent‘pro
596 994 796 1042 subiecta
827 993 1032 1050 materia,
1062 1004 1111 1040 ut
1135 994 1181 1040 in'
1207 994 1412 1058 pluribus
1441 993 1544 1041 aliis
1574 995 1670 1041 fieri
1695 1011 1764 1042 so-

285 1070 346 1119 let
367 1073 484 1133 (32).
508 1072 623 1118 Sane
647 1088 791 1135 neque
809 1070 1010 1117 Clemens
1029 1071 1141 1116 vlll.
1165 1088 1309 1135 neque
1339 1071 1504 1119 Paulus
1528 1071 1599 1127 V.,
1622 1072 1767 1136 neque

287 1164 325 1193 s.
350 1147 535 1194 Carolus
563 1147 856 1193 Borrhomeus
882 1164 1093 1211 umquam
1111 1158 1379 1194 censuerunt
1402 1148 1663 1212 parochum,
1688 1165 1767 1195 seu

286 1223 561 1270 sacerdotem
584 1223 809 1271 conficere
838 1234 1161 1270 sacramentum
1191 1224 1490 1281 matrimonii,
1524 1241 1626 1271 cum
1653 1223 1764 1271 haec

289 1299 509 1347 sententia
537 1299 660 1346 nulla
691 1310 833 1347 aetate
867 1301 1107 1348 obtinuerit
1141 1301 1187 1346 in
1221 1300 1409 1348 ecclesia
1445 1318 1642 1349 romana.

383 1374 565 1422 Accedit
591 1375 728 1423 etiam
762 1376 872 1423 haec
906 1387 1190 1424 monumenta
1223 1377 1468 1440 posteriora
1493 1394 1595 1424 esse
1616 1378 1765 1424 conci-

289 1451 352 1499 lio
378 1451 619 1499 tridentino
637 1489 646 1507 ‚
676 1452 723 1498 in
747 1469 836 1516 quo
865 1453 1048 1516 parochi
1075 1453 1144 1500 sin
1172 1453 1321 1500 minus
1346 1453 1622 1510 benedictio,
1651 1453 1766 1500 certe

289 1528 538 1592 praesentia
571 1528 631 1575 ita
665 1529 921 1576 necessaria
942 1529 1098 1576 effecta
1122 1540 1210 1585 est,
1239 1541 1289 1576 ut
1311 1530 1410 1577 sine
1433 1530 1485 1576 ea
1510 1530 1569 1576 sit
1592 1529 1764 1576 irritum

286 1603 565 1667 coniugium:
594 1604 793 1669 adeoque
817 1604 880 1651 nil
904 1605 1064 1651 mirum
1087 1615 1181 1662 est,
1205 1604 1243 1652 si
1269 1605 1413 1652 latiori
1434 1622 1570 1652 sensu
1589 1604 1764 1652 dicatur

285 1679 342 1728 ad
361 1679 605 1744 parochum
626 1680 844 1744 pertinere
857 1681 1125 1728 matrimonii
1145 1691 1471 1728 sacramentum
1489 1681 1758 1728 ministrare.

786 1782 804 1797 ²
846 1788 1120 1841 ART'ICULUS
1147 1806 1214 1840 111.

779 1874 1019 1944 Argumenta
1039 1894 1269 1944 theologica.

312 2012 346 2031 ,.;
371 1985 652 2049 :Argumenta
683 2005 737 2035 ex
773 1987 872 2052 ipso
900 1986 1153 2051 theologiae
1177 2004 1295 2051 penu
1322 1987 1583 2052 deprompta
1601 2023 1611 2043 ,
1650 2002 1766 2051 quae

284 2061 491 2109 evincunt
508 2062 604 2111 solo
621 2063 820 2126 legitimo
837 2063 1031 2128 partium
1049 2063 1402 2111 contrahentium
1422 2079 1644 2110 consensu
1665 2078 1766 2109 con-

288 2136 396 2200 iugii
425 2151 755 2187 vsacramentum
790 2140 964 2205 perfici,
1005 2140 1115 2188 adeo
1150 2141 1278 2200 firma
1312 2157 1365 2187 ac
1399 2139 1544 2187 solida
1570 2150 1692 2195 sunt,
1717 2149 1766 2184 ut

286 2215 523 2262 a-›nemine
543 2221 562 2272 ,'
594 2217 671 2280 qui
707 2217 881 2264 sincero
915 2217 1065 2264 animo
1095 2227 1138 2264 et
1172 2216 1391 2264 catholica
1426 2217 1595 2263 ratione
1633 2230 1765 2277 agere

290 2288 397 2338 velit
419 2328 427 2345 ‚
447 2335 451 2338 ,
472 2292 620 2356 respui
665 2293 854 2356 possint.
894 2293 1162 2356 Argumenta
1206 2309 1310 2340 vero
1353 2291 1630 2354 theologica,
1675 2307 1765 2353 qua

286 2363 372 2412 late
407 2376 583 2430 patent,
615 2385 704 2415 non
730 2369 873 2416 solum
901 2387 954 2416 ex
986 2370 1048 2416 rei
1077 2379 1233 2416 natura
1278 2379 1499 2433 petemus,
1527 2366 1607 2413 sed
1630 2365 1763 2413 etiam

286 2441 591 2491 ratiocinando
623 2444 894 2492 deducemus
928 2463 981 2492 ex
1012 2445 1226 2493 ecclesiae
1254 2445 1339 2493 hac
1367 2445 1423 2491 de
1458 2461 1504 2490 re
1537 2443 1758 2498 doctrina,

372 2576 451 2617 (³2)
474 2578 546 2610 Non
565 2578 728 2611 immerito
742 2579 890 2620 phrases,
905 2586 989 2618 quae
1003 2578 1206 2618 reperiuntur
1220 2578 1253 2609 in
1268 2576 1432 2609 nonnullis
1445 2575 1633 2615 ritualibus,
1650 2575 1770 2616 quibus

282 2628 434 2661 sacerdos
454 2632 614 2663 minister
633 2633 871 2670 matrimonii,
895 2632 954 2664 aut
974 2631 1186 2663 sacramenti
1207 2631 1424 2662 matrimonii
1447 2630 1654 2669 nuncupatur
1667 2652 1676 2668 ,
1701 2629 1768 2669 ple·

284 2680 379 2722 rique
401 2685 567 2723 exponunt
593 2684 654 2716 hoc
677 2693 786 2725 sensu,
801 2684 891 2725 quod
914 2692 1030 2724 nempe
1050 2683 1092 2715 iis
1117 2682 1331 2724 significetur,
1354 2680 1553 2714 sacerdotem
1575 2689 1645 2714 esse
1668 2682 1768 2712 mini·

281 2734 397 2766 strum
407 2734 637 2769 solemnitatis
659 2738 887 2770 matrimonii.
898 2736 949 2770 Cf.
962 2736 1159 2769 Bartholom.
1171 2735 1294 2768 cavani
1306 2735 1446 2776 theolog.
1458 2734 1594 2776 profess.
1607 2733 1641 2765 in
1655 2733 1766 2765 Archi-

281 2787 448 2827 gymnasio
480 2797 563 2820 rom.
591 2791 846 2822 Dissertazione
873 2789 933 2822 del
961 2790 1121 2822 ministro
1144 2788 1203 2822 del
1227 2789 1448 2829 sayramenlo
1462 2787 1520 2820 del
1531 2787 1765 2820 matrimonio.

281 2840 384 2872 Roma
402 2845 490 2873 1821.
510 2850 539 2881 p.
563 2844 612 2874 40.
