1912 3180
282 143 370 188 232
535 158 613 188 un.
644 157 672 187 1.
703 155 814 187 sacr.
844 156 1014 187 ALTERA.
1049 156 1100 186 m:
1124 156 1297 188 numni.
1327 157 1465 188 civim.

280 236 469 298 gamiam
502 232 685 295 legalem
722 244 943 297 tamquam
974 232 1215 279 remedium
1250 245 1545 296 opportunum
1580 240 1743 286 consti-

281 323 422 366 tuere,
461 309 571 357 nihil
601 320 694 365 est,
729 309 847 374 quod
881 309 1037 357 obstet.

376 386 518 434 Huius
553 386 614 433 rei
651 385 860 432 indicium
896 386 1133 433 vehemens
1171 386 1350 449 praebet
1379 388 1615 451 propensio
1638 388 1738 444 illa,

279 481 391 529 quae
421 464 464 510 in
493 463 589 510 dies
618 463 761 526 magis
785 480 836 509 ac
859 462 1000 525 magis
1030 462 1076 507 in
1101 462 1232 509 rebus
1257 463 1524 527 quibusdam
1552 464 1745 528 publicis

280 540 431 605 patefit
464 541 508 587 in
544 540 947 604 protestantismum
965 578 974 595 ,
1006 538 1082 602 qui
1107 549 1248 585 aetate
1276 539 1360 586 hac
1394 551 1543 587 nostra
1567 558 1653 587 non
1678 552 1746 588 est

280 617 366 664 nisi
394 616 578 681 pallium
597 634 647 664 ac
665 616 803 673 larva,
833 633 921 681 qua
945 632 994 662 se
1017 613 1303 662 incredulitas
1328 617 1539 679 contegit,
1562 628 1605 664 et
1627 617 1745 681 quod

281 710 559 758 consequens
583 703 673 749 est,
715 692 842 739 foeda
875 708 1044 738 morum
1079 691 1317 754 corruptio.
1339 691 1467 738 Hunc
1487 709 1589 739 vere
1612 693 1744 739 finem

280 769 459 816 unicum
493 768 673 825 dixeris,
701 767 757 815 ob
781 784 912 831 quem
940 776 1003 812 tot
1029 764 1222 812 libertini
1258 776 1301 812 et
1333 766 1549 813 increduli
1578 767 1747 830 praesi-

281 844 369 892 diis
404 844 609 892 omnibus
636 844 893 891 adnituntur
921 841 1333 906 protestantismum
1362 860 1639 906 promovere,
1667 861 1746 890 seu

283 921 430 985 potius
460 919 804 985 protestantismi
835 935 1011 974 nomen,
1050 935 1139 982 quo
1173 918 1346 965 facilius
1381 918 1592 983 populum
1628 918 1748 966 deci-

281 997 422 1061 piant.
446 998 554 1043 Nam
578 996 654 1060 qui
680 996 740 1041 ita
764 1005 867 1041 sunt
895 994 1043 1041 animo
1077 995 1340 1059 comparati,
1369 1012 1456 1042 non
1481 994 1623 1057 magis
1647 1011 1748 1059 pro-

283 1073 557 1120 testantismo
587 1089 720 1136 quam
741 1070 959 1118 ecclesiae
988 1070 1120 1117 fidem
1143 1071 1404 1134 adiungunt.
1430 1070 1658 1117 Eiusmodi
1683 1071 1748 1117 si-

282 1149 462 1213 quidem
496 1148 699 1196 homines
733 1147 1003 1212 experientia
1033 1147 1176 1195 edocti
1211 1148 1374 1195 saeculi
1416 1147 1556 1212 elapsi
1578 1185 1587 1203 ,
1627 1147 1746 1211 quod

283 1242 368 1272 non
413 1225 556 1289 possit
601 1223 915 1280 incredulitas,
954 1241 1032 1289 seu
1073 1223 1455 1288 philosophismus
1491 1222 1747 1270 incredulus

284 1302 454 1349 radices
488 1301 622 1365 figere
656 1301 768 1347 inter
800 1299 1036 1365 populum,
1063 1300 1101 1347 si
1126 1300 1271 1347 nudus
1306 1311 1596 1364 proponatur,
1631 1316 1748 1346 nunc

285 1378 494 1442 temporis
527 1396 628 1425 eum
643 1416 652 1434 ,
679 1388 728 1424 ut
750 1377 813 1423 ita
836 1376 1013 1441 loquar,
1040 1377 1235 1423 vestiunt
1257 1376 1602 1440 protestantismi
1626 1376 1748 1423 larva

285 1473 337 1503 ac
360 1456 560 1512 nomine,
596 1454 831 1519 quemdam
845 1454 888 1500 ei
913 1454 1167 1500 exteriorem
1195 1453 1451 1516 religiosum
1487 1463 1746 1518 apparatum

286 1531 591 1587 circumdant,
630 1541 679 1577 ut
710 1530 771 1577 ita
804 1529 1154 1576 incredulitatem
1190 1529 1355 1593 populo
1389 1530 1580 1585 erranti,
1617 1540 1660 1575 et
1692 1529 1749 1575 ab

285 1607 498 1656 ecclesiae
516 1606 618 1653 sinu
632 1605 855 1652 abstracto
873 1604 1046 1651 facilius
1071 1604 1323 1668 propinent.
1347 1604 1575 1650 Eiusmodi
1603 1614 1747 1650 autem

286 1682 631 1748 protestantismi
664 1681 786 1728 larva
820 1680 955 1727 semel
984 1679 1179 1735 inducta,
1210 1679 1374 1726 nullius
1397 1680 1559 1742 negotii
1579 1697 1648 1726 res
1666 1680 1749 1726 erit

286 1759 565 1825 polygamiae
591 1758 835 1805 libertatem
863 1774 1141 1821 promovere,
1171 1756 1437 1820 persuadere
1461 1767 1594 1820 atque
1616 1756 1747 1803 etiam

288 1836 462 1884 sancire
494 1835 604 1898 lege.

382 1912 627 1960 Accedente
654 1912 830 1959 demum
865 1911 1183 1959 communismo
1202 1947 1211 1965 ‚
1245 1910 1320 1974 qui
1346 1927 1372 1956 a
1396 1909 1748 1974 protestantismo

288 1991 450 2056 pariter
487 1990 717 2053 gignitur,
762 1989 928 2054 quique
964 1988 1081 2036 vires
1120 2004 1293 2051 semper
1330 1987 1558 2034 ulteriores
1598 1986 1751 2051 acqui—

289 2068 345 2114 rit
371 2068 487 2128 (40),
511 2065 730 2130 quomodo
765 2066 924 2129 poterit
956 2064 1099 2112 civilis
1133 2063 1393 2119 auctoritas,
1426 2081 1543 2128 quae
1570 2063 1610 2110 ei
1634 2063 1749 2110 viam

289 2143 464 2200 stravit,
503 2159 702 2189 amovere
736 2141 1055 2206 polygamiam,
1084 2157 1200 2205 quae
1222 2149 1446 2203 tamquam
1479 2139 1627 2186 minus
1660 2155 1751 2185 ma-

288 2219 380 2266 lum
408 2218 596 2265 habetur
628 2235 760 2282 quam
795 2218 1047 2281 promiscua
1073 2215 1362 2263 foeminarum
1385 2213 1667 2261 communio?

385 2294 453 2340 En
487 2293 636 2358 itaque
659 2310 748 2357 qua
770 2292 938 2339 ratione
960 2309 1013 2339 ex
1036 2291 1180 2356 primo
1207 2289 1372 2337 annulo
1400 2299 1488 2336 tota
1520 2298 1752 2335 connecta-

292 2383 361 2418 tur
383 2381 537 2418 catena
551 2408 560 2426 ‚
583 2370 639 2416 ab
656 2387 797 2433 eoque
819 2369 1022 2433 pendeat.
1052 2367 1376 2416 Concludamus
1399 2367 1548 2430 itaque
1571 2382 1751 2412 necesse

291 2457 358 2493 est
389 2445 669 2493 verissimum
704 2444 881 2492 omnino
915 2460 1016 2490 esse
1038 2482 1047 2500 ,
1095 2443 1213 2507 quod
1257 2441 1589 2489 enunciavimus
1612 2479 1621 2496 ‚
1659 2442 1752 2488 sive

390 2563 456 2604 (4ο)
477 2563 528 2595 Cf.
540 2562 688 2595 A.Sudre
697 2564 849 2596 Histoire
865 2561 914 2594 du
932 2562 1176 2594 communisme
1195 2560 1372 2601 quatrieme
1386 2559 1464 2591 edit.
1479 2559 1644 2591 Bruxellae
1662 2563 1750 2592 1850.

292 2614 386 2654 cbap.
398 2617 467 2647 xv.
481 2615 564 2647 suiv.
579 2616 660 2648 Item
675 2617 739 2647 1.1.
755 2615 930 2648 Thenissen
953 2616 998 2647 Le
1020 2612 1211 2645 socialisme
1226 2611 1346 2653 depuis
1360 2610 1706 2652 l’antiquitejusqu'a
1721 2610 1756 2642 la

289 2668 513 2700 constitution
530 2667 714 2708 franceise
737 2667 786 2700 du
812 2670 861 2700 14.
888 2668 1036 2700 Janvier
1057 2670 1147 2698 1852.
1170 2665 1293 2698 Louain
1319 2669 1407 2697 1852.
1430 2665 1509 2695 tom.
1534 2665 1559 2695 1.
1582 2664 1675 2704 chap.
1699 2664 1753 2695 vt.

291 2719 481 2750 Praesertim
497 2728 575 2752 vero
597 2721 759 2762 egregium
779 2729 861 2761 opus
875 2719 1009 2760 Augusti
1028 2718 1156 2752 Nicolas
1170 2720 1228 2750 Du
1245 2718 1526 2759 protestantisme
1540 2719 1572 2747 et
1587 2717 1630 2749 de
1645 2718 1755 2747 toules

294 2771 340 2803 les
355 2771 499 2803 heresim
516 2773 604 2806 dans
624 2775 717 2806 leurs
737 2775 897 2815 rapports
919 2781 1003 2805 avec
1024 2772 1055 2804 le
1074 2771 1276 2804 socialisme.
1301 2771 1391 2802 Paris
1413 2774 1499 2802 1852.
