1918 3186
277 218 369 248 mr.
402 218 430 248 1.
461 217 553 248 aar.
579 217 606 246 1.
631 212 682 246 m:
708 214 907 247 vamum
932 214 1106 247 sacam.
1131 213 1182 246 ax
1208 212 1323 246 scm..
1348 214 1493 246 nocrn.
1601 199 1625 243 '1

150 305 374 342 eramenta
408 292 584 357 singula
616 291 674 339 ab
708 302 849 339 aetate
884 291 1247 348 immemorabili,
1280 308 1442 356 nempe
1470 291 1527 339 ab
1555 307 1628 338 ae-

152 382 242 419 tate
275 370 541 436 apostolica,
571 380 621 417 ut
652 378 774 433 patet
805 384 859 414 ex
894 386 1044 416 eorum
1079 367 1363 417 substantiali
1397 367 1630 415 uniformi-

154 458 263 504 tate,
285 464 401 512 quae
423 445 604 493 aliunde
624 445 759 511 repeti
784 445 959 509 nequit;
979 446 1099 510 quod
1126 445 1295 493 iamdiu
1319 444 1631 492 animadvertit

152 523 219 570 vel
253 523 351 587 ipse
373 522 549 570 Grotius
577 523 695 584 (15).
730 522 780 567 ln
806 521 966 568 officiis
996 538 1127 586 porro
1154 521 1453 569 coronationis
1481 530 1574 568 tum
1602 539 1630 568 a

151 599 308 647 Goario
342 609 435 646 tum
470 617 497 646 a
530 598 744 646 Martenio
778 597 994 660 vulgatis,
1036 599 1080 644 in
1114 598 1282 662 quibus
1331 597 1553 658 orationes
1587 606 1631 644 et

151 674 263 722 ritus
298 673 608 722 celebrationis
638 674 833 737 coniugii
862 673 1151 728 exhibentur,
1179 674 1263 721 etsi
1295 674 1407 721 mira
1436 674 1632 738 reperia-

151 761 223 798 tur
255 750 543 799 accidentalis
570 750 873 817 discrepantia
901 767 928 797 a
956 750 1116 797 ritibus
1139 760 1183 797 et
1204 750 1496 807 orationibus,
1529 751 1632 815 qui*

152 827 236 875 bus
260 828 324 875 uti
349 828 580 875 consuevit
602 828 791 875 ecclesia
814 827 967 883 latina,
990 837 1183 873 attamen
1204 826 1263 873 ad
1288 827 1629 890 significandum

151 904 197 951 in
234 904 320 951 hac
352 904 648 952 celebratione
681 904 871 951 conferri
898 920 1001 950 vere
1025 913 1069 950 et
1095 903 1271 968 proprie
1305 914 1630 951 sacramentum

152 981 266 1027 mira
306 991 488 1045 apparet
526 980 777 1028 consensio.
819 980 1046 1044 Siquidem
1087 979 1229 1043 gratia
1270 979 1437 1044 pariter
1475 997 1501 1026 a
1540 980 1631 1026 Deo

149 1055 378 1104 ¹Salvatore
402 1067 555 1104 nostro
587 1052 844 1121 exposcitur
867 1071 1005 1120 super
1028 1055 1268 1113 nubentes,
1299 1066 1347 1103 ut
1370 1073 1420 1103 se
1442 1055 1629 1103 invicem

148 1141 276 1179 casta
311 1143 637 1197 prosequantur
669 1132 926 1189 dilectione3
956 1132 1122 1180 mentio
1156 1133 1205 1179 fit
1239 1143 1331 1180 tum
1367 1133 1629 1180 honorabilis

147 1209 356 1255 connubii
385 1219 426 1255 et
460 1210 575 1256 thori
606 1209 877 1256 immaculati
914 1209 1036 1257 iuxta
1070 1209 1329 1273 Apostolum
1368 1211 1464 1271 (16)
1487 1248 1497 1265 ,
1536 1221 1628 1257 tum

149 1284 471 1334 benedictionis
502 1302 529 1334 a
555 1285 733 1334 Christo
759 1286 805 1333 in
840 1285 1010 1350 nuptiis
1042 1284 1190 1333 Canae
1226 1284 1435 1341 collatae,
1466 1302 1519 1333 ac
1552 1285 1632 1332 mi-

151 1362 291 1410 raculi
325 1362 383 1410 ab
416 1380 469 1410 eo
510 1363 776 1428 perpetrati,
815 1373 950 1427 atque
982 1361 1071 1409 alia
1104 1361 1323 1409 eiusmodi
1362 1372 1624 1416 occurrunt,

148 1455 267 1502 quae
293 1439 481 1502 gratiam
511 1439 861 1487 sanctificantem
888 1437 1143 1502 significant
1171 1453 1249 1503 per
1271 1437 1356 1485 hoc
1379 1453 1631 1485 sacramen-

151 1524 244 1562 tum
279 1514 502 1572 collatam,
530 1525 608 1562 aut
629 1515 958 1563 conferendam.

251 1592 496 1648 Praeterea,
520 1592 894 1656 quemadmodum
918 1593 964 1638 in
991 1592 1349 1639 sacramentariis
1370 1592 1626 1645 latinorum,

151 1667 217 1713 sic
240 1667 286 1714 in
308 1667 585 1732 euchologiis
609 1685 867 1732 graecorum
890 1668 1141 1716 communio
1165 1668 1484 1733 praescribitur
1500 1686 1631 1732 spon—

149 1760 202 1790 so
224 1754 269 1791 et
291 1759 487 1809 sponsae
515 1744 666 1792 danda
695 1745 893 1810 corporis
922 1755 965 1791 et
994 1744 1226 1807 sanguinis
1251 1745 1426 1791 Domini
1456 1745 1501 1790 in
1531 1744 1630 1809 ipsa

152 1819 321 1868 missae
343 1821 540 1877 actione,
564 1832 642 1868 aut
660 1821 818 1869 saltem
849 1831 951 1885 post
978 1821 1162 1868 missam
1190 1839 1242 1868 ex
1272 1821 1631 1885 praesanctifica—

151 1895 209 1942 tis
242 1897 360 1959 (17),
393 1897 595 1962 adeoque
622 1908 666 1945 et
693 1898 873 1962 praevia
898 1907 1176 1962 peccatorum
1204 1897 1444 1945 confessio.
1468 1896 1632 1952 Quem·-

151 1970 391 2020 admodum
433 1974 601 2038 pariter
638 1974 684 2021 in
724 1974 912 2023 ecclesia
959 1972 1096 2022 latina
1137 1991 1163 2020 a
1209 1974 1371 2038 pietate
1415 1973 1632 2020 maiorum

151 2045 458 2096 celebrabatur
475 2050 573 2098 dies
592 2050 848 2114 trigesimus
865 2061 909 2098 et
926 2049 1256 2098 anniversarius
1275 2048 1541 2096 matrimonii
1559 2064 1632 2096 sa·—

151 2122 312 2171 crificii
340 2124 557 2173 incruenti
585 2126 831 2183 oblatione,
859 2144 910 2174 ac
930 2126 1133 2174 eiusdem
1154 2125 1269 2172 sacri
1294 2124 1632 2189 participatione

150 2200 352 2264 mysterii
387 2202 510 2264 (18),
543 2202 608 2250 sic
633 2202 679 2249 in
708 2203 897 2251 ecclesia
923 2219 1080 2265 graeca
1114 2201 1254 2249 oratio
1287 2201 1509 2249 invenitur
1537 2218 1632 2248 cum

249 2360 315 2401 (15)
338 2362 374 2392 ln
401 2362 482 2394 Vota
500 2369 566 2403 pro
582 2369 670 2403 pace
691 2363 815 2394 contra
830 2361 991 2394 Rioelam
1011 2369 1111 2401 agens
1124 2360 1165 2392 de
1178 2360 1405 2393 conformitate
1426 2359 1630 2400 liturgiarum

150 2421 210 2453 pro
225 2413 303 2445 reali
320 2413 441 2446 christi
456 2413 637 2455 praesentia
654 2423 730 2455 opp.
744 2413 933 2454 Theoloqic.
944 2412 998 2445 ed.
1015 2412 1191 2445 Amsteiod.
1205 2416 1295 2446 1679.
1307 2414 1385 2444 tom.
1401 2413 1458 2444 111.
1471 2420 1543 2452 pag.
1556 2415 1627 2443 670.

248 2466 314 2507 (16)
339 2466 436 2499 Hebr.
453 2468 544 2499 xm.
559 2470 588 2499 4.

246 2518 313 2558 (17)
335 2518 386 2550 Cf.
397 2518 555 2551 Goarium
564 2518 598 2551 in
607 2518 818 2561 Eucholoqio
827 2519 883 2552 cit.
892 2518 934 2551 ad
945 2517 1104 2560 officium
1111 2519 1345 2551 coronationis
1358 2518 1463 2549 not.7.
1477 2526 1548 2557 pag.
1558 2521 1628 2549 898.

251 2570 319 2612 (18)
340 2570 470 2612 Legitur
485 2572 572 2604 enim
587 2571 621 2604 in
634 2571 755 2604 Missali
774 2572 937 2613 gelasiano
951 2583 968 2600 ιι
979 2570 1085 2612 Infra
1099 2572 1269 2603 actionem
1279 2568 1328 2601 ad
1343 2570 1556 2610 tricesimum
1576 2569 1633 2601 vet

147 2622 339 2655 annualem
354 2625 581 2664 nuptiamm:
597 2624 689 2655 Hanc
705 2623 803 2664 igitur
818 2624 1033 2663 oblationem,
1049 2623 1202 2662 Domine,
1220 2621 1414 2653 famulorum
1429 2623 1561 2653 tuorum
1576 2619 1632 2653 illi

154 2676 186 2705 et
200 2675 300 2714 illas,
311 2685 410 2715 quam
422 2676 482 2708 tibi
497 2676 639 2708 offerunt
652 2676 695 2708 ob
709 2676 795 2708 diem
811 2676 1010 2717 trigesimum
1020 2675 1258 2708 coniunctionis
1272 2682 1366 2713 suae,
1381 2673 1437 2706 vel
1447 2673 1630 2714 annualem,

151 2734 219 2765 quo
228 2726 281 2758 die
290 2735 345 2759 eos
358 2727 455 2768 iugali
471 2727 601 2760 vinculo
611 2728 735 2760 sociare
747 2728 898 2769 dignatus
909 2737 954 2768 es,
966 2728 1111 2769 placatus
1129 2727 1267 2767 accipias
1284 2725 1506 2767 deprecamur.
1514 2739 1528 2753 n
1539 2725 1630 2766 Apud

152 2777 364 2811 Muratorium
380 2780 540 2819 Licurqia
564 2788 711 2812 romana
734 2781 835 2812 vetus
858 2781 924 2812 tom
952 2782 975 2811 Ι.
988 2780 1051 2811 coi.
1064 2782 1135 2812 712.
1148 2779 1198 2810 Cf.
1213 2779 1308 2810 (itiam
1326 2780 1491 2818 nugonem
1508 2780 1628 2811 Menar-

151 2829 231 2861 -Jum
250 2831 280 2861 in
296 2832 381 2863 notis
394 2832 435 2862 ad
453 2834 594 2864 Sacram.
610 2833 731 2864 Gelasii
744 2833 778 2864 in
792 2833 880 2864 hunc
894 2834 955 2864 loc.
