1918 3186
253 198 343 230 cn.
362 198 419 230 lv.
439 198 613 230 EXPEND.
631 196 724 229 ΑΒΕ.
741 197 791 228 ΒΕ
809 196 900 228 ΜΙΝ.
916 197 1030 229 SACR.
1053 197 1145 229 ΛΒΤ.
1161 196 1206 228 11.
1224 196 1318 228 ΔΒΕ.
1334 196 1454 228 Tmo.
1526 181 1617 228 117

158 275 304 339 potius
328 275 384 322 iis
409 274 715 329 conficeretur,
743 290 856 336 quae
878 274 1038 322 vellent
1060 274 1300 323 sententiae
1324 273 1453 322 istius
1477 284 1618 322 secta-

158 361 274 397 tores
309 349 557 397 ostendere.

251 425 421 473 Etenim
456 427 499 470 1.
523 424 796 488 exploratum
820 434 910 479 est,
940 435 1161 489 receptum
1185 425 1324 473 fuisse
1347 426 1611 490 antiquitus,

156 502 202 547 in
219 500 405 549 ecclesia
423 499 682 564 praesertim
708 516 902 556 romana,
925 517 1010 546 non
1030 499 1170 546 solum
1190 501 1404 565 nuptialia
1421 501 1612 558 foedera,

154 592 304 623 verum
327 575 460 622 etiam
483 573 712 638 sponsalia
731 592 758 621 a
775 574 1000 621 sacerdote
1014 574 1232 622 benedici.
1256 575 1306 622 ld
1323 578 1617 641 comperimus

154 668 207 697 ex
232 667 270 697 s.
292 650 464 705 Siricio,
491 649 622 696 cuius
647 649 814 712 integra
835 648 970 696 verba
996 648 1129 713 paulo
1151 659 1253 698 ante
1274 650 1613 715 descripsimus:

157 728 244 774 Illa
268 726 512 781 benedictio,
537 743 665 790 quam
687 742 902 774 Nummum
926 725 1121 773 sacerdos
1145 727 1324 790 imponit
1347 737 1504 783 etc.,·et
1518 728 1618 792 qui-

153 803 253 850 dem
277 802 440 850 alicubi
465 802 509 848 in
533 802 720 850 ecclesia
744 802 853 849 haec
876 801 1104 867 sponsalia
1127 802 1292 849 fiebant
1307 840 1317 858 ,
1345 803 1409 850 uti
1432 814 1618 851 testatur

153 878 388 925 concilium
414 878 646 925 rhemense
669 895 740 924 an.
766 878 906 924 1583.
929 877 1001 924 his
1024 876 1199 925 verbis:
1219 896 1242 921 «
1257 866 1489 942 Sponsalia
1512 895 1615 925 vero

155 969 241 1000 non
276 953 363 1000 nisi
396 969 543 1000 coram
578 969 786 1016 paroeco‚
814 951 881 999 vel
907 952 1002 999 eius
1025 952 1214 1008 vicario,
1243 951 1452 1016 deinceps
1483 952 1610 1008 fiant,

153 1028 287 1092 idque
310 1028 355 1074 in
377 1027 590 1083 ecclesia,
618 1037 660 1074 et
683 1044 770 1074 non
805 1026 910 1073 alibi
931 1065 941 1082 ‚
979 1027 1065 1074 nisi
1090 1027 1146 1073 de
1169 1026 1378 1074 ordinarii
1412 1027 1611 1083 licentia,

151 1103 289 1166 gratis
312 1102 618 1157 concedenda,
640 1112 829 1166 quatuor
844 1102 913 1149 vel
931 1101 1072 1149 tribus
1096 1101 1252 1149 saltem
1277 1102 1465 1150 testibus
1488 1120 1616 1167 prae-

150 1177 355 1224 sentibus
382 1179 532 1240 (23).»
555 1178 687 1225 Porro
710 1194 837 1224 nemo
870 1176 985 1224 dicet
1018 1177 1236 1225 eiusmodi
1267 1177 1616 1226 benedictionem

149 1253 416 1301 constituere
450 1264 791 1301 sacramentum.

248 1330 293 1375 2.
308 1329 561 1376 Benedictio
577 1339 826 1393 praeterea,
849 1345 965 1393 quae
981 1346 1008 1375 a
1025 1328 1250 1376 sacerdote
1267 1328 1311 1374 in
1331 1329 1499 1393 nuptiis
1517 1346 1617 1376 con-

153 1404 388 1461 ferebatur,
410 1423 500 1452 una
517 1422 616 1453 cum
641 1404 864 1470 precibus,
887 1421 1002 1468 quae
1020 1404 1077 1452 ab
1093 1404 1246 1452 eodem
1270 1421 1403 1469 super
1425 1422 1614 1470 sponsos

152 1479 448 1527 fundebantur
463 1480 519 1527 ad
536 1497 690 1545 pacem
706 1490 751 1527 et
770 1479 1107 1527 foecunditatem
1131 1479 1451 1544 impetrandam
1464 1518 1474 1536 ‚
1494 1481 1616 1528 varia

154 1556 236 1604 fuit
266 1557 311 1602 in
344 1556 534 1604 diversis
568 1555 768 1605 ecclesiis
793 1573 845 1604 ac
867 1555 1125 1621 multiplex,
1163 1556 1489 1621 accedebatque
1513 1573 1616 1605 con-

152 1632 270 1695 iugio
302 1633 389 1688 iam
423 1632 533 1680 inito
564 1643 667 1697 post
697 1631 931 1697 utriusque
976 1632 1277 1680 contrahentis
1314 1649 1611 1687 consensum,

150 1708 350 1773 adeoque
382 1708 559 1756 nonnisi
593 1707 898 1756 ceremonialis
945 1719 1038 1756 erat
1057 1746 1066 1764 ,
1111 1708 1295 1772 perinde
1337 1719 1471 1772 atque
1503 1707 1580 1755 illa
1600 1746 1609 1763 ,

151 1800 267 1847 quae
288 1783 478 1832 dabatur
497 1773 706 1832 velamini
725 1821 735 1840 ,
763 1794 807 1832 et
827 1783 990 1832 annulo
1003 1822 1013 1840 ,
1040 1784 1104 1831 uti
1128 1784 1287 1831 docent
1308 1783 1489 1832 rituales
1513 1783 1613 1830 libri

152 1858 274 1926 apud
302 1859 561 1907 Martenium
591 1860 636 1922 (2
645 1860 710 1921 4),
732 1876 876 1924 neque
898 1877 978 1924 per
999 1876 1097 1906 eam
1120 1858 1433 1907 conficiebatur
1465 1874 1615 1905 sacra-

153 1943 364 1982 mentum.

252 2011 295 2055 3.
325 2009 453 2065 Quod
484 2028 588 2059 vero
621 2012 763 2074 magis
797 2012 853 2059 ad
887 2029 978 2059 rem
1012 2021 1206 2059 nostram
1241 2010 1365 2065 facit,
1393 2009 1611 2057 eiusmodi

154 2084 427 2141 benedictio,
448 2085 534 2132 hae
548 2086 845 2135 solemnitates
864 2098 907 2135 et
927 2104 1080 2152 preces
1101 2086 1278 2134 omnino
1301 2096 1392 2132 tum
1411 2085 1458 2131 in
1474 2085 1614 2132 eccle—

153 2161 224 2207 sia
241 2177 397 2224 graeca
410 2199 419 2217 ,
441 2171 532 2207 tum
556 2161 601 2207 in
623 2161 810 2209 ecclesia
825 2163 964 2210 latina
980 2161 1311 2225 denegabantur
1327 2161 1514 2224 digamis
1527 2198 1537 2216 ‚
1566 2172 1615 2209 ut

155 2235 287 2301 paulo
304 2246 404 2283 ante
419 2236 693 2284 ostendimus
712 2254 764 2284 ex
781 2237 1010 2285 Theodoro
1032 2236 1212 2285 studita.
1228 2235 1409 2284 Constat
1432 2237 1614 2300 insuper

152 2329 207 2359 ex
224 2311 382 2359 Allatio
408 2322 451 2359 et
472 2329 524 2359 ex
549 2311 706 2360 Goario
733 2312 933 2375 digamos
958 2329 1045 2360 non
1068 2312 1295 2367 coronari;
1322 2311 1614 2376 pluribusque

154 2387 433 2435 documentis
458 2388 651 2435 ostendit
673 2388 911 2436 Martenius
944 2388 1203 2451 denegatam
1242 2404 1338 2435 eam
1374 2386 1613 2451 nuptialem

155 2463 503 2512 benedictionem
520 2463 668 2512 viduis
694 2464 833 2513 fuisse
853 2466 952 2526 (25)
964 2502 973 2510 .
991 2464 1192 2511 Attamen
1211 2458 1487 2510 matrimonia
1504 2462 1613 2509 haec

196 2679 206 2711 1
247 2630 315 2671 (23)
335 2632 402 2664 Sub
424 2631 520 2665 titulo
547 2634 593 2666 De
618 2634 838 2666 matr-§monio
861 2641 892 2663 n.
918 2635 947 2664 4.
964 2630 1050 2672 apud
1064 2629 1221 2664 narduin.
1236 2630 1322 2662 Acca
1339 2629 1461 2662 concil.
1477 2629 1557 2663 tom.
1571 2631 1610 2662 x.

155 2688 195 2711 eo
212 2705 218 2712 .
241 2685 277 2713 12
322 2706 330 2713 .

249 2684 317 2773 (223
335 2735 397 2775 op.
412 2735 446 2767 ct
460 2735 523 2768 loc.
538 2736 594 2769 cit.

250 2784 316 2824 (25)
338 2786 413 2818 Loc.
427 2787 483 2818 cit.
500 2788 560 2819 art.
581 2792 608 2820 ι.
623 2789 653 2818 et
670 2789 729 2819 art.
747 2793 776 2818 3.
