1918 3186
416 223 507 255 car.
537 223 583 254 11.
612 220 663 254 1³13
687 219 896 255 mmsrno.
926 223 1020 255 nrt.
1051 224 1080 255 1.
1105 220 1276 261 Qumsr.
1300 219 1439 255 omco.
1608 205 1664 254 51

187 309 390 348 oratione
419 298 712 355 sacerdotali;
740 298 838 347 sine
868 317 957 364 qua
991 317 1235 366 numquam
1267 299 1582 350 celebrandum
1605 312 1673 349 est

191 376 519 424 matrimonium
534 411 548 431 ,
578 391 713 440 quam
742 374 1013 439 quicumque
1046 376 1408 442 contempserint,
1434 385 1513 426 aut
1532 375 1672 424 decli·

190 452 414 508 naverint,
436 453 526 499 nisi
539 461 653 499 metu
670 450 798 506 iusto,
821 451 1006 499 amatia
1023 470 1155 500 causa
1170 454 1432 508 neccssaria,
1453 470 1544 501 non
1569 464 1674 501 sunt

188 529 402 591 coniuges
436 528 659 585 habendi,
696 529 776 576 sed
807 528 1062 584 fornicarii,
1090 547 1174 578 nec
1198 531 1278 577 filii
1301 548 1454 578 eorum
1485 527 1671 594 legitimi

188 622 292 654 esse
315 604 542 652 censendi„
571 604 745 652 Etenim
770 610 852 652 nec
875 605 1002 652 cibus
1026 606 1272 654 sumendus
1291 618 1364 654 est
1383 607 1558 672 absque
1573 624 1673 654 ora-

188 681 333 738 tione,
364 690 409 729 et
436 681 745 730 benedictione
777 681 1068 738 sacerdotali;
1107 682 1184 729 ubi
1219 683 1463 731 sacerdotis
1498 692 1569 731 est
1600 700 1674 731 co*

188 757 266 822 pia
293 795 303 814 ‚
347 775 430 806 nec
463 756 645 822 aliquod
680 775 793 822 opus
827 758 961 806 etiam
996 757 1118 814 leve,
1157 768 1234 806 aut
1267 760 1513 816 modicum,
1551 759 1672 824 quod

183 834 337 899 operis
371 834 551 882 nomine
584 835 769 898 dignum
805 834 887 890 sit,
926 834 1276 898 aggrediendum
1313 835 1385 883 vel
1418 836 1672 883 faciendum

188 910 366 976 absque
396 910 704 959 benedictione
731 921 775 959 et
799 909 952 958 divina
978 909 1258 959 invocatione
1280 913 1398 974 (3).»
1420 912 1502 960 His
1521 911 1673 976 plures

185 986 303 1035 alias
332 986 487 1035 adiicit
515 1004 595 1051 per
626 985 1031 1049 integrumvfolium
1066 986 1376 1051 probationes,
1407 987 1576 1051 quibus
1602 1005 1674 1036 so*

191 1062 283 1110 lum
328 1063 506 1111 evincat
543 1062 899 1111 convenientiam
934 1062 1176 1126 recipiendi
1211 1062 1566 1128 exquirendique
1595 1063 1674 1111 bc·

189 1138 487 1188 nedictionem
524 1139 792 1195 sacerdotis,
820 1156 910 1203 quo
933 1149 1086 1187 sancte
1108 1139 1356 1187 celebretur
1388 1139 1667 1203 coniugium,

185 1227 323 1281 atque
361 1217 475 1264 inter
508 1227 677 1264 ceteras
712 1216 841 1263 affert
873 1215 1125 1280 exemplum
1169 1216 1355 1280 petitum
1387 1233 1442 1264 ex
1475 1216 1674 1281 antiquis

185 1292 456 1356 patriarchis
474 1330 484 1350 ,
505 1293 585 1358 qui
603 1292 791 1340 orationi
815 1291 1066 1340 referebant
1087 1303 1316 1357 acceptam
1340 1292 1511 1357 prolem
1535 1311 1670 1358 quam

182 1386 242 1416 ex
273 1369 481 1433 coniugio
515 1379 810 1434 susceperunt
836 1406 846 1425 ,
893 1385 981 1416 non
1021 1367 1226 1416 obstante
1265 1383 1451 1416 uxorum
1485 1385 1670 1416 suarum

185 1445 448 1502 sterilitate;
486 1463 569 1493 nec
600 1462 813 1510 umquam
834 1452 982 1492 'vocat
1015 1445 1289 1492 sacerdotem
1322 1446 1570 1492 ministrum
1603 1461 1675 1492 sa⁴

186 1521 402 1568 crementi
428 1521 722 1577 matrimonii;
762 1520 863 1568 talis
900 1537 1033 1585 porro
1066 1520 1202 1577 foret,
1241 1520 1283 1568 si
1314 1517 1564 1568 benedictio
1592 1538 1673 1568 seu

184 1597 345 1653 oratio,
372 1614 508 1662 quam
538 1596 684 1645 fundit
716 1595 926 1646 sacerdos
960 1613 1097 1660 super
1129 1595 1469 1653 contrahentes,
1508 1596 1675 1645 formae

189 1673 405 1722 rationem
438 1673 638 1722 haberet.

284 1751 374 1799 Nec
406 1750 556 1799 minus
589 1749 838 1798 luculenter
871 1749 1136 1799 Guilielmus
1170 1760 1363 1798 mentem
1393 1767 1522 1798 suam
1553 1760 1676 1814 pate*

189 1825 295 1874 facit
327 1825 373 1873 in
406 1826 551 1890 capite
575 1826 650 1882 IX,
678 1826 750 1873 cui
781 1825 961 1874 titulus:
1002 1825 1279 1881 Quaestiones
1313 1835 1499 1889 quatuor
1530 1826 1677 1888 sinqu-

192 1901 320 1958 larcs,
350 1903 572 1952 scribens:
605 1903 795 1951 «Utrum
818 1912 1147 1952 sacramentum
1175 1902 1268 1951 veri
1299 1901 1494 1950 nominis
1526 1912 1570 1949 et
1602 1918 1676 1949 sa⁶

191 1979 471 2028 eramentalis
493 1980 670 2028 virtutis
687 1980 748 2028 sit
769 1979 1174 2042 (matrimonium),
1190 1979 1230 2026 si
1242 1988 1416 2042 praeter
1432 1976 1675 2042 nuptialem

192 2052 543 2103 benedictionem
559 2093 570 2111 ,
607 2066 652 2104 ct
682 2056 926 2105 orationem
944 2094 955 2112 ‚
989 2073 1128 2120 quam
1163 2055 1329 2102 habere
1363 2063 1532 2118 potest,
1568 2070 1676 2102 con*

194 2128 429 2177 trahatur?
459 2130 618 2178 Verum
646 2142 810 2180 certum
846 2144 939 2188 cst,
978 2132 1087 2196 quia
1106 2142 1154 2178 et
1175 2148 1348 2178 sacrum
1378 2131 1552 2194 siquam
1584 2140 1670 2185 est,

188 2215 232 2252 et
253 2223 448 2261 sacrans,
482 2208 571 2253 sive
593 2208 867 2271 sanctificans
895 2210 1054 2256 virtute
1080 2207 1314 2255 essentiali.
1336 2244 1345 2253 .
1366 2243 1377 2254 .
1399 2244 1408 2253 .
1423 2217 1467 2255 et
1489 2206 1674 2255 forsitan

193 2281 350 2329 merito
368 2319 378 2338 ‚
415 2281 657 2329 dummodo
690 2282 905 2346 nuptialis
939 2281 1189 2331 benedictio
1226 2300 1311 2331 non
1347 2292 1671 2338 contemnatur,-

191 2357 274 2405 sed
306 2357 514 2405 virtutem
549 2357 915 2406 sacramentalem
954 2358 1136 2407 omnino
1170 2376 1256 2407 non
1291 2357 1448 2415 habet,
1476 2375 1557 2405 nec
1583 2353 1676 2405 veri

191 2434 384 2481 nominis
426 2445 495 2483 est
539 2445 892 2491 sacramentum,
942 2435 1030 2483 nisi
1075 2435 1192 2483 sicut
1222 2435 1433 2482 diximus.
1470 2433 1596 2481 Unde
1633 2443 1677 2480 et

193 2510 521 2558 matrimonium
557 2511 678 2575 apud
714 2510 893 2567 fideles,
930 2522 974 2559 et
1006 2511 1130 2576 apud
1164 2511 1395 2567 infideles,
1434 2509 1676 2574 aequivoce

192 2586 375 2636 dicitur:
404 2588 525 2653 apud
559 2588 764 2636 infideles
798 2589 918 2636 enim
945 2606 1034 2636 non
1067 2599 1159 2645 est,
1194 2587 1282 2636 nisi
1312 2587 1430 2635 sicut
1453 2586 1670 2643 diximus,

192 2663 315 2726 apud
348 2664 503 2713 fideles
529 2675 675 2713 autem
700 2675 769 2713 est
796 2665 872 2713 illo
906 2665 1062 2721 modo,
1100 2675 1144 2711 et
1177 2664 1360 2728 insuper
1391 2679 1575 2712 sacrans
1598 2663 1676 2711 be-

197 2738 459 2788 nedictionis
488 2741 669 2798 virtute,
696 2742 815 2806 quod
840 2752 909 2788 est
932 2741 1157 2805 proprium
1183 2757 1385 2788 verorum
1410 2740 1563 2805 plenae
1585 2742 1675 2787 vir-

294 2844 340 2885 (3)
361 2846 441 2886 Opp.
459 2845 509 2877 ed.
527 2848 639 2878 venet.
662 2851 750 2879 1591.
766 2848 845 2879 tom.
867 2849 907 2878 ΙΙ.
926 2856 996 2887 pag.
1016 2849 1086 2879 492.
1100 2846 1163 2878 col.
1183 2851 1209 2878 Ι.

1584 2899 1611 2927 Al<
