<?xml version="1.0" encoding="UTF-8"?>
<!DOCTYPE html PUBLIC "-//W3C//DTD XHTML 1.0 Transitional//EN"
    "http://www.w3.org/TR/xhtml1/DTD/xhtml1-transitional.dtd">
<html xmlns="http://www.w3.org/1999/xhtml" xml:lang="en" lang="en">
 <head>
  <title>
</title>
<meta http-equiv="Content-Type" content="text/html;charset=utf-8" />
  <meta name='ocr-system' content='tesseract 3.04.00' />
  <meta name='ocr-capabilities' content='ocr_page ocr_carea ocr_par ocr_line ocrx_word'/>
</head>
<body>
  <div class='ocr_page' id='page_1' title='image "a603380701perruoft_0144.png"; bbox 0 0 1918 3186; ppageno 0'>
   <div class='ocr_carea' id='block_1_1' title="bbox 324 198 1510 244">
    <p class='ocr_par' dir='ltr' id='par_1_1' title="bbox 324 198 1510 244">
     <span class='ocr_line' id='line_1_1' title="bbox 324 198 1510 244; baseline -0.003 -1"><span class='ocrx_word' id='word_1_1' title='bbox 324 198 412 243; x_wconf 79' lang='lat'><strong>122</strong></span> <span class='ocrx_word' id='word_1_2' title='bbox 576 213 655 244; x_wconf 78' lang='lat' dir='ltr'><strong>un.</strong></span> <span class='ocrx_word' id='word_1_3' title='bbox 686 212 714 242; x_wconf 90' lang='lat'><strong>1.</strong></span> <span class='ocrx_word' id='word_1_4' title='bbox 744 210 857 242; x_wconf 75' lang='lat' dir='ltr'><strong>srcr.</strong></span> <span class='ocrx_word' id='word_1_5' title='bbox 887 210 917 240; x_wconf 87' lang='lat'><strong>1.</strong></span> <span class='ocrx_word' id='word_1_6' title='bbox 947 209 998 240; x_wconf 75' lang='lat' dir='ltr'><strong>nn</strong></span> <span class='ocrx_word' id='word_1_7' title='bbox 1033 209 1203 242; x_wconf 71' lang='lat' dir='ltr'><strong>numu.</strong></span> <span class='ocrx_word' id='word_1_8' title='bbox 1221 209 1510 243; x_wconf 62' lang='lat' dir='ltr'><strong>smmumw.</strong></span> 
     </span>
    </p>
   </div>
   <div class='ocr_carea' id='block_1_2' title="bbox 318 286 1787 2620">
    <p class='ocr_par' dir='ltr' id='par_1_2' title="bbox 319 286 1782 728">
     <span class='ocr_line' id='line_1_2' title="bbox 323 286 1782 351; baseline 0.001 -16"><span class='ocrx_word' id='word_1_9' title='bbox 323 290 592 343; x_wconf 88' lang='lat' dir='ltr'><strong>interventu,</strong></span> <span class='ocrx_word' id='word_1_10' title='bbox 621 288 897 332; x_wconf 77' lang='lat' dir='ltr'><strong>intrinsecum</strong></span> <span class='ocrx_word' id='word_1_11' title='bbox 920 296 988 333; x_wconf 90' lang='lat' dir='ltr'><strong>est</strong></span> <span class='ocrx_word' id='word_1_12' title='bbox 1010 303 1062 333; x_wconf 84' lang='lat' dir='ltr'><strong>ex</strong></span> <span class='ocrx_word' id='word_1_13' title='bbox 1087 286 1250 334; x_wconf 86' lang='lat' dir='ltr'>Christi</span> <span class='ocrx_word' id='word_1_14' title='bbox 1275 287 1550 335; x_wconf 87' lang='lat' dir='ltr'><strong>institutione</strong></span> <span class='ocrx_word' id='word_1_15' title='bbox 1572 288 1659 351; x_wconf 91' lang='lat' dir='ltr'><strong>ipsi</strong></span> <span class='ocrx_word' id='word_1_16' title='bbox 1683 307 1782 337; x_wconf 88' lang='lat' dir='ltr'><strong>con-</strong></span> 
     </span>
     <span class='ocr_line' id='line_1_3' title="bbox 321 361 1782 425; baseline 0.001 -15"><span class='ocrx_word' id='word_1_17' title='bbox 321 364 475 411; x_wconf 88' lang='lat' dir='ltr'><strong>tractui</strong></span> <span class='ocrx_word' id='word_1_18' title='bbox 500 361 718 424; x_wconf 83' lang='lat' dir='ltr'><strong>coniugali</strong></span> <span class='ocrx_word' id='word_1_19' title='bbox 738 398 747 417; x_wconf 90' lang='lat'>,</span> <span class='ocrx_word' id='word_1_20' title='bbox 776 361 852 425; x_wconf 92' lang='lat' dir='ltr'><strong>qui</strong></span> <span class='ocrx_word' id='word_1_21' title='bbox 878 361 1022 418; x_wconf 81' lang='lat' dir='ltr'><strong>refert,</strong></span> <span class='ocrx_word' id='word_1_22' title='bbox 1047 362 1139 409; x_wconf 90' lang='lat' dir='ltr'><strong>sive</strong></span> <span class='ocrx_word' id='word_1_23' title='bbox 1163 372 1462 425; x_wconf 88' lang='lat' dir='ltr'><strong>repraesentat</strong></span> <span class='ocrx_word' id='word_1_24' title='bbox 1483 363 1689 410; x_wconf 91' lang='lat' dir='ltr'><strong>unionem</strong></span> <span class='ocrx_word' id='word_1_25' title='bbox 1715 365 1782 411; x_wconf 90' lang='lat' dir='ltr'><strong>in—</strong></span> 
     </span>
     <span class='ocr_line' id='line_1_4' title="bbox 321 437 1782 503; baseline 0.001 -18"><span class='ocrx_word' id='word_1_26' title='bbox 321 437 628 486; x_wconf 81' lang='lat' dir='ltr'><strong>dissolubilem</strong></span> <span class='ocrx_word' id='word_1_27' title='bbox 662 437 826 483; x_wconf 81' lang='lat' dir='ltr'>Christi</span> <span class='ocrx_word' id='word_1_28' title='bbox 862 454 960 484; x_wconf 91' lang='lat' dir='ltr'><strong>cum</strong></span> <span class='ocrx_word' id='word_1_29' title='bbox 996 437 1209 493; x_wconf 84' lang='lat' dir='ltr'><strong>ecclesia,</strong></span> <span class='ocrx_word' id='word_1_30' title='bbox 1250 448 1378 501; x_wconf 89' lang='lat' dir='ltr'><strong>prout</strong></span> <span class='ocrx_word' id='word_1_31' title='bbox 1410 438 1650 485; x_wconf 80' lang='lat' dir='ltr'>declaravit</span> <span class='ocrx_word' id='word_1_32' title='bbox 1671 438 1782 503; x_wconf 88' lang='lat' dir='ltr'><strong>Apo-</strong></span> 
     </span>
     <span class='ocr_line' id='line_1_5' title="bbox 320 512 1782 578; baseline 0.001 -17"><span class='ocrx_word' id='word_1_33' title='bbox 320 514 461 561; x_wconf 87' lang='lat' dir='ltr'><strong>stolus</strong></span> <span class='ocrx_word' id='word_1_34' title='bbox 485 513 651 576; x_wconf 91' lang='lat' dir='ltr'><strong>Ephes.</strong></span> <span class='ocrx_word' id='word_1_35' title='bbox 680 513 728 557; x_wconf 93' lang='lat' dir='ltr'><strong>V.</strong></span> <span class='ocrx_word' id='word_1_36' title='bbox 761 513 857 568; x_wconf 79' lang='lat'>32.;</span> <span class='ocrx_word' id='word_1_37' title='bbox 881 512 980 576; x_wconf 91' lang='lat' dir='ltr'><strong>ipsa</strong></span> <span class='ocrx_word' id='word_1_38' title='bbox 1012 530 1114 560; x_wconf 88' lang='lat' dir='ltr'><strong>vero</strong></span> <span class='ocrx_word' id='word_1_39' title='bbox 1148 513 1304 569; x_wconf 88' lang='lat' dir='ltr'><strong>verba,</strong></span> <span class='ocrx_word' id='word_1_40' title='bbox 1343 513 1505 578; x_wconf 87' lang='lat' dir='ltr'><strong>quibus</strong></span> <span class='ocrx_word' id='word_1_41' title='bbox 1540 531 1782 562; x_wconf 85' lang='lat' dir='ltr'><strong>consensus</strong></span> 
     </span>
     <span class='ocr_line' id='line_1_6' title="bbox 319 588 1776 654; baseline 0.001 -18"><span class='ocrx_word' id='word_1_42' title='bbox 319 608 346 636; x_wconf 90' lang='lat' dir='ltr'><strong>a</strong></span> <span class='ocrx_word' id='word_1_43' title='bbox 379 588 739 637; x_wconf 80' lang='lat' dir='ltr'><strong>contrahentibus</strong></span> <span class='ocrx_word' id='word_1_44' title='bbox 774 589 1048 652; x_wconf 81' lang='lat' dir='ltr'><strong>exprimitur,</strong></span> <span class='ocrx_word' id='word_1_45' title='bbox 1076 589 1236 636; x_wconf 90' lang='lat' dir='ltr'><strong>debere</strong></span> <span class='ocrx_word' id='word_1_46' title='bbox 1269 590 1436 654; x_wconf 89' lang='lat' dir='ltr'><strong>aliquid</strong></span> <span class='ocrx_word' id='word_1_47' title='bbox 1462 592 1574 638; x_wconf 90' lang='lat' dir='ltr'><strong>sacri</strong></span> <span class='ocrx_word' id='word_1_48' title='bbox 1599 608 1776 647; x_wconf 88' lang='lat' dir='ltr'><strong>sonare,</strong></span> 
     </span>
     <span class='ocr_line' id='line_1_7' title="bbox 320 665 873 728; baseline -0.002 -17"><span class='ocrx_word' id='word_1_49' title='bbox 320 665 476 712; x_wconf 88' lang='lat' dir='ltr'><strong>Canus</strong></span> <span class='ocrx_word' id='word_1_50' title='bbox 502 665 638 728; x_wconf 79' lang='lat' dir='ltr'><strong>gratis</strong></span> <span class='ocrx_word' id='word_1_51' title='bbox 672 665 873 711; x_wconf 81' lang='lat' dir='ltr'><strong>assumit.</strong></span> 
     </span>
    </p>

    <p class='ocr_par' dir='ltr' id='par_1_3' title="bbox 318 739 1787 2318">
     <span class='ocr_line' id='line_1_8' title="bbox 413 739 1782 806; baseline 0.001 -21"><span class='ocrx_word' id='word_1_52' title='bbox 413 740 486 787; x_wconf 89' lang='lat' dir='ltr'><strong>Sic</strong></span> <span class='ocrx_word' id='word_1_53' title='bbox 514 740 678 804; x_wconf 90' lang='lat' dir='ltr'><strong>pariter</strong></span> <span class='ocrx_word' id='word_1_54' title='bbox 700 739 811 786; x_wconf 87' lang='lat' dir='ltr'><strong>falso</strong></span> <span class='ocrx_word' id='word_1_55' title='bbox 835 739 982 786; x_wconf 88' lang='lat' dir='ltr'><strong>Canus</strong></span> <span class='ocrx_word' id='word_1_56' title='bbox 1007 739 1163 786; x_wconf 89' lang='lat' dir='ltr'><strong>iterum</strong></span> <span class='ocrx_word' id='word_1_57' title='bbox 1189 741 1378 787; x_wconf 84' lang='lat' dir='ltr'><strong>assumit</strong></span> <span class='ocrx_word' id='word_1_58' title='bbox 1400 758 1486 788; x_wconf 90' lang='lat' dir='ltr'><strong>non</strong></span> <span class='ocrx_word' id='word_1_59' title='bbox 1511 741 1663 789; x_wconf 90' lang='lat' dir='ltr'><strong>haberi</strong></span> <span class='ocrx_word' id='word_1_60' title='bbox 1689 759 1782 806; x_wconf 89' lang='lat' dir='ltr'><strong>per-</strong></span> 
     </span>
     <span class='ocr_line' id='line_1_9' title="bbox 321 815 1782 865; baseline 0 -2"><span class='ocrx_word' id='word_1_61' title='bbox 321 833 475 863; x_wconf 87' lang='lat' dir='ltr'><strong>sonam</strong></span> <span class='ocrx_word' id='word_1_62' title='bbox 508 815 698 862; x_wconf 89' lang='lat' dir='ltr'><strong>ministri</strong></span> <span class='ocrx_word' id='word_1_63' title='bbox 733 815 995 862; x_wconf 89' lang='lat' dir='ltr'><strong>conserentis</strong></span> <span class='ocrx_word' id='word_1_64' title='bbox 1031 826 1352 862; x_wconf 89' lang='lat' dir='ltr'><strong>sacramentum</strong></span> <span class='ocrx_word' id='word_1_65' title='bbox 1377 817 1433 863; x_wconf 83' lang='lat' dir='ltr'><strong>ad</strong></span> <span class='ocrx_word' id='word_1_66' title='bbox 1456 834 1654 864; x_wconf 92' lang='lat' dir='ltr'><strong>normam</strong></span> <span class='ocrx_word' id='word_1_67' title='bbox 1678 834 1782 865; x_wconf 91' lang='lat' dir='ltr'><strong>con-</strong></span> 
     </span>
     <span class='ocr_line' id='line_1_10' title="bbox 318 890 1775 947; baseline 0 -8"><span class='ocrx_word' id='word_1_68' title='bbox 318 892 410 939; x_wconf 88' lang='lat' dir='ltr'><strong>cilii</strong></span> <span class='ocrx_word' id='word_1_69' title='bbox 439 892 683 947; x_wconf 82' lang='lat' dir='ltr'><strong>florentini,</strong></span> <span class='ocrx_word' id='word_1_70' title='bbox 723 891 809 937; x_wconf 91' lang='lat' dir='ltr'><strong>nisi</strong></span> <span class='ocrx_word' id='word_1_71' title='bbox 846 890 1052 938; x_wconf 83' lang='lat' dir='ltr'><strong>sacerdos</strong></span> <span class='ocrx_word' id='word_1_72' title='bbox 1087 891 1402 938; x_wconf 89' lang='lat' dir='ltr'><strong>ministraverit</strong></span> <span class='ocrx_word' id='word_1_73' title='bbox 1434 893 1775 939; x_wconf 85' lang='lat' dir='ltr'><strong>matrimonium.</strong></span> 
     </span>
     <span class='ocr_line' id='line_1_11' title="bbox 318 967 1783 1032; baseline 0.001 -17"><span class='ocrx_word' id='word_1_74' title='bbox 318 970 428 1015; x_wconf 90' lang='lat' dir='ltr'><strong>Nam</strong></span> <span class='ocrx_word' id='word_1_75' title='bbox 463 968 641 1032; x_wconf 89' lang='lat' dir='ltr'><strong>ipsimet</strong></span> <span class='ocrx_word' id='word_1_76' title='bbox 664 967 970 1014; x_wconf 87' lang='lat' dir='ltr'><strong>contrahentes</strong></span> <span class='ocrx_word' id='word_1_77' title='bbox 995 967 1080 1013; x_wconf 90' lang='lat' dir='ltr'><strong>sibi</strong></span> <span class='ocrx_word' id='word_1_78' title='bbox 1105 967 1291 1014; x_wconf 88' lang='lat' dir='ltr'><strong>invicem</strong></span> <span class='ocrx_word' id='word_1_79' title='bbox 1316 967 1506 1014; x_wconf 90' lang='lat' dir='ltr'><strong>ministri</strong></span> <span class='ocrx_word' id='word_1_80' title='bbox 1531 979 1649 1024; x_wconf 87' lang='lat' dir='ltr'><strong>sunt,</strong></span> <span class='ocrx_word' id='word_1_81' title='bbox 1677 969 1783 1017; x_wconf 88' lang='lat' dir='ltr'><strong>dum</strong></span> 
     </span>
     <span class='ocr_line' id='line_1_12' title="bbox 318 1042 1780 1106; baseline 0.001 -15"><span class='ocrx_word' id='word_1_82' title='bbox 318 1043 451 1091; x_wconf 89' lang='lat' dir='ltr'><strong>verba</strong></span> <span class='ocrx_word' id='word_1_83' title='bbox 474 1060 738 1090; x_wconf 91' lang='lat' dir='ltr'><strong>consensum</strong></span> <span class='ocrx_word' id='word_1_84' title='bbox 762 1042 1051 1106; x_wconf 87' lang='lat' dir='ltr'><strong>exprimentia</strong></span> <span class='ocrx_word' id='word_1_85' title='bbox 1075 1043 1315 1106; x_wconf 80' lang='lat' dir='ltr'><strong>proferunt.</strong></span> <span class='ocrx_word' id='word_1_86' title='bbox 1347 1044 1441 1090; x_wconf 93' lang='lat' dir='ltr'><strong>Non</strong></span> <span class='ocrx_word' id='word_1_87' title='bbox 1474 1043 1602 1091; x_wconf 89' lang='lat' dir='ltr'><strong>video</strong></span> <span class='ocrx_word' id='word_1_88' title='bbox 1636 1054 1780 1093; x_wconf 86' lang='lat' dir='ltr'><strong>autem</strong></span> 
     </span>
     <span class='ocr_line' id='line_1_13' title="bbox 318 1119 1784 1183; baseline 0.001 -18"><span class='ocrx_word' id='word_1_89' title='bbox 318 1137 457 1183; x_wconf 88' lang='lat' dir='ltr'><strong>quare</strong></span> <span class='ocrx_word' id='word_1_90' title='bbox 471 1119 937 1166; x_wconf 85' lang='lat' dir='ltr'><strong>Canus-asseveranter</strong></span> <span class='ocrx_word' id='word_1_91' title='bbox 953 1119 1064 1166; x_wconf 92' lang='lat' dir='ltr'><strong>adeo</strong></span> <span class='ocrx_word' id='word_1_92' title='bbox 1082 1119 1357 1182; x_wconf 89' lang='lat' dir='ltr'><strong>pronunciet,</strong></span> <span class='ocrx_word' id='word_1_93' title='bbox 1373 1136 1459 1166; x_wconf 92' lang='lat' dir='ltr'><strong>non</strong></span> <span class='ocrx_word' id='word_1_94' title='bbox 1479 1137 1579 1167; x_wconf 92' lang='lat' dir='ltr'><strong>esse</strong></span> <span class='ocrx_word' id='word_1_95' title='bbox 1601 1120 1784 1167; x_wconf 89' lang='lat' dir='ltr'><strong>audien—</strong></span> 
     </span>
     <span class='ocr_line' id='line_1_14' title="bbox 319 1194 1784 1259; baseline 0.001 -19"><span class='ocrx_word' id='word_1_96' title='bbox 319 1195 401 1242; x_wconf 93' lang='lat' dir='ltr'><strong>dos</strong></span> <span class='ocrx_word' id='word_1_97' title='bbox 435 1212 538 1250; x_wconf 88' lang='lat' dir='ltr'><strong>eos,</strong></span> <span class='ocrx_word' id='word_1_98' title='bbox 577 1195 652 1259; x_wconf 92' lang='lat' dir='ltr'><strong>qui</strong></span> <span class='ocrx_word' id='word_1_99' title='bbox 681 1195 896 1257; x_wconf 80' lang='lat' dir='ltr'><strong>putabant</strong></span> <span class='ocrx_word' id='word_1_100' title='bbox 940 1195 1082 1242; x_wconf 88' lang='lat' dir='ltr'><strong>virum</strong></span> <span class='ocrx_word' id='word_1_101' title='bbox 1116 1212 1168 1241; x_wconf 90' lang='lat' dir='ltr'><strong>ac</strong></span> <span class='ocrx_word' id='word_1_102' title='bbox 1201 1194 1428 1241; x_wconf 88' lang='lat' dir='ltr'><strong>mulierem</strong></span> <span class='ocrx_word' id='word_1_103' title='bbox 1462 1212 1562 1242; x_wconf 91' lang='lat' dir='ltr'><strong>esse</strong></span> <span class='ocrx_word' id='word_1_104' title='bbox 1596 1196 1681 1242; x_wconf 92' lang='lat' dir='ltr'><strong>sibi</strong></span> <span class='ocrx_word' id='word_1_105' title='bbox 1717 1196 1784 1242; x_wconf 91' lang='lat' dir='ltr'><strong>in-</strong></span> 
     </span>
     <span class='ocr_line' id='line_1_15' title="bbox 319 1269 1781 1335; baseline -0.001 -18"><span class='ocrx_word' id='word_1_106' title='bbox 319 1271 459 1318; x_wconf 86' lang='lat' dir='ltr'><strong>vicem</strong></span> <span class='ocrx_word' id='word_1_107' title='bbox 493 1270 734 1318; x_wconf 87' lang='lat' dir='ltr'><strong>ministros.</strong></span> <span class='ocrx_word' id='word_1_108' title='bbox 768 1269 854 1325; x_wconf 87' lang='lat' dir='ltr'><strong>Qui</strong></span> <span class='ocrx_word' id='word_1_109' title='bbox 888 1270 1005 1316; x_wconf 90' lang='lat' dir='ltr'><strong>enim</strong></span> <span class='ocrx_word' id='word_1_110' title='bbox 1041 1270 1124 1317; x_wconf 91' lang='lat' dir='ltr'><strong>hoc</strong></span> <span class='ocrx_word' id='word_1_111' title='bbox 1151 1280 1435 1333; x_wconf 80' lang='lat' dir='ltr'><strong>putaverunt,</strong></span> <span class='ocrx_word' id='word_1_112' title='bbox 1476 1282 1579 1318; x_wconf 90' lang='lat' dir='ltr'><strong>sunt</strong></span> <span class='ocrx_word' id='word_1_113' title='bbox 1611 1271 1781 1335; x_wconf 88' lang='lat' dir='ltr'><strong>antiqui</strong></span> 
     </span>
     <span class='ocr_line' id='line_1_16' title="bbox 320 1344 1777 1410; baseline -0.001 -17"><span class='ocrx_word' id='word_1_114' title='bbox 320 1362 497 1402; x_wconf 84' lang='lat' dir='ltr'><strong>omnes,</strong></span> <span class='ocrx_word' id='word_1_115' title='bbox 535 1345 611 1410; x_wconf 88' lang='lat' dir='ltr'><strong>qui</strong></span> <span class='ocrx_word' id='word_1_116' title='bbox 646 1345 702 1392; x_wconf 89' lang='lat' dir='ltr'><strong>ad</strong></span> <span class='ocrx_word' id='word_1_117' title='bbox 737 1344 844 1391; x_wconf 90' lang='lat' dir='ltr'><strong>Cani</strong></span> <span class='ocrx_word' id='word_1_118' title='bbox 879 1362 1022 1409; x_wconf 90' lang='lat' dir='ltr'><strong>usque</strong></span> <span class='ocrx_word' id='word_1_119' title='bbox 1055 1355 1240 1392; x_wconf 88' lang='lat' dir='ltr'><strong>aetatem</strong></span> <span class='ocrx_word' id='word_1_120' title='bbox 1275 1346 1320 1391; x_wconf 92' lang='lat' dir='ltr'><strong>in</strong></span> <span class='ocrx_word' id='word_1_121' title='bbox 1354 1346 1542 1393; x_wconf 88' lang='lat' dir='ltr'><strong>ecclesia</strong></span> <span class='ocrx_word' id='word_1_122' title='bbox 1576 1347 1777 1394; x_wconf 88' lang='lat' dir='ltr'><strong>floruere.</strong></span> 
     </span>
     <span class='ocr_line' id='line_1_17' title="bbox 321 1420 1780 1484; baseline 0.001 -18"><span class='ocrx_word' id='word_1_123' title='bbox 321 1422 414 1468; x_wconf 94' lang='lat' dir='ltr'><strong>lmo</strong></span> <span class='ocrx_word' id='word_1_124' title='bbox 447 1420 491 1466; x_wconf 91' lang='lat' dir='ltr'><strong>id</strong></span> <span class='ocrx_word' id='word_1_125' title='bbox 527 1431 676 1484; x_wconf 85' lang='lat' dir='ltr'><strong>aperte</strong></span> <span class='ocrx_word' id='word_1_126' title='bbox 710 1421 818 1467; x_wconf 87' lang='lat' dir='ltr'><strong>satis</strong></span> <span class='ocrx_word' id='word_1_127' title='bbox 853 1420 1001 1467; x_wconf 90' lang='lat' dir='ltr'><strong>docuit</strong></span> <span class='ocrx_word' id='word_1_128' title='bbox 1034 1421 1182 1483; x_wconf 90' lang='lat' dir='ltr'><strong>ipsum</strong></span> <span class='ocrx_word' id='word_1_129' title='bbox 1218 1420 1453 1467; x_wconf 89' lang='lat' dir='ltr'><strong>concilium</strong></span> <span class='ocrx_word' id='word_1_130' title='bbox 1483 1421 1780 1477; x_wconf 89' lang='lat' dir='ltr'><strong>florentinum,</strong></span> 
     </span>
     <span class='ocr_line' id='line_1_18' title="bbox 320 1495 1786 1560; baseline 0 -18"><span class='ocrx_word' id='word_1_131' title='bbox 320 1495 376 1542; x_wconf 88' lang='lat' dir='ltr'><strong>ad</strong></span> <span class='ocrx_word' id='word_1_132' title='bbox 411 1495 529 1559; x_wconf 93' lang='lat' dir='ltr'><strong>quod</strong></span> <span class='ocrx_word' id='word_1_133' title='bbox 564 1495 663 1559; x_wconf 89' lang='lat' dir='ltr'><strong>ipse</strong></span> <span class='ocrx_word' id='word_1_134' title='bbox 697 1495 915 1560; x_wconf 89' lang='lat' dir='ltr'><strong>appellat,</strong></span> <span class='ocrx_word' id='word_1_135' title='bbox 944 1495 1119 1542; x_wconf 90' lang='lat' dir='ltr'><strong>tradens</strong></span> <span class='ocrx_word' id='word_1_136' title='bbox 1143 1511 1291 1541; x_wconf 82' lang='lat' dir='ltr'><strong>veram</strong></span> <span class='ocrx_word' id='word_1_137' title='bbox 1316 1496 1371 1542; x_wconf 91' lang='lat' dir='ltr'><strong>de</strong></span> <span class='ocrx_word' id='word_1_138' title='bbox 1395 1506 1668 1543; x_wconf 91' lang='lat' dir='ltr'><strong>sacramento</strong></span> <span class='ocrx_word' id='word_1_139' title='bbox 1691 1513 1786 1542; x_wconf 88' lang='lat' dir='ltr'><strong>ma—</strong></span> 
     </span>
     <span class='ocr_line' id='line_1_19' title="bbox 321 1570 1786 1634; baseline 0.001 -17"><span class='ocrx_word' id='word_1_140' title='bbox 321 1570 514 1619; x_wconf 89' lang='lat' dir='ltr'><strong>trimonii</strong></span> <span class='ocrx_word' id='word_1_141' title='bbox 548 1571 791 1618; x_wconf 88' lang='lat' dir='ltr'><strong>doctrinam</strong></span> <span class='ocrx_word' id='word_1_142' title='bbox 824 1571 895 1618; x_wconf 90' lang='lat' dir='ltr'><strong>his</strong></span> <span class='ocrx_word' id='word_1_143' title='bbox 929 1570 1106 1617; x_wconf 89' lang='lat' dir='ltr'><strong>verbis:</strong></span> <span class='ocrx_word' id='word_1_144' title='bbox 1141 1592 1161 1613; x_wconf 75' lang='grc' dir='ltr'>α</span> <span class='ocrx_word' id='word_1_145' title='bbox 1179 1571 1420 1634; x_wconf 90' lang='lat' dir='ltr'><strong>Septimum</strong></span> <span class='ocrx_word' id='word_1_146' title='bbox 1445 1581 1513 1618; x_wconf 92' lang='lat' dir='ltr'><strong>est</strong></span> <span class='ocrx_word' id='word_1_147' title='bbox 1535 1589 1786 1618; x_wconf 86' lang='lat' dir='ltr'><strong>sacramen-</strong></span> 
     </span>
     <span class='ocr_line' id='line_1_20' title="bbox 320 1646 1785 1711; baseline 0.001 -18"><span class='ocrx_word' id='word_1_148' title='bbox 320 1657 411 1693; x_wconf 87' lang='lat' dir='ltr'><strong>tum</strong></span> <span class='ocrx_word' id='word_1_149' title='bbox 443 1647 733 1703; x_wconf 88' lang='lat' dir='ltr'><strong>matrimonii,</strong></span> <span class='ocrx_word' id='word_1_150' title='bbox 761 1647 879 1711; x_wconf 89' lang='lat' dir='ltr'><strong>quod</strong></span> <span class='ocrx_word' id='word_1_151' title='bbox 903 1657 970 1694; x_wconf 89' lang='lat' dir='ltr'><strong>est</strong></span> <span class='ocrx_word' id='word_1_152' title='bbox 994 1646 1169 1709; x_wconf 78' lang='lat' dir='ltr'><strong>signum</strong></span> <span class='ocrx_word' id='word_1_153' title='bbox 1203 1647 1526 1694; x_wconf 90' lang='lat' dir='ltr'><strong>coniunctionis</strong></span> <span class='ocrx_word' id='word_1_154' title='bbox 1550 1646 1713 1693; x_wconf 90' lang='lat' dir='ltr'><strong>Christi</strong></span> <span class='ocrx_word' id='word_1_155' title='bbox 1743 1659 1785 1694; x_wconf 91' lang='lat' dir='ltr'><strong>et</strong></span> 
     </span>
     <span class='ocr_line' id='line_1_21' title="bbox 319 1721 1784 1787; baseline -0.001 -19"><span class='ocrx_word' id='word_1_156' title='bbox 319 1721 565 1779; x_wconf 87' lang='lat' dir='ltr'><strong>ecclesiae,</strong></span> <span class='ocrx_word' id='word_1_157' title='bbox 604 1722 847 1770; x_wconf 89' lang='lat' dir='ltr'><strong>secundum</strong></span> <span class='ocrx_word' id='word_1_158' title='bbox 881 1722 1140 1787; x_wconf 90' lang='lat' dir='ltr'><strong>Apostolum</strong></span> <span class='ocrx_word' id='word_1_159' title='bbox 1174 1722 1424 1769; x_wconf 89' lang='lat' dir='ltr'><strong>dicentem:</strong></span> <span class='ocrx_word' id='word_1_160' title='bbox 1463 1722 1784 1768; x_wconf 84' lang='lat' dir='ltr'><strong>Sacramentum</strong></span> 
     </span>
     <span class='ocr_line' id='line_1_22' title="bbox 321 1797 1777 1862; baseline -0.001 -19"><span class='ocrx_word' id='word_1_161' title='bbox 321 1798 395 1844; x_wconf 82' lang='lat' dir='ltr'><strong>hoc</strong></span> <span class='ocrx_word' id='word_1_162' title='bbox 428 1815 631 1862; x_wconf 78' lang='lat' dir='ltr'><strong>maqnum</strong></span> <span class='ocrx_word' id='word_1_163' title='bbox 664 1807 749 1853; x_wconf 82' lang='lat' dir='ltr'><strong>est;</strong></span> <span class='ocrx_word' id='word_1_164' title='bbox 776 1816 849 1861; x_wconf 79' lang='lat' dir='ltr'><strong>eqo</strong></span> <span class='ocrx_word' id='word_1_165' title='bbox 883 1807 1023 1845; x_wconf 81' lang='lat' dir='ltr'><strong>autem</strong></span> <span class='ocrx_word' id='word_1_166' title='bbox 1056 1798 1149 1844; x_wconf 74' lang='lat' dir='ltr'><strong>dico</strong></span> <span class='ocrx_word' id='word_1_167' title='bbox 1183 1799 1228 1843; x_wconf 77' lang='lat' dir='ltr'><strong>in</strong></span> <span class='ocrx_word' id='word_1_168' title='bbox 1265 1797 1434 1844; x_wconf 77' lang='lat' dir='ltr'><strong>Christo</strong></span> <span class='ocrx_word' id='word_1_169' title='bbox 1458 1807 1497 1843; x_wconf 85' lang='lat' dir='ltr'><strong>et</strong></span> <span class='ocrx_word' id='word_1_170' title='bbox 1520 1799 1566 1842; x_wconf 78' lang='lat' dir='ltr'><strong>in</strong></span> <span class='ocrx_word' id='word_1_171' title='bbox 1589 1798 1777 1844; x_wconf 78' lang='lat' dir='ltr'><strong>ecclesia.</strong></span> 
     </span>
     <span class='ocr_line' id='line_1_23' title="bbox 323 1873 1787 1939; baseline -0.001 -19"><span class='ocrx_word' id='word_1_172' title='bbox 323 1874 467 1920; x_wconf 81' lang='lat' dir='ltr'><strong>Causa</strong></span> <span class='ocrx_word' id='word_1_173' title='bbox 499 1874 685 1939; x_wconf 76' lang='lat' dir='ltr'><strong>efficiens</strong></span> <span class='ocrx_word' id='word_1_174' title='bbox 718 1875 1006 1928; x_wconf 76' lang='lat' dir='ltr'><strong>matrimonii,</strong></span> <span class='ocrx_word' id='word_1_175' title='bbox 1048 1873 1305 1938; x_wconf 81' lang='lat' dir='ltr'><strong>regulariter</strong></span> <span class='ocrx_word' id='word_1_176' title='bbox 1330 1883 1391 1919; x_wconf 85' lang='lat' dir='ltr'><strong>est</strong></span> <span class='ocrx_word' id='word_1_177' title='bbox 1414 1883 1585 1919; x_wconf 82' lang='lat' dir='ltr'><strong>mutuus</strong></span> <span class='ocrx_word' id='word_1_178' title='bbox 1614 1890 1787 1919; x_wconf 80' lang='lat' dir='ltr'><strong>consen-</strong></span> 
     </span>
     <span class='ocr_line' id='line_1_24' title="bbox 319 1949 1786 2014; baseline -0.001 -18"><span class='ocrx_word' id='word_1_179' title='bbox 319 1967 393 1996; x_wconf 76' lang='lat' dir='ltr'><strong>sus</strong></span> <span class='ocrx_word' id='word_1_180' title='bbox 412 1968 493 2014; x_wconf 80' lang='lat' dir='ltr'><strong>per</strong></span> <span class='ocrx_word' id='word_1_181' title='bbox 515 1950 645 1997; x_wconf 80' lang='lat' dir='ltr'><strong>verba</strong></span> <span class='ocrx_word' id='word_1_182' title='bbox 668 1950 718 1996; x_wconf 83' lang='lat' dir='ltr'><strong>de</strong></span> <span class='ocrx_word' id='word_1_183' title='bbox 737 1951 955 2014; x_wconf 79' lang='lat' dir='ltr'><strong>praesenti</strong></span> <span class='ocrx_word' id='word_1_184' title='bbox 976 1967 1200 2013; x_wconf 77' lang='lat' dir='ltr'><strong>eoepressus</strong></span> <span class='ocrx_word' id='word_1_185' title='bbox 1233 1950 1381 2011; x_wconf 86' lang='lat'>(31).»</span> <span class='ocrx_word' id='word_1_186' title='bbox 1405 1949 1543 2011; x_wconf 82' lang='lat' dir='ltr'><strong>Igitur</strong></span> <span class='ocrx_word' id='word_1_187' title='bbox 1565 1966 1616 1995; x_wconf 85' lang='lat' dir='ltr'><strong>ex</strong></span> <span class='ocrx_word' id='word_1_188' title='bbox 1639 1949 1786 1996; x_wconf 88' lang='lat' dir='ltr'><strong>conci-</strong></span> 
     </span>
     <span class='ocr_line' id='line_1_25' title="bbox 323 2024 1786 2089; baseline 0 -18"><span class='ocrx_word' id='word_1_189' title='bbox 323 2026 382 2073; x_wconf 87' lang='lat' dir='ltr'><strong>lio</strong></span> <span class='ocrx_word' id='word_1_190' title='bbox 401 2026 631 2073; x_wconf 88' lang='lat' dir='ltr'><strong>florentino</strong></span> <span class='ocrx_word' id='word_1_191' title='bbox 649 2036 740 2072; x_wconf 89' lang='lat' dir='ltr'><strong>tum</strong></span> <span class='ocrx_word' id='word_1_192' title='bbox 758 2026 932 2089; x_wconf 82' lang='lat' dir='ltr'><strong>signum</strong></span> <span class='ocrx_word' id='word_1_193' title='bbox 950 2026 1107 2072; x_wconf 86' lang='lat' dir='ltr'><strong>efficax</strong></span> <span class='ocrx_word' id='word_1_194' title='bbox 1127 2025 1293 2087; x_wconf 81' lang='lat' dir='ltr'><strong>gratiae</strong></span> <span class='ocrx_word' id='word_1_195' title='bbox 1310 2041 1363 2070; x_wconf 82' lang='lat' dir='ltr'><strong>ex</strong></span> <span class='ocrx_word' id='word_1_196' title='bbox 1380 2024 1545 2071; x_wconf 90' lang='lat' dir='ltr'><strong>Christi</strong></span> <span class='ocrx_word' id='word_1_197' title='bbox 1564 2024 1786 2072; x_wconf 85' lang='lat' dir='ltr'><strong>evectione</strong></span> 
     </span>
     <span class='ocr_line' id='line_1_26' title="bbox 323 2100 1786 2166; baseline -0.001 -19"><span class='ocrx_word' id='word_1_198' title='bbox 323 2102 409 2166; x_wconf 91' lang='lat' dir='ltr'><strong>ipsi</strong></span> <span class='ocrx_word' id='word_1_199' title='bbox 443 2113 510 2149; x_wconf 87' lang='lat' dir='ltr'><strong>est</strong></span> <span class='ocrx_word' id='word_1_200' title='bbox 542 2102 747 2165; x_wconf 81' lang='lat' dir='ltr'><strong>coniugio</strong></span> <span class='ocrx_word' id='word_1_201' title='bbox 782 2102 1015 2148; x_wconf 88' lang='lat' dir='ltr'><strong>inhaerens</strong></span> <span class='ocrx_word' id='word_1_202' title='bbox 1040 2111 1084 2148; x_wconf 87' lang='lat' dir='ltr'><strong>et</strong></span> <span class='ocrx_word' id='word_1_203' title='bbox 1107 2100 1419 2156; x_wconf 87' lang='lat' dir='ltr'><strong>intrinsecum,</strong></span> <span class='ocrx_word' id='word_1_204' title='bbox 1449 2109 1539 2145; x_wconf 91' lang='lat' dir='ltr'><strong>tum</strong></span> <span class='ocrx_word' id='word_1_205' title='bbox 1574 2100 1669 2146; x_wconf 90' lang='lat' dir='ltr'><strong>eius</strong></span> <span class='ocrx_word' id='word_1_206' title='bbox 1704 2100 1786 2145; x_wconf 90' lang='lat' dir='ltr'><strong>mi-</strong></span> 
     </span>
     <span class='ocr_line' id='line_1_27' title="bbox 323 2174 1786 2241; baseline -0.002 -18"><span class='ocrx_word' id='word_1_207' title='bbox 323 2177 449 2225; x_wconf 89' lang='lat' dir='ltr'><strong>nistri</strong></span> <span class='ocrx_word' id='word_1_208' title='bbox 475 2188 577 2225; x_wconf 90' lang='lat' dir='ltr'><strong>sunt</strong></span> <span class='ocrx_word' id='word_1_209' title='bbox 601 2177 909 2225; x_wconf 88' lang='lat' dir='ltr'><strong>contrahentes</strong></span> <span class='ocrx_word' id='word_1_210' title='bbox 934 2177 1046 2241; x_wconf 91' lang='lat' dir='ltr'><strong>ipsi,</strong></span> <span class='ocrx_word' id='word_1_211' title='bbox 1076 2193 1176 2223; x_wconf 91' lang='lat' dir='ltr'><strong>cum</strong></span> <span class='ocrx_word' id='word_1_212' title='bbox 1201 2176 1346 2224; x_wconf 90' lang='lat' dir='ltr'><strong>verbis</strong></span> <span class='ocrx_word' id='word_1_213' title='bbox 1370 2175 1426 2222; x_wconf 87' lang='lat' dir='ltr'><strong>de</strong></span> <span class='ocrx_word' id='word_1_214' title='bbox 1449 2174 1669 2238; x_wconf 86' lang='lat' dir='ltr'><strong>praesenti</strong></span> <span class='ocrx_word' id='word_1_215' title='bbox 1687 2191 1786 2222; x_wconf 87' lang='lat' dir='ltr'><strong>con-</strong></span> 
     </span>
     <span class='ocr_line' id='line_1_28' title="bbox 323 2255 801 2318; baseline 0.002 -18"><span class='ocrx_word' id='word_1_216' title='bbox 323 2271 503 2301; x_wconf 82' lang='lat' dir='ltr'><strong>sensum</strong></span> <span class='ocrx_word' id='word_1_217' title='bbox 539 2255 801 2318; x_wconf 86' lang='lat' dir='ltr'><strong>exprimunt.</strong></span> 
     </span>
    </p>

    <p class='ocr_par' dir='ltr' id='par_1_4' title="bbox 323 2329 1786 2620">
     <span class='ocr_line' id='line_1_29' title="bbox 420 2329 1786 2395; baseline -0.004 -19"><span class='ocrx_word' id='word_1_218' title='bbox 420 2329 546 2384; x_wconf 85' lang='lat' dir='ltr'><strong>Quod</strong></span> <span class='ocrx_word' id='word_1_219' title='bbox 567 2347 671 2377; x_wconf 84' lang='lat' dir='ltr'><strong>vero</strong></span> <span class='ocrx_word' id='word_1_220' title='bbox 697 2330 849 2377; x_wconf 85' lang='lat' dir='ltr'><strong>fideles</strong></span> <span class='ocrx_word' id='word_1_221' title='bbox 885 2347 1165 2395; x_wconf 90' lang='lat' dir='ltr'><strong>nequaquam</strong></span> <span class='ocrx_word' id='word_1_222' title='bbox 1191 2348 1238 2377; x_wconf 93' lang='lat' dir='ltr'><strong>se</strong></span> <span class='ocrx_word' id='word_1_223' title='bbox 1263 2329 1503 2391; x_wconf 79' lang='lat' dir='ltr'><strong>sacrilegos</strong></span> <span class='ocrx_word' id='word_1_224' title='bbox 1534 2344 1641 2374; x_wconf 88' lang='lat' dir='ltr'><strong>esse</strong></span> <span class='ocrx_word' id='word_1_225' title='bbox 1659 2336 1786 2372; x_wconf 90' lang='lat' dir='ltr'><strong>autu-</strong></span> 
     </span>
     <span class='ocr_line' id='line_1_30' title="bbox 323 2406 1782 2470; baseline -0.003 -18"><span class='ocrx_word' id='word_1_226' title='bbox 323 2416 443 2452; x_wconf 89' lang='lat' dir='ltr'><strong>ment</strong></span> <span class='ocrx_word' id='word_1_227' title='bbox 474 2406 581 2452; x_wconf 90' lang='lat' dir='ltr'><strong>dum</strong></span> <span class='ocrx_word' id='word_1_228' title='bbox 615 2406 680 2453; x_wconf 92' lang='lat' dir='ltr'><strong>sic</strong></span> <span class='ocrx_word' id='word_1_229' title='bbox 714 2406 919 2469; x_wconf 85' lang='lat' dir='ltr'><strong>profane,</strong></span> <span class='ocrx_word' id='word_1_230' title='bbox 958 2417 1007 2452; x_wconf 91' lang='lat' dir='ltr'><strong>ut</strong></span> <span class='ocrx_word' id='word_1_231' title='bbox 1040 2407 1136 2470; x_wconf 91' lang='lat' dir='ltr'><strong>ipse</strong></span> <span class='ocrx_word' id='word_1_232' title='bbox 1170 2406 1393 2470; x_wconf 85' lang='lat' dir='ltr'><strong>loquitur,</strong></span> <span class='ocrx_word' id='word_1_233' title='bbox 1421 2415 1464 2451; x_wconf 89' lang='lat' dir='ltr'><strong>et</strong></span> <span class='ocrx_word' id='word_1_234' title='bbox 1487 2421 1538 2451; x_wconf 91' lang='lat' dir='ltr'><strong>eo</strong></span> <span class='ocrx_word' id='word_1_235' title='bbox 1563 2414 1782 2466; x_wconf 82' lang='lat' dir='ltr'><strong>tempore,</strong></span> 
     </span>
     <span class='ocr_line' id='line_1_31' title="bbox 323 2478 1780 2545; baseline -0.003 -17"><span class='ocrx_word' id='word_1_236' title='bbox 323 2498 410 2545; x_wconf 91' lang='lat' dir='ltr'><strong>quo</strong></span> <span class='ocrx_word' id='word_1_237' title='bbox 444 2483 489 2528; x_wconf 92' lang='lat' dir='ltr'><strong>in</strong></span> <span class='ocrx_word' id='word_1_238' title='bbox 524 2491 641 2529; x_wconf 89' lang='lat' dir='ltr'><strong>statu</strong></span> <span class='ocrx_word' id='word_1_239' title='bbox 675 2482 841 2544; x_wconf 81' lang='lat' dir='ltr'><strong>gratiae</strong></span> <span class='ocrx_word' id='word_1_240' title='bbox 882 2482 1062 2528; x_wconf 90' lang='lat' dir='ltr'><strong>minime</strong></span> <span class='ocrx_word' id='word_1_241' title='bbox 1104 2492 1231 2537; x_wconf 80' lang='lat' dir='ltr'><strong>sunt,</strong></span> <span class='ocrx_word' id='word_1_242' title='bbox 1270 2481 1448 2544; x_wconf 89' lang='lat' dir='ltr'><strong>nuptias</strong></span> <span class='ocrx_word' id='word_1_243' title='bbox 1484 2478 1780 2532; x_wconf 89' lang='lat' dir='ltr'><strong>contrahunt,</strong></span> 
     </span>
     <span class='ocr_line' id='line_1_32' title="bbox 323 2554 1786 2620; baseline -0.003 -17"><span class='ocrx_word' id='word_1_244' title='bbox 323 2556 471 2604; x_wconf 83' lang='lat' dir='ltr'><strong>Canus</strong></span> <span class='ocrx_word' id='word_1_245' title='bbox 496 2557 581 2605; x_wconf 87' lang='lat' dir='ltr'><strong>sibi</strong></span> <span class='ocrx_word' id='word_1_246' title='bbox 607 2557 753 2620; x_wconf 79' lang='lat' dir='ltr'><strong>fingit;</strong></span> <span class='ocrx_word' id='word_1_247' title='bbox 792 2557 910 2604; x_wconf 90' lang='lat' dir='ltr'><strong>unde</strong></span> <span class='ocrx_word' id='word_1_248' title='bbox 941 2557 1058 2604; x_wconf 91' lang='lat' dir='ltr'><strong>enim</strong></span> <span class='ocrx_word' id='word_1_249' title='bbox 1092 2556 1175 2603; x_wconf 94' lang='lat' dir='ltr'><strong>hoc</strong></span> <span class='ocrx_word' id='word_1_250' title='bbox 1209 2555 1363 2603; x_wconf 73' lang='lat' dir='ltr'><strong>novit?</strong></span> <span class='ocrx_word' id='word_1_251' title='bbox 1385 2554 1611 2618; x_wconf 90' lang='lat' dir='ltr'><strong>Siquidem</strong></span> <span class='ocrx_word' id='word_1_252' title='bbox 1634 2554 1786 2616; x_wconf 89' lang='lat' dir='ltr'><strong>plures</strong></span> 
     </span>
    </p>
   </div>
   <div class='ocr_carea' id='block_1_3' title="bbox 325 2699 1789 2846">
    <p class='ocr_par' dir='ltr' id='par_1_5' title="bbox 325 2699 1789 2846">
     <span class='ocr_line' id='line_1_33' title="bbox 404 2699 1785 2743; baseline -0.003 -10"><span class='ocrx_word' id='word_1_253' title='bbox 404 2700 470 2742; x_wconf 74' lang='lat'><strong>(³1)</strong></span> <span class='ocrx_word' id='word_1_254' title='bbox 491 2703 584 2743; x_wconf 81' lang='lat' dir='ltr'><strong>Apud</strong></span> <span class='ocrx_word' id='word_1_255' title='bbox 605 2703 761 2736; x_wconf 86' lang='lat' dir='ltr'><strong>Harduin.</strong></span> <span class='ocrx_word' id='word_1_256' title='bbox 776 2705 862 2736; x_wconf 84' lang='lat' dir='ltr'><strong>Acta</strong></span> <span class='ocrx_word' id='word_1_257' title='bbox 877 2702 1006 2735; x_wconf 72' lang='lat' dir='ltr'><strong>concil.</strong></span> <span class='ocrx_word' id='word_1_258' title='bbox 1020 2703 1098 2734; x_wconf 80' lang='lat' dir='ltr'><strong>tom.</strong></span> <span class='ocrx_word' id='word_1_259' title='bbox 1115 2703 1169 2734; x_wconf 80' lang='lat' dir='ltr'><strong>lx.</strong></span> <span class='ocrx_word' id='word_1_260' title='bbox 1184 2701 1246 2733; x_wconf 87' lang='lat' dir='ltr'><strong>col.</strong></span> <span class='ocrx_word' id='word_1_261' title='bbox 1267 2704 1355 2733; x_wconf 79' lang='lat'>1140.</span> <span class='ocrx_word' id='word_1_262' title='bbox 1373 2700 1448 2732; x_wconf 87' lang='lat' dir='ltr'><strong>Ideo</strong></span> <span class='ocrx_word' id='word_1_263' title='bbox 1462 2708 1539 2731; x_wconf 84' lang='lat' dir='ltr'><strong>vero</strong></span> <span class='ocrx_word' id='word_1_264' title='bbox 1555 2699 1674 2731; x_wconf 83' lang='lat' dir='ltr'><strong>dicitur</strong></span> <span class='ocrx_word' id='word_1_265' title='bbox 1687 2707 1785 2739; x_wconf 72' lang='lat' dir='ltr'><strong>requ-</strong></span> 
     </span>
     <span class='ocr_line' id='line_1_34' title="bbox 326 2753 1789 2796; baseline -0.001 -12"><span class='ocrx_word' id='word_1_266' title='bbox 326 2753 450 2785; x_wconf 72' lang='lat' dir='ltr'><strong>lm·ster</strong></span> <span class='ocrx_word' id='word_1_267' title='bbox 465 2762 504 2786; x_wconf 85' lang='lat' dir='ltr'><strong>ne</strong></span> <span class='ocrx_word' id='word_1_268' title='bbox 519 2755 704 2788; x_wconf 77' lang='lat' dir='ltr'><strong>viderentur</strong></span> <span class='ocrx_word' id='word_1_269' title='bbox 719 2753 848 2788; x_wconf 56' lang='lat' dir='ltr'><strong>excludi</strong></span> <span class='ocrx_word' id='word_1_270' title='bbox 864 2756 961 2789; x_wconf 86' lang='lat' dir='ltr'><strong>nutus</strong></span> <span class='ocrx_word' id='word_1_271' title='bbox 974 2755 1101 2796; x_wconf 78' lang='lat' dir='ltr'><strong>aliaque</strong></span> <span class='ocrx_word' id='word_1_272' title='bbox 1116 2753 1342 2794; x_wconf 79' lang='lat' dir='ltr'><strong>signa,quibus</strong></span> <span class='ocrx_word' id='word_1_273' title='bbox 1355 2761 1529 2785; x_wconf 83' lang='lat' dir='ltr'><strong>consensus</strong></span> <span class='ocrx_word' id='word_1_274' title='bbox 1541 2760 1595 2793; x_wconf 85' lang='lat' dir='ltr'><strong>per</strong></span> <span class='ocrx_word' id='word_1_275' title='bbox 1606 2760 1652 2791; x_wconf 78' lang='lat' dir='ltr'><strong>se,</strong></span> <span class='ocrx_word' id='word_1_276' title='bbox 1667 2753 1721 2783; x_wconf 80' lang='lat' dir='ltr'><strong>aut</strong></span> <span class='ocrx_word' id='word_1_277' title='bbox 1734 2759 1789 2791; x_wconf 85' lang='lat' dir='ltr'><strong>per</strong></span> 
     </span>
     <span class='ocr_line' id='line_1_35' title="bbox 325 2805 712 2846; baseline 0.005 -10"><span class='ocrx_word' id='word_1_278' title='bbox 325 2805 407 2837; x_wconf 81' lang='lat' dir='ltr'><strong>alios</strong></span> <span class='ocrx_word' id='word_1_279' title='bbox 419 2805 517 2837; x_wconf 75' lang='lat' dir='ltr'><strong>ettam</strong></span> <span class='ocrx_word' id='word_1_280' title='bbox 533 2807 712 2846; x_wconf 66' lang='lat' dir='ltr'><strong>praebetur.</strong></span> 
     </span>
    </p>
   </div>
  </div>
 </body>
</html>
