1912 3180
336 235 425 266 csr.
456 235 500 266 ιι.
530 235 582 266 nr,
606 235 731 267 uun.
756 235 839 267 mv.
862 235 973 267 ome.
997 236 1045 267 nr
1069 234 1215 268 moen.
1238 234 1329 266 Anr.
1354 234 1383 265 1.
1504 219 1592 263 265

129 311 299 359 Tullius
317 311 373 358 de
391 311 583 359 Caecilia
601 312 799 369 Metella,
822 330 937 377 quae
960 314 1246 360 constituerat
1269 322 1446 376 neptem
1471 327 1597 358 suam

131 389 303 436 tradere
346 388 527 443 marito,
573 388 764 434 scribit:
804 408 826 432 «
851 388 998 434 Exivit
1037 389 1082 434 in
1123 388 1347 454 quoddam
1390 387 1598 435 sacellum

129 464 292 511 ominis
309 462 515 527 capiendi
529 478 679 518 causa,
695 462 813 526 quod
827 463 923 526 fieri
931 480 1044 508 more
1062 473 1250 510 veterum
1266 464 1428 510 solebat
1442 463 1537 525 (16)
1551 481 1594 507 .»

129 540 180 585 In
214 538 502 603 sarcophagis
531 538 644 601 ipsis
677 537 1088 603 repraesentabatur
1115 540 1272 601 genius
1310 538 1592 603 nuptiarum,

128 614 431 677 Hymenaeus,
448 613 525 677 qui
543 629 732 677 sponsos
752 613 1052 668 coniunxerat,
1068 624 1248 675 gestans
1268 614 1407 661 facem
1428 631 1485 659 nu
1493 612 1599 677 ptia-

131 689 217 736 lem
235 727 246 745 ,
285 689 537 755 symbolum
572 690 767 753 coniugii
797 692 913 752 (17).
941 690 1128 736 Demum
1159 690 1205 735 in
1234 690 1427 737 nummis
1457 690 1599 754 impe-

129 765 314 812 rialibus
349 766 518 830 passim
553 766 742 813 occurrit
774 765 946 829 effigies
979 765 1161 813 Iunonis
1195 765 1422 829 pronubae
1447 765 1503 812 ad
1527 782 1598 814 ce-

130 840 343 887 lebranda
376 842 581 904 coniugia
614 842 926 906 imperatorum
949 843 1065 904 (18).

225 917 379 980 ltaque
414 916 527 962 nihil
561 917 749 973 certius,
787 917 1144 981 exploratiusque
1177 916 1317 972 nihil,
1354 934 1489 981 quam
1523 934 1599 964 ve-

126 1002 243 1038 teres
279 992 455 1057 nuptias
492 993 652 1055 iugiter
683 993 817 1040 veluti
847 1010 938 1040 rem
969 1009 1139 1040 sacram
1163 1010 1214 1040 ac
1238 992 1493 1056 religiosam
1522 991 1598 1038 ha-

130 1066 300 1114 buisse.
340 1069 480 1115 Immo
512 1086 616 1115 vero
648 1086 736 1115 non
770 1069 902 1117 modo
935 1069 1207 1134 exploratum
1246 1079 1314 1115 est
1353 1085 1597 1132 numquam

130 1143 417 1190 consuevisse
450 1154 619 1190 veteres
649 1145 854 1208 coniugia
888 1162 914 1191 a
948 1144 1160 1207 religione
1187 1143 1425 1208 aliquando
1457 1143 1598 1192 divel-

127 1218 242 1275 lere,
284 1218 393 1283 quin
428 1219 576 1283 potius
611 1220 732 1267 omni
768 1220 1133 1284 superstitionum
1157 1236 1315 1282 genere
1348 1218 1597 1266 curaverint

125 1312 178 1341 ea
196 1294 354 1342 ritibus
379 1295 599 1358 religiosis
623 1297 902 1351 consociare,
932 1313 1012 1343 nec
1036 1295 1123 1343 nisi
1148 1295 1373 1359 improbos
1392 1311 1596 1359 quosque

128 1370 228 1418 illos
253 1371 477 1434 negligere
501 1371 654 1419 solitos
680 1372 834 1419 fuisse.
863 1372 927 1418 Ex
951 1389 1039 1436 quo
1063 1388 1250 1436 pronum
1275 1380 1343 1418 est
1366 1370 1590 1434 colligere,

126 1447 189 1493 uti
226 1446 375 1510 paullo
405 1457 507 1494 ante
540 1447 874 1503 adnotavimus,
906 1447 1130 1511 principes
1155 1463 1206 1493 ac
1228 1446 1516 1509 magistratus
1541 1463 1597 1492 ne

127 1524 344 1586 cogitasse
374 1523 555 1587 quidem
586 1523 642 1571 de
671 1523 904 1571 connubiis
938 1541 1057 1570 mere
1090 1522 1296 1570 civilibus
1325 1522 1595 1585 coniungen-

219 1670 286 1711 (16)
310 1673 357 1703 De
375 1671 525 1704 divinae.
547 1672 570 1704 l.
590 1677 617 1704 1.
634 1680 663 1704 c.
679 1676 710 1704 6.
724 1671 799 1704 vid.
816 1673 934 1704 Museo
958 1670 1180 1712 Worslejano.
1201 1670 1321 1703 Milano
1349 1673 1438 1703 1834.
1459 1671 1539 1702 tom.
1556 1673 1596 1703 x.

127 1731 198 1764 pag.
218 1728 272 1757 36.

220 1777 286 1818 (17)
307 1778 358 1809 Cf.
378 1778 472 1810 Ennii
490 1778 618 1815 Quirini
631 1777 777 1810 Visconti
795 1779 856 1818 Op.
873 1777 975 1809 classe
989 1777 1094 1817 prima
1114 1777 1178 1808 vol.
1195 1778 1250 1808 vl.
1270 1776 1303 1808 Il
1321 1784 1437 1808 museo
1453 1776 1599 1808 Pio-ole-

123 1831 288 1862 mentino.
304 1830 425 1863 Milano
444 1836 533 1863 1822.
548 1831 656 1862 tavola
669 1832 739 1863 ΧΠ.
755 1839 826 1871 pag.
840 1835 879 1863 68
894 1839 985 1871 seqq.
1001 1829 1084 1862 lbid.
1099 1832 1167 1862 not.
1183 1835 1213 1862 2.
1231 1830 1362 1868 legitur,
1378 1828 1467 1869 quod
1482 1829 1599 1861 similis

126 1881 232 1921 imago
257 1883 433 1923 Hymenaei
462 1883 639 1924 reperiatur
664 1883 699 1914 in
723 1892 839 1923 magno
864 1882 1061 1923 sarcophago
1076 1907 1086 1922 ,
1114 1882 1147 1913 in
1168 1891 1234 1923 quo
1261 1881 1488 1914 describuntur
1515 1881 1598 1913 ritus

126 1933 302 1974 nuptiales,
319 1935 460 1976 reposito
477 1935 509 1967 in
522 1945 548 1967 s.
566 1935 738 1967 Laurentio
754 1936 844 1967 extra
857 1943 979 1967 muros.

221 1986 287 2026 (18)
309 1986 383 2018 Vid.
396 1987 516 2028 Philip.
533 1987 642 2020 Aurei.
662 1987 807 2019 Visconti
825 1987 858 2019 Il
871 1994 987 2019 museo
1007 1986 1246 2018 Chiaramonti
1270 1985 1434 2018 descritto
1452 1985 1494 2018 ed
1511 1985 1594 2018 illu·

124 2039 248 2070 strato.
266 2039 388 2070 Milano
406 2044 493 2072 1820.
513 2049 544 2080 p,
561 2045 611 2072 51.

220 2090 315 2127 Quod
340 2091 454 2124 attinet
482 2092 523 2123 ad
550 2093 685 2133 populos
711 2093 852 2134 reliquos
873 2092 1046 2124 orientales
1070 2093 1102 2124 et
1122 2091 1350 2124 occidentales.
1373 2091 1422 2123 Cf.
1439 2093 1484 2123 lo.
1501 2093 1594 2132 Bapt.

125 2143 286 2175 Casalium
301 2145 352 2176 De
366 2146 441 2176 ritu
455 2147 661 2186 nupciarum
680 2154 721 2177 ac
739 2146 781 2177 de
795 2147 869 2178 ritu
888 2144 1090 2177 connubiali
1111 2146 1284 2183 veterum,
1306 2144 1393 2185 quod
1408 2153 1490 2184 opus
1508 2153 1595 2185 repe-

123 2195 205 2227 ritur
217 2196 250 2227 in
261 2195 432 2228 Thesauro
442 2197 596 2228 Granovii
607 2198 686 2229 tom.
698 2198 770 2228 Vll.
780 2197 956 2229 Barnabain
967 2197 1164 2228 Brissonium
1178 2198 1223 2228 De
1238 2195 1365 2228 ritibus
1378 2197 1593 2236 nupciarum,

122 2256 269 2280 recusum
283 2248 316 2280 in
328 2250 418 2281 tomo
429 2251 515 2281 VIll.
528 2250 668 2282 Graevii.
682 2251 815 2290 Gaspar.
829 2249 1041 2290 caleret-,qui
1055 2251 1104 2281 De
1114 2249 1242 2281 ritibus
1254 2248 1473 2290 nuptialibus
1486 2250 1595 2280 omnis

122 2302 255 2341 yeneris
274 2302 307 2333 et
329 2302 481 2333 nationis
497 2302 562 2342 egit
582 2302 639 2334 lib.
656 2303 682 2334 l.
699 2301 851 2334 Ritualis
869 2301 1108 2341 ecclesiastici,
1125 2301 1212 2333 Frid.
1229 2302 1290 2333 lul.
1308 2303 1537 2333 Rottmanuum
1560 2301 1595 2333 in

124 2352 260 2385 Rituali
292 2355 575 2394 nupturienta'um
605 2356 800 2394 ycrmanice
828 2354 917 2386 edito
943 2355 1075 2385 Bremae
1100 2356 1189 2386 1713.
1220 2355 1309 2394 Gaya
1338 2353 1371 2384 iu
1395 2353 1452 2385 lib.
1479 2353 1593 2394 gallico

124 2404 334 2438 ceremonies
350 2406 525 2447 nuptiales
540 2406 582 2438 de
599 2408 710 2438 toules
726 2406 774 2438 les
787 2408 936 2438 nations.
951 2407 1059 2447 flagae
1072 2406 1217 2438 comitae
1234 2407 1377 2438 1581.Ex
1392 2405 1443 2437 his
1458 2405 1595 2446 aliisque

119 2467 182 2490 non
197 2459 309 2499 paucis
327 2468 466 2500 quorum
493 2460 624 2500 longum
645 2459 827 2500 catalogum
840 2459 944 2492 texuit
957 2461 983 2490 l.
994 2462 1032 2490 Α.
1043 2458 1208 2490 Fabricius
1219 2459 1251 2489 in
1264 2466 1323 2490 sua
1333 2457 1595 2499 Biblioqrapma

119 2513 334 2552 antiquaria.
351 2512 527 2552 Hamburgi
556 2514 645 2544 1760.
666 2520 736 2553 cap.
753 2515 822 2543 XX.
839 2511 1015 2552 comperies
1040 2509 1159 2550 ubique
1187 2509 1329 2550 gentium
1355 2512 1534 2550 receptum,
1558 2511 1596 2544 ut

121 2563 252 2603 nuptiae
271 2563 335 2595 ritu
359 2572 450 2596 sacro
470 2565 653 2595 constanter
676 2565 951 2595 consecrarentur.
974 2564 1013 2594 Et
1038 2562 1115 2593 haec
1139 2560 1270 2602 quidem
1295 2569 1370 2593 cum
1391 2561 1527 2594 solemni
1543 2570 1592 2594 ra·

122 2615 208 2647 tione
232 2616 380 2657 coniugia
394 2615 652 2657 celebrabantur;
668 2625 743 2648 nam
757 2616 798 2648 de
812 2614 1026 2648 matrimoniis
1051 2613 1259 2646 clandestinis
1270 2638 1280 2654 ‚
1299 2613 1339 2646 de
1360 2613 1479 2654 quibus
1492 2622 1595 2656 nuper

122 2667 246 2708 aliquid
271 2668 413 2701 diximus
425 2694 434 2710 ,
455 2671 525 2702 tum
547 2670 633 2710 apud
663 2678 831 2710 romanos,
852 2672 922 2701 tum
944 2667 1029 2708 apud
1045 2666 1124 2699 alias
1138 2668 1265 2707 gentos,
1282 2675 1346 2698 non
1361 2668 1411 2699 est
1424 2666 1511 2708 quod
1528 2667 1592 2701 dis·

123 2727 275 2752 seramus.
289 2721 326 2752 ld
342 2721 441 2753 fixum
463 2724 601 2761 maneat,
625 2721 711 2762 apud
736 2723 859 2753 veteres
882 2719 1087 2751 matrimonia
1101 2719 1198 2751 fuisse
1212 2718 1262 2751 vel
1276 2718 1369 2760 plane
1381 2719 1591 2759 claudestina,

122 2771 173 2802 vel
187 2771 334 2812 religioso
346 2773 409 2805 ritu
425 2775 610 2806 consecrata
619 2797 628 2813 ,
640 2782 816 2813 numquam
831 2781 906 2804 vero
921 2779 1006 2803 mere
1020 2770 1145 2811 civilia,
1155 2770 1238 2804 idest
1252 2780 1360 2805 coram
1377 2771 1510 2813 profano
1525 2780 1591 2806 ma-

123 2824 257 2864 gistratu
278 2824 357 2857 inita
