1918 3186
378 191 469 222 cir.
498 191 545 222 u.
574 189 626 222 ns
649 187 858 220 mmsrno.
887 189 979 221 Aur.
1008 188 1071 220 111.
1099 187 1322 220 coaeum.
1526 174 1582 219 79

119 267 286 324 civilis,
316 267 355 314 si
381 284 459 332 pro
493 276 610 313 certo
643 263 805 311 habeat
837 264 883 310 in
921 264 1145 312 nonnullis
1180 282 1349 322 rerum,
1378 274 1456 312 aut
1488 282 1586 330 per-

119 361 327 392 sonarum
367 340 591 390 adiunctis
625 339 683 387 ad
722 339 949 387 societatis
993 340 1157 389 bonum
1191 340 1388 390 'conferre
1419 341 1584 389 vinculi

119 419 365 483 coniugalis
399 417 738 466 dissolutionem
766 454 776 473 ,
816 416 975 481 poterit
1006 417 1147 481 legem
1180 417 1295 467 ferre
1318 456 1331 475 ‚
1369 428 1417 467 ut
1449 416 1587 466 libere

120 495 230 544 solvi
266 495 428 560 possit,
466 511 533 541 ex.
568 510 632 556 gr.
666 492 712 539 in
745 508 853 539 casu
886 491 1113 550 adulterii,
1151 493 1294 541 aliove
1324 493 1580 551 eiusmodi;

121 571 343 637 siquidem
361 570 506 633 agitur
522 569 580 616 de
600 579 825 617 contractu
838 606 849 626 ,
871 568 967 633 qui,
989 569 1034 615 in
1053 569 1313 634 hypothesi,
1333 570 1432 620 eius
1451 570 1589 620 subii-

121 649 234 696 citur
265 646 487 712 potestati.

220 722 466 771 UndecimO.
496 721 639 770 Facile
663 722 844 787 insuper
864 738 918 769 ex
940 719 1013 768 his
1036 720 1248 785 colligunt
1279 722 1356 787 qui
1387 722 1588 772 divortiis

120 799 293 855 favent,
331 798 446 846 nihil
477 797 652 854 obesse,
681 797 806 863 quin,
834 796 1051 845 dissoluto
1074 797 1215 862 primo
1236 798 1456 861 coniugali
1484 816 1590 848 con-

123 886 264 924 tractu
281 875 428 941 quoad
444 874 669 922 vinculum
687 912 696 930 ,
725 873 867 939 possit
882 873 1105 939 quispiam
1122 873 1362 922 secundam
1381 912 1390 931 ,
1418 875 1589 924 vivente

122 952 282 1017 priori,
314 951 475 999 ducere
503 967 708 1006 uxorem;
740 949 830 997 imo
870 960 914 997 et
948 949 1122 997 tertium
1160 960 1202 996 et
1240 960 1445 1014 quartum
1479 951 1591 1000 inire

121 1029 395 1092 coniugium,
437 1027 731 1075 anterioribus
770 1026 1022 1074 successive
1055 1025 1227 1075 solutis.
1265 1027 1437 1075 Etenim
1476 1027 1589 1075 nihil

122 1116 215 1162 est,
246 1105 365 1170 quod
390 1104 495 1151 huie
513 1103 672 1167 agendi
697 1103 855 1150 rationi
872 1102 1082 1160 obsistat,
1105 1113 1303 1168 spectata
1320 1103 1365 1150 in
1384 1114 1432 1156 s'e
1447 1104 1591 1153 civilis

122 1192 371 1230 contractus
412 1191 591 1238 natura;
625 1191 814 1227 attamen
846 1196 980 1245 quam
1004 1190 1132 1245 turpe
1157 1179 1243 1228 hoc
1266 1181 1345 1238 sit,
1373 1199 1595 1246 quamque

124 1257 361 1306 abhorreat
379 1257 435 1305 ab
454 1257 700 1306 honestatis
718 1257 964 1323 principiis,
980 1275 1108 1307 nemo
1125 1270 1207 1315 est,
1225 1259 1302 1324 qui
1321 1276 1407 1307 non
1424 1259 1586 1307 videat.

222 1334 498 1382 Duodecimo.
528 1333 655 1390 Quod
685 1334 850 1381 dictum
879 1344 948 1382 est
978 1333 1036 1381 de
1066 1335 1366 1391 matrimonio,
1398 1335 1595 1383 subdunt

126 1410 225 1467 alii,
254 1411 312 1458 ob
336 1411 517 1458 rationis
543 1411 773 1476 paritatem
806 1410 1017 1459 affirmari
1050 1411 1180 1460 debet
1201 1412 1257 1460 de
1279 1411 1586 1478 sponsalibus,

125 1503 313 1551 quorum
347 1487 716 1535 moderandorum
739 1487 809 1535 ius
831 1486 1058 1542 vindicare
1092 1488 1177 1536 sihi
1212 1489 1369 1554 poterit
1398 1498 1593 1554 potestas

127 1561 271 1610 civilis
286 1599 296 1618 ,
327 1572 478 1627 utpote
504 1579 620 1628 quae
643 1563 832 1627 spectari
855 1563 1046 1613 debeant
1066 1564 1200 1612 veluti
1235 1565 1592 1630 praeparationes

128 1638 346 1704 quaedam
363 1638 420 1686 ad
439 1649 710 1687 contractum
727 1656 846 1688 mere
862 1640 1037 1688 civilem
1056 1640 1297 1688 ineundum
1312 1679 1322 1697 ‚
1343 1651 1420 1689 aut
1440 1641 1589 1698 etiam,

129 1714 169 1762 si
206 1714 329 1763 lubet
348 1753 358 1772 ,
405 1715 462 1763 ad
501 1726 772 1764 contractum
796 1754 806 1773 ‚
845 1716 922 1781 qui
955 1716 1087 1764 debet
1126 1717 1355 1765 materiam
1391 1727 1594 1765 remotam

130 1791 395 1840 constituere
428 1791 485 1839 ad
521 1803 844 1841 sacramentum
878 1793 1220 1841 conficiendum.

227 1867 539 1916 Decimotertio.
569 1869 734 1916 Eadem
759 1869 815 1917 de
837 1887 974 1918 causa
998 1870 1131 1917 iidem
1170 1870 1383 1925 inferunt,
1421 1870 1595 1917 discus-

136 1941 203 1989 sio
235 1953 279 1990 et
312 1943 522 1992 iudicium
557 1961 793 1993 causarum
827 1945 1216 1994 matrimonialium
1239 1984 1249 2002 ,
1293 1962 1597 2010 quaecumque

133 2034 212 2065 eae
245 2017 335 2067 sint
354 2056 364 2075 ,
410 2020 674 2084 spectabunt
706 2022 763 2070 ad
798 2021 1035 2070 tribunalia
1068 2022 1231 2070 civilia.
1270 2023 1380 2069 Nam
1417 2021 1458 2069 si
1491 2039 1596 2070 con-

136 2093 336 2140 trahatur
371 2104 538 2142 tantum
571 2097 896 2145 matrimonium
924 2098 1086 2154 civile,
1124 2098 1305 2145 evidens
1338 2109 1406 2146 est
1438 2098 1495 2145 ad
1527 2098 1596 2145 iu—

134 2169 258 2218 dices
282 2169 419 2218 laieos
443 2188 519 2218 eas
544 2188 703 2220 causas
726 2173 950 2222 exclusive
973 2174 1213 2239 pertinere;
1236 2174 1394 2222 sivero
1417 2174 1596 2239 nuptiae

136 2263 283 2293 coram
327 2246 515 2294 ecclesia
554 2247 851 2305 celebrentur,
890 2249 975 2296 hae
1014 2266 1191 2314 quoque
1222 2249 1279 2296 ad
1310 2249 1596 2313 magistratus

135 2322 287 2371 civiles
320 2323 623 2388 pertinebunt:
663 2335 812 2390 utpote
840 2325 977 2389 quod,
1017 2325 1256 2390 spectando
1287 2325 1459 2374 civilem
1494 2343 1598 2374 con·-

136 2408 320 2446 tractum
349 2399 605 2447 distinctum
630 2418 657 2447 a
680 2411 976 2457 sacramento,
1013 2419 1067 2448 ea
1099 2401 1230 2449 etiam
1263 2402 1446 2448 materia
1477 2401 1596 2449 civili

138 2476 341 2540 potestati
361 2478 568 2542 competit
587 2477 774 2542 eiusque
791 2477 1083 2526 iurisdictioni
1102 2478 1270 2526 subest.
1291 2478 1359 2524 Ad
1377 2495 1598 2525 summum

140 2551 210 2598 ius
242 2552 373 2600 civile
406 2553 593 2601 dimittet
636 2554 858 2602 iudicibus
894 2554 1208 2603 ecclesiasticis
1243 2572 1423 2602 causam
1454 2555 1600 2603 dicere

141 2627 256 2675 circa
286 2630 469 2679 effectus
509 2648 628 2678 mere
660 2631 913 2697 spirituales
943 2670 952 2687 ,
996 2632 1162 2696 quique
1195 2631 1468 2679 sanctitatem
1502 2643 1599 2679 tan-

142 2705 365 2755 tummodo
402 2707 665 2755 sacramenti
699 2707 945 2770 attingunt;
984 2707 1258 2770 praecisione
1289 2707 1404 2756 facta
1436 2726 1464 2756 a
1494 2726 1599 2756 con-

144 2790 282 2827 tractu
314 2798 433 2830 mere
466 2782 599 2830 civili.
