1912 3180
345 165 438 211 250
601 178 679 208 Lm.
709 176 740 208 1.
771 176 884 208 sacr.
914 177 1084 208 Atrum.
1114 177 1165 209 nr:
1191 178 1362 210 uuam.
1391 179 1532 211 civim.

342 256 488 320 ipsum
525 251 711 316 gliscere
745 254 939 318 coeperit
973 254 1199 318 religionis
1233 265 1535 320 contemptus,
1572 268 1648 304 aut
1680 260 1812 307 indif—

341 329 525 377 ferentia
559 328 714 376 saltem
740 369 749 387 ,
790 329 865 377 ubi
898 330 1017 395 leges
1052 330 1108 378 ab
1141 349 1192 378 eo
1226 332 1629 396 parvipendantur,
1660 334 1814 382 simul-

340 416 542 470 tatesque
570 416 616 452 et
647 405 862 453 factiones
885 407 931 453 in
956 425 1054 454 eum
1090 408 1374 472 irrepserint3
1404 407 1480 454 ubi
1505 408 1684 473 publica
1709 426 1814 458 con-

342 481 539 528 culcetur
570 498 741 528 morum
775 482 1006 539 honestas,
1036 500 1087 530 ac
1110 484 1324 531 novitates
1358 495 1661 549 aucupentur,
1699 502 1814 550 quae

338 556 461 606 vitiis
477 556 780 615 blandiuntur,
793 559 1012 606 eiusmodi
1032 559 1221 623 populus
1239 560 1585 624 contemptibilis
1602 561 1666 619 fit,
1679 572 1813 627 atque

341 650 368 680 a
387 650 469 681 sua
486 633 685 682 deiectus
712 634 923 698 dignitate
952 634 1008 681 ab
1034 634 1240 682 omnibus
1265 635 1452 683 habetur
1475 637 1630 684 ruinae
1652 655 1703 684 ac
1726 638 1814 685 dis·

341 708 552 758 solutioni
578 710 820 774 proximus,
848 726 1122 774 vergensque
1145 710 1201 757 ad
1225 711 1447 759 interitum
1471 714 1586 774 (51).
1610 713 1811 760 Gentium

339 787 536 835 omnium
564 786 749 834 historia
774 786 906 832 huius
930 786 1127 833 veritatis
1146 787 1445 834 testimonium
1474 788 1670 853 praebet.

438 862 536 918 Quo
570 863 829 928 praestituto
864 862 1105 927 principio,
1135 862 1174 909 si
1202 862 1411 927 probetur
1433 881 1512 927 per
1535 864 1685 911 civilia
1708 881 1812 912 con-

343 938 465 1002 iugia
498 956 668 987 morum
702 938 923 984 licentiam
959 938 1138 994 inferri,
1172 955 1224 985 ac
1253 950 1487 1003 propterea
1513 939 1740 1002 religionis
1763 957 1814 987 ac

340 1014 487 1078 legum
517 1024 814 1078 contemptum
837 1051 846 1070 ,
886 1014 1134 1078 proculcari
1170 1014 1394 1079 publicam
1420 1016 1695 1063 honestatem
1724 1034 1815 1063 una

339 1108 439 1138 cum
468 1090 625 1138 ceteris
654 1090 956 1147 consectariis,
980 1108 1094 1156 quae
1112 1091 1242 1139 modo
1260 1092 1590 1149 recensuimus,
1613 1093 1716 1157 quis
1735 1093 1816 1140 ibit

342 1167 517 1214 inficias
548 1166 773 1214 societatis
804 1184 855 1214 ac
883 1167 1077 1215 familiae
1112 1167 1447 1216 dissolutionem
1484 1169 1686 1216 effectum
1722 1170 1814 1217 sore

342 1243 642 1291 necessarium
676 1243 896 1291 eiusmodi
931 1244 1075 1291 civilis
1109 1244 1319 1310 nuptialis
1353 1245 1584 1292 foederis?
1617 1244 1697 1292 Ast
1730 1245 1815 1292 hoc

344 1330 437 1376 est,
466 1320 582 1385 quod
614 1319 830 1367 hactenus
854 1321 1075 1384 prosecuti
1103 1338 1257 1368 sumus
1275 1359 1284 1376 ,
1313 1321 1422 1385 quin
1446 1338 1561 1385 opus
1585 1317 1643 1368 sit
1659 1321 1811 1368 eadem

341 1395 522 1443 aliunde
545 1396 719 1443 iterare.
743 1396 958 1443 Nimirum
982 1396 1101 1444 civili
1128 1397 1211 1444 hoc
1236 1397 1410 1444 foedere
1434 1396 1570 1444 semel
1594 1396 1809 1453 admisso,

343 1482 488 1519 actum
524 1482 593 1519 est
631 1471 688 1518 de
723 1472 952 1519 sanctitate
985 1473 1205 1535 coniugii;
1245 1483 1391 1519 actum
1425 1483 1493 1520 est
1526 1472 1583 1519 de
1615 1473 1813 1520 eiusdem

342 1547 760 1604 indissolubilitate3
789 1548 935 1595 aditus
973 1548 1227 1612 peramplus
1262 1548 1427 1612 patebit
1461 1549 1728 1596 successivis
1751 1549 1816 1594 di-

340 1624 492 1672 vortiis
515 1662 525 1681 ,
574 1641 625 1671 ac
672 1624 853 1688 saepius
899 1624 1174 1689 polygamiae
1221 1624 1512 1672 simultaneae
1540 1644 1550 1681 ;
1595 1624 1668 1671 via
1702 1635 1812 1671 ster-

341 1700 460 1747 nitur
482 1700 754 1748 omnimodis
788 1700 994 1763 flagitiis;
1034 1709 1179 1746 actum
1213 1710 1280 1746 est
1310 1700 1367 1747 de
1400 1699 1606 1763 religiosa
1642 1717 1693 1747 ac
1733 1700 1812 1746 ho-

340 1786 469 1823 nesta
506 1775 748 1823 liberorum
773 1776 1075 1831 institutione3
1104 1785 1249 1822 actum
1273 1784 1341 1822 est
1363 1775 1418 1822 de
1440 1775 1617 1840 publica
1641 1792 1811 1821 morum

340 1852 572 1900 honestate
600 1870 651 1900 ac
678 1852 734 1900 de
762 1852 974 1916 religione
1007 1852 1106 1916 ipsa
1124 1890 1133 1907 ,
1170 1862 1219 1898 ut
1251 1862 1422 1899 constat
1455 1868 1507 1898 ex
1535 1851 1681 1899 dictis.
1706 1851 1814 1898 Con—

340 1927 607 1975 cludendum
637 1928 802 1976 idcirco
832 1939 920 1985 est,
945 1927 1048 1975 talia
1068 1927 1217 1975 civilia
1235 1927 1455 1975 connubia
1479 1938 1636 1992 suapte
1659 1938 1815 1975 natura

341 2004 523 2052 tendere
547 2005 604 2051 ad
629 2004 824 2052 familiae
853 2021 905 2052 ac
940 2003 1163 2052 societatis
1200 2004 1458 2068 perniciem.

438 2081 560 2128 Idem
580 2080 824 2144 colligitur,
849 2081 885 2128 si
905 2080 1052 2145 ipsum
1076 2080 1344 2128 connubium
1370 2080 1554 2145 propius
1574 2090 1808 2144 spectetur.

343 2157 425 2204 Ubi
460 2156 578 2204 enim
612 2155 939 2204 matrimonium
975 2155 1180 2203 inciderit
1211 2155 1256 2202 in
1290 2173 1450 2202 manus
1481 2155 1813 2218 magistratuum

343 2233 565 2289 civilium,
605 2250 684 2280 seu
718 2233 860 2280 civilis
895 2233 1124 2297 regiminis
1147 2271 1156 2289 ,
1197 2233 1426 2279 innumera
1456 2248 1592 2295 prope
1618 2230 1815 2277 oriantur

343 2301 650 2367 incommoda,
680 2310 768 2357 imo
785 2320 827 2356 et
845 2309 962 2356 mala
980 2309 1215 2357 manifesta
1233 2348 1242 2366 ,
1265 2326 1380 2374 quae
1397 2307 1647 2370 coniugium
1667 2306 1813 2370 ipsum

440 2477 505 2518 (51)
526 2489 542 2506 οι
552 2477 632 2510 L’on
643 2485 662 2509 a
675 2477 763 2518 sape,
777 2476 884 2518 inquit
894 2476 1048 2517 Moe‘liler,
1063 2477 1108 2509 1ae
1120 2476 1211 2508 bases
1224 2476 1264 2507 de
1274 2475 1408 2508 l'edifice
1421 2476 1453 2507 et
1467 2472 1550 2506 brise
1565 2473 1595 2504 le
1609 2473 1672 2505 lien
1686 2473 1743 2513 qui
1756 2474 1815 2504 rat·

339 2530 433 2562 tache
450 2530 481 2563 le
494 2530 623 2572 present
638 2539 678 2562 au
694 2530 802 2571 passe;
819 2530 845 2562 si
861 2530 894 2562 la
908 2529 1048 2562 division
1062 2538 1081 2561 a
1096 2529 1196 2561 rendu
1212 2529 1285 2561 tout
1306 2529 1377 2560 acte
1392 2526 1534 2559 national
1558 2525 1745 2567 impossible
1757 2549 1765 2565 ‚
1782 2527 1815 2557 et

342 2583 440 2622 qu’on
456 2591 497 2615 ne
510 2582 618 2624 puisse
630 2583 704 2625 plus
719 2583 896 2624 distinguer
909 2581 1031 2624 l’esprit
1043 2581 1151 2623 public
1164 2590 1204 2613 au
1216 2581 1326 2613 milieu
1342 2580 1385 2612 du
1399 2579 1551 2612 desordre
1565 2581 1596 2611 et
1608 2579 1648 2611 de
1658 2579 1690 2611 la
1704 2578 1814 2611 consu·

343 2635 436 2676 sion3
452 2644 489 2668 ce
503 2637 637 2678 peuple,
652 2645 800 2678 soyez-en
817 2638 890 2677 sur,
909 2636 1029 2669 touche
1042 2634 1061 2667 a
1076 2643 1111 2667 sa
1127 2635 1233 2675 ruine;
1254 2642 1313 2666 son
1334 2634 1426 2674 genie
1447 2633 1594 2664 tutelaire
1604 2657 1614 2673 ,
1628 2641 1686 2664 son
1702 2631 1783 2664 Dieu
1799 2639 1818 2662 a

342 2687 475 2728 disparu
499 2697 574 2722 sans
598 2692 718 2722 retour.
746 2691 824 2722 Pan
850 2690 901 2722 est
927 2690 1031 2721 mort.
1055 2687 1144 2720 Telle
1165 2686 1245 2720 etait
1258 2687 1290 2719 la
1304 2686 1452 2718 nouvelle
1464 2694 1527 2726 que
1542 2684 1761 2727 rapportaient
1775 2683 1816 2715 de

345 2741 436 2772 toute
459 2743 532 2782 part
559 2743 606 2774 les
629 2742 836 2784 navigateurs
851 2751 891 2774 au
907 2744 1012 2783 temps
1024 2741 1064 2774 de
1078 2740 1109 2773 la
1125 2749 1207 2773 venu
1221 2739 1265 2771 du
1282 2739 1429 2772 Messio.»
1445 2738 1661 2780 symbolique
1680 2739 1759 2769 tom.
1773 2738 1813 2768 ll.

341 2793 396 2825 liv.
415 2794 440 2825 1,
458 2794 509 2826 cli.
527 2797 566 2827 V.
587 2795 616 2835 ᾗ.
636 2797 809 2827 xxxvlll.
825 2804 895 2835 pag.
916 2798 965 2827 40.
980 2795 1069 2826 Paris
1087 2798 1174 2826 1852.
1193 2793 1278 2825 trad.
1296 2792 1335 2824 de
1351 2794 1395 2823 M.
1411 2792 1542 2823 Lat-liat.
