1912 3180
253 226 343 259 cAr.
364 228 421 260 lv.
446 226 499 259 DE
523 228 678 260 Annum.
703 228 779 261 Pno
804 229 907 261 LEGE
932 229 983 261 nt:
1008 229 1132 262 nnn.
1157 230 1240 262 etv.
1264 231 1355 263 Am.
1380 231 1441 263 111.
1529 218 1609 263 42¹

141 305 274 353 unius
308 306 369 352 rei
404 323 504 353 cum
529 306 667 353 altera
691 306 892 354 eiusdem
928 318 1129 355 naturam
1165 309 1351 356 minime
1380 309 1506 356 tollit.
1537 310 1619 357 Es-

141 383 286 430 sentia
317 383 580 430 sacramenti
612 382 803 431 nobilior
828 383 1012 448 quidem
1047 395 1137 441 est,
1175 395 1245 432 ast
1278 402 1365 432 non
1400 385 1514 434 tollit
1547 405 1613 435 es-

143 459 334 506 sentiam
359 470 634 517 contractus,
674 460 753 507 sed
784 460 907 507 illam
938 472 1109 508 tantum
1144 461 1409 510 nobiliorem
1446 462 1614 519 reddit,

142 535 292 582 evehit
324 546 458 601 atque
490 536 773 592 sanctificat3
812 547 883 584 ast
916 549 1167 586 contractus
1190 549 1240 585 ut
1263 538 1366 586 talis
1391 540 1622 603 permanet

144 611 228 658 sub
261 611 380 659 civili
413 613 734 660 iurisdictione.
763 614 1093 661 Sacramentum
1128 615 1269 662 tendit
1293 615 1351 662 ad
1377 617 1621 680 sanctifica-

146 688 300 734 tionem
338 698 617 745 contractus,
657 689 860 754 adeoque
893 699 962 737 est
994 690 1259 754 separabile.

243 765 286 810 3.
318 765 685 829 lnseparabilitas
709 783 798 813 non
822 775 891 813 est
913 765 1068 829 doqma
1094 765 1323 829 religionis
1353 767 1614 816 catholicae.

146 840 241 887 Non
280 840 494 906 probatur
526 859 580 888 ex
614 843 841 907 Scriptura
866 880 875 898 ,
915 859 1060 907 neque
1093 858 1146 889 ex
1190 843 1459 899 traditione;
1500 843 1623 891 nulla

142 927 316 981 prostat
348 917 527 965 concilii
557 918 776 966 definitio.
800 919 844 965 Si
870 930 990 966 esset
1013 919 1190 983 doqma,
1221 920 1266 966 in
1291 920 1413 967 nulla
1438 936 1622 984 prorsus

149 993 369 1041 catholica
403 994 583 1058 regione
617 995 711 1042 fieri
750 1006 934 1061 posset,
973 996 1037 1042 uti
1072 996 1188 1043 sacta
1221 1007 1289 1044 est
1324 1013 1375 1043 ac
1411 1012 1542 1061 porro
1575 996 1625 1042 fit

147 1069 368 1117 eiusmodi
402 1072 641 1135 separatio.

248 1146 290 1190 4.
331 1145 417 1192 Sed
453 1164 598 1211 neque
622 1158 689 1194 est
712 1159 845 1212 caput
869 1148 1049 1213 aliquod
1073 1148 1341 1212 disciplinae
1365 1147 1623 1195 fundamen·

141 1221 265 1269 talis.
297 1222 501 1270 Ecclesia
526 1223 739 1287 permittit
772 1234 821 1270 ut
847 1224 1059 1271 doceatur
1093 1222 1402 1287 separabilitas
1427 1240 1479 1269 ac
1504 1223 1624 1270 inse-

148 1297 434 1364 parabilitas:
469 1300 531 1346 uti
566 1299 809 1347 catholicos
845 1310 1016 1364 spectat
1048 1311 1188 1347 status
1216 1298 1315 1347 illos
1339 1316 1390 1346 ac
1416 1317 1551 1362 regna
1578 1299 1623 1346 in

147 1375 313 1440 quibus
347 1375 530 1425 docetur
564 1376 892 1442 separabilitas.
935 1377 1064 1439 Ergo.

247 1452 383 1499 Porro
418 1453 456 1499 si
485 1452 746 1518 'separabile
791 1463 860 1500 est
902 1456 1225 1500 sacramentum
1260 1471 1287 1499 a
1320 1461 1545 1514 contractu
1582 1462 1625 1498 et

147 1529 349 1576 vicissim
363 1567 373 1585 ,
407 1540 604 1593 praestat
627 1539 677 1575 ut
700 1539 976 1593 separentur.
1001 1529 1109 1575 Tum
1134 1528 1350 1577 ecclesiae
1373 1531 1472 1575 turns
1490 1528 1624 1583 statui

150 1605 279 1652 valde
314 1605 498 1669 prodest
532 1615 685 1652 mutua
718 1605 1065 1670 independentia
1099 1605 1183 1652 hoc
1218 1622 1353 1662 sensu
1377 1602 1621 1658 intellecta,

150 1680 270 1745 quod
301 1683 492 1746 utraque
518 1683 715 1765 potestas
753 1681 868 1727 intra
898 1680 1010 1728 fines
1047 1698 1152 1728 suos
1188 1681 1489 1734 contineatur;
1519 1690 1624 1765 tunc

147 1758 343 1806 vitantur
374 1758 502 1814 lites,
541 1757 711 1820 iurgia,
752 1757 918 1812 dubia,
946 1757 1248 1821 quaestiones.

248 1834 427 1881 Falsum
463 1843 532 1880 est
569 1833 903 1880 matrimonium
945 1832 1083 1879 civile
1108 1850 1209 1880 esse
1242 1831 1585 1879 concubinatum
1612 1869 1620 1886 ,

151 1910 229 1956 sed
263 1920 332 1957 est
365 1909 699 1957 matrimonium
733 1926 886 1956 verum
922 1926 974 1955 ac
1008 1907 1278 1971 legitimum,
1306 1907 1512 1972 quamvis
1537 1925 1624 1955 non

150 1996 309 2033 ratum.
351 1985 618 2034 Canonistae
648 2002 802 2033 omnes
837 1984 1120 2048 distinguunt
1149 1983 1626 2046 matrimonium'legi-

156 2064 311 2110 timum
335 2102 344 2120 ‚
383 2074 428 2110 et
461 2074 619 2110 ratum.

250 2138 451 2186 Ecclesia
481 2139 580 2204 ipsa
605 2149 723 2186 tenet
748 2149 971 2203 tamquam
990 2137 1188 2184 validum
1212 2137 1538 2185 matrimonium
1563 2136 1625 2183 le-

153 2215 383 2278 gitimum,
421 2216 503 2263 etsi
540 2225 685 2262 ratum
717 2232 805 2262 non
841 2215 914 2262 sit.

252 2292 301 2337 ln
332 2291 416 2339 hac
452 2291 682 2338 academia
719 2291 1030 2352 (taurinensi)
1070 2307 1245 2355 semper
1279 2290 1621 2344 traditum'est‚

155 2367 484 2414 matrimonium
518 2369 642 2413 iuxta
675 2365 796 2429 leges
837 2366 1041 2430 proprias
1083 2365 1276 2429 regionis
1319 2364 1621 2420 celebratum,

153 2444 360 2509 quamvis
390 2443 664 2491 disiunctum
683 2460 710 2490 a
733 2442 988 2490 charactere
1014 2442 1306 2499 sacramenti,
1341 2450 1493 2489 verum'
1526 2458 1641 2489 esse

153 2520 497 2568 matrimonium.
539 2519 821 2566 Manifestum
850 2519 894 2565 id
925 2530 993 2566 est
1020 2528 1119 2566 ante
1153 2517 1390 2566 concilium
1426 2517 1626 2566 tridenti-

153 2615 274 2644 num.
298 2597 470 2644 Deinde
504 2596 743 2644 concilium
779 2595 1009 2643 constituit
1041 2606 1090 2642 ut
1124 2596 1451 2643 matrimonium
1478 2610 1626 2642 coram

155 2672 351 2737 parocho
385 2672 710 2727 celebraretur;
750 2671 825 2718 ubi
861 2671 1098 2719 concilium
1133 2682 1357 2735 receptum
1394 2682 1487 2727 est,
1533 2688 1627 2718 ma—

155 2749 410 2797 trimonium
448 2750 556 2796 sine.
575 2748 771 2813 parocho
794 2748 963 2796 nullum
989 2759 1071 2795 est.
1102 2748 1258 2794 Verum
1285 2747 1323 2794 si
1349 2747 1480 2794 alicui
1506 2747 1627 2812 prin-

154 2826 245 2890 cipi
281 2825 522 2883 catholico,
561 2837 689 2890 prout
722 2825 767 2872 in
805 2825 956 2873 Galliis
992 2836 1036 2872 et
1069 2825 1112 2871 in
1149 2824 1299 2887 Belgio
1334 2824 1495 2871 sactum
1532 2835 1622 2879 est,
