1918 3186
284 215 374 247 CAP.
395 215 438 246 V.
464 214 516 247 m:
534 213 689 247 mmsr.
705 213 911 246 coN'rnffl.
934 214 1027 246 Aur.
1055 214 1100 247 11.
1124 214 1220 247 ΑΒΕ.
1245 213 1478 247 TRAm'rwN.
1552 198 1638 246 151

166 311 253 342 non
287 294 474 342 obscure
508 293 694 340 traditur
717 292 763 338 in
794 292 1046 340 Orthodooea
1078 293 1181 358 fidei
1212 294 1471 359 consessione
1497 293 1649 342 adver-

165 389 243 420 sus
270 371 424 436 Cyrilli
450 371 631 418 Lucaris
657 387 830 417 errores
856 380 1056 427 exarata,
1086 371 1133 417 in
1162 389 1252 436 qua
1278 371 1461 434 legitur:
1496 390 1519 416 «
1539 370 1646 418 Sex-

165 460 258 496 tum
286 458 610 496 sacramentum
639 458 707 495 est
733 446 1079 505 matrimonium,
1103 448 1223 513 quod
1244 460 1481 513 postquam
1509 448 1646 495 futuri

166 525 322 589 sponsi
357 524 443 571 sibi
472 534 625 571 mutuo
652 524 785 570 fidem
814 523 1088 586 coniugalem
1125 525 1363 583 dederunt,
1395 536 1464 574 est
1493 526 1646 591 confir-

163 611 329 648 matum
353 610 480 664 atque
509 600 773 647 benedictum
797 618 825 647 a
850 599 1066 648 sacerdote
1099 603 1143 663 (2
1153 603 1223 663 4);
1250 622 1272 647 »
1301 620 1390 650 non
1422 619 1528 651 vero
1553 618 1647 649 con-

163 679 347 742 sectum,
387 686 463 724 aut
497 676 867 724 administratum.

260 754 389 810 Quod
414 771 519 801 vero
537 753 692 801 attinet
708 754 764 801 ad
785 754 960 802 ritualia
985 754 1200 802 ecclesiae
1221 754 1539 812 occidentalis,
1573 772 1642 802 res

167 829 300 894 plane
324 830 524 878 confecta
548 841 639 887 est,
663 831 700 878 si
720 831 765 877 in
783 842 974 878 mentem
999 848 1254 879 revocemus
1283 849 1398 895 quae
1422 850 1475 879 ex
1491 833 1649 879 Marte-

164 906 239 953 nio
266 907 559 963 adduximus;
588 907 773 963 etenim,
805 907 904 971 ipso
933 916 1142 963 testante,
1174 907 1221 952 in
1249 907 1373 955 nullo
1402 907 1644 972 antiquiori

164 982 310 1030 rituali
335 983 595 1041 latinorum,
629 983 813 1048 perinde
839 1000 891 1030 ac
921 983 967 1029 in
996 983 1117 1031 nullo
1143 1001 1356 1048 umquam
1379 984 1643 1047 euchologio

164 1077 425 1123 graecorum
454 1060 590 1108 verba
617 1060 719 1117 illa,
742 1077 859 1125 quae
887 1077 1005 1107 nunc
1033 1078 1060 1107 a
1089 1061 1318 1108 sacerdote
1341 1060 1387 1107 in
1411 1060 1649 1124 iungendis

163 1136 331 1202 nuptiis
361 1137 661 1201 proferuntur:
700 1137 795 1201 qu
824 1154 898 1184 vos
928 1138 1156 1201 coniunyo,
1190 1154 1335 1202 neque
1364 1137 1454 1184 alia
1483 1137 1556 1184 his
1584 1138 1646 1184 si-

161 1213 285 1260 milia
310 1214 606 1278 reperiuntur.
638 1213 805 1278 Atque,
834 1214 897 1262 uti
929 1231 983 1262 ex
1009 1213 1168 1261 iisdem
1195 1214 1473 1262 documentis
1500 1225 1643 1279 patet,

161 1299 252 1337 tota
285 1290 551 1337 sacramenti
588 1290 699 1338 ratio
728 1308 779 1337 ac
806 1291 1002 1338 essentia
1031 1300 1183 1337 mutuo
1211 1290 1445 1354 utriusque
1475 1301 1646 1338 contra-

163 1366 313 1413 hentis
347 1383 571 1413 consensu
605 1366 933 1414 absolvebatur.
973 1366 1127 1413 Cetera
1160 1383 1263 1413 vero
1297 1367 1448 1414 omnia
1484 1366 1542 1414 ab
1572 1384 1643 1414 ec-

162 1441 302 1489 clesia
324 1442 498 1490 adiecta
521 1453 626 1489 sunt
643 1443 700 1489 ad
719 1443 928 1489 maiorem
954 1441 1298 1490 declarationem
1327 1442 1510 1506 gratiae,
1534 1460 1649 1508 quae

164 1519 410 1567 contractui
446 1518 670 1582 coniugali
706 1519 752 1565 in
787 1536 901 1567 nova
935 1519 1032 1583 lege
1066 1537 1119 1567 ex
1153 1519 1317 1567 Christi
1357 1521 1535 1568 Domini
1572 1537 1646 1568 vo-

162 1594 331 1643 luntate
365 1595 539 1643 adnexa
571 1606 669 1651 est,
708 1605 751 1642 et
783 1595 840 1642 ad
874 1596 991 1643 bona
1025 1614 1051 1643 a
1085 1597 1177 1644 Deo
1211 1614 1346 1662 super
1379 1597 1644 1660 coniugibus

161 1671 426 1729 obtinenda;
462 1690 566 1730 seu,
598 1683 648 1720 ut
680 1671 878 1738 loquitur
903 1673 1110 1721 laudatus
1139 1667 1318 1731 auctor,
1344 1684 1393 1721 ut
1422 1684 1646 1722 contracto

163 1766 242 1813 per
265 1765 535 1797 consensum
563 1748 868 1806 matrimonio,
902 1749 1248 1814 benedictoque,
1281 1767 1334 1797 ac
1360 1750 1511 1797 manui
1544 1749 1650 1797 sini-

167 1835 285 1872 strae
308 1843 501 1890 sponsae
525 1826 734 1890 imposito
759 1824 946 1883 annulo,
977 1826 1180 1890 fusisque
1203 1825 1430 1873 nonnullis
1445 1863 1454 1881 ,
1483 1825 1648 1889 quibus

170 1901 298 1948 novis
340 1901 605 1966 coniugibus
632 1902 747 1949 bene
776 1903 1041 1967 precabatur
1070 1902 1302 1957 sacerdos,
1341 1900 1642 1957 orationibus,

168 1976 214 2021 in
248 1975 481 2023 ecclesiam
517 1977 936 2034 introducebantur,
966 1978 1066 2034 ubi,
1099 1977 1239 2024 missa
1263 1977 1508 2033 celebrata,
1546 1986 1648 2025 antc

166 2051 524 2100 communionem
559 2053 737 2118 nuptias
773 2053 1028 2102 solemniter
1059 2052 1351 2100 benedicebat
1383 2054 1499 2115 (25).

266 2127 649 2183 Quemadmodum
683 2140 830 2177 autem
866 2131 912 2176 in
945 2130 1148 2178 ecclesiis
1184 2129 1476 2177 orientalibus
1510 2129 1646 2176 dene-

166 2204 356 2268 gabatur
388 2205 535 2252 viduis
571 2205 729 2252 iterum
758 2206 1027 2254 nubentibus
1063 2206 1309 2262 coronatio,
1341 2205 1406 2253 sic
1433 2206 1478 2252 in
1506 2205 1648 2253 eccle-

165 2281 234 2329 sia
267 2281 531 2329 occidentali
568 2282 871 2346 denegabatur
899 2283 1111 2347 nuptialis
1145 2283 1409 2331 benedictio.
1449 2283 1498 2329 ld
1527 2283 1647 2347 quod

167 2357 347 2405 disertis
376 2358 526 2406 verbis
555 2359 690 2406 tradit
717 2377 754 2407 s.
781 2359 1018 2407 Caesarius
1051 2359 1273 2407 scribens:
1307 2379 1329 2405 «
1353 2359 1439 2415 Qui
1465 2375 1646 2407 uxorem

168 2444 290 2498 optat
314 2436 537 2500 accipere,
567 2436 683 2484 sicut
707 2436 829 2484 illam
851 2436 1068 2500 virginem
1094 2436 1293 2484 invenire
1315 2435 1561 2491 desiderat,
1588 2435 1647 2482 ita

167 2510 265 2574 ipse
291 2529 436 2576 usque
464 2512 521 2559 ad
553 2513 730 2578 nuptias
756 2513 880 2576 virgo
911 2513 990 2560 sit:
1019 2513 1126 2578 quia
1154 2513 1192 2559 si
1221 2529 1308 2559 non
1336 2511 1490 2568 fuerit,
1525 2511 1645 2557 bene-

169 2629 368 2668 quatri-{mes
386 2639 501 2671 noces,
524 2633 558 2664 et
575 2640 634 2673 par
654 2632 853 2672 consequent
867 2631 964 2663 celles
979 2632 1053 2663 sont
1066 2638 1109 2662 un
1124 2630 1318 2670 sacrement,
1332 2637 1396 2671 que
1409 2630 1440 2662 le
1450 2628 1560 2662 desunt
1569 2629 1610 2661 de
1625 2629 1654 2661 ta

169 2679 373 2716 benediction
388 2684 430 2717 de
442 2685 563 2726 l'eglise
576 2694 616 2717 ne
629 2687 706 2726 pent
719 2693 777 2726 pas
793 2684 953 2724 detruire;
970 2685 1106 2725 puisque
1127 2684 1216 2717 selon
1230 2685 1271 2716 st.
1286 2683 1427 2716 Thomas
1449 2683 1509 2716 ene
1530 2691 1571 2715 ne
1593 2683 1651 2714 fait

171 2741 230 2774 pas
244 2736 348 2775 partie
360 2736 405 2768 du
419 2739 632 2770 sam-emeat.»

268 2789 336 2828 (24)
357 2790 573 2826 Quaestus.

266 2841 333 2882 (25)
356 2841 499 2874 Mar-tene
512 2851 564 2883 op.
581 2842 637 2874 eit.
655 2842 710 2874 lib.
731 2844 756 2875 1.
771 2852 844 2883 cap.
864 2844 917 2875 lx.
937 2844 997 2875 art.
1017 2841 1121 2884 111.§.
1140 2847 1168 2875 8.
