1912 3180
408 187 498 217 cn».
529 187 573 217 ιι.
604 187 655 218 m:
688 188 813 218 nun.
842 187 925 220 civ.
950 188 1061 219 omo.
1088 186 1135 218 m·
1157 186 1303 219 rnoon.
1510 170 1598 215 279

682 329 957 365 ARTICULUS
985 331 1051 368 111.

126 453 361 492 Matrimonii
374 454 499 491 civilis
509 453 683 491 dilatatio
696 457 735 491 et
747 463 970 502 progressus
984 465 1124 505 magna
1136 467 1182 495 ex
1197 460 1305 506 parte
1322 455 1607 504 ineredulismo,

326 520 606 558 communismo
632 523 670 557 et
697 518 916 558 socialismo
942 518 1101 557 debetur
1128 522 1258 570 eisque
1287 521 1406 560 favet.

227 647 345 694 Licet
373 665 400 694 a
428 647 788 713 protestantismo
804 686 814 704 ,
841 657 891 694 ut
913 648 961 694 in
985 647 1169 695 articulo
1203 648 1422 712 superiori
1457 661 1607 697 osten-

131 725 308 780 dimus,
359 724 612 789 nuptiarum
657 724 856 771 civilium
892 724 1015 787 origo
1064 724 1124 770 sit
1165 725 1450 787 agnoscenda
1479 764 1489 782 ,
1540 725 1609 772 ni-

132 799 375 848 hilominus
409 801 523 847 inter
556 800 798 848 catholicos
831 800 1012 847 morbus
1046 800 1121 847 hic
1154 800 1430 864 epidemicus
1457 802 1605 849 nullos

132 887 208 923 aut
258 877 347 924 fere
386 876 531 924 nullos
572 877 821 934 infecisset,
866 877 953 924 nisi
988 877 1050 924 ita
1082 888 1363 942 nuncupatae
1397 878 1608 925 reforma-

132 952 241 1000 tioni
286 962 514 1018 tamquam
560 953 799 1001 auxiliares
840 953 993 1017 copias
1034 969 1084 1000 se
1129 970 1178 1000 se
1225 953 1496 1000 adiecissent
1540 953 1609 999 in·-

133 1027 301 1075 creduli
329 1065 339 1085 ‚
379 1027 542 1075 deinde
575 1045 680 1076 vero
719 1029 1042 1076 communistae
1075 1044 1127 1075 ac
1162 1029 1430 1076 socialistae.
1459 1028 1610 1093 Siqui—

131 1103 234 1150 dem
267 1121 320 1150 ex
354 1103 544 1151 historia
587 1115 857 1169 compertum
901 1114 996 1160 est,
1045 1104 1287 1152 catholicos
1328 1104 1384 1151 ab
1423 1104 1550 1152 initio
1584 1121 1610 1151 a

131 1180 531 1228 communicatione
563 1197 664 1227 cum
701 1181 936 1228 haereticis
982 1180 1327 1245 protestantibus
1358 1180 1611 1228 abhorruis-

133 1273 207 1311 se,
246 1266 289 1303 et
321 1257 430 1320 quin
466 1256 642 1304 illorum
678 1256 925 1311 erroribus,
963 1256 1289 1304 conversationi
1325 1274 1377 1303 ac
1410 1255 1609 1303 moribus

134 1327 236 1380 sese
280 1332 688 1388 accommodarent,
728 1332 784 1378 ab
819 1332 876 1379 iis
910 1332 1057 1397 potius
1100 1331 1290 1379 maxime
1325 1332 1500 1380 cavisse
1522 1369 1532 1388 ,
1571 1331 1610 1378 si

134 1409 397 1493 depravatos
416 1409 653 1455 nonnullos
672 1408 877 1456 homines
895 1446 904 1465 ,
927 1409 1004 1472 qui
1025 1425 1268 1472 numquam
1285 1408 1471 1464 desunt,
1494 1407 1612 1454 exci-

134 1485 249 1549 pias.
290 1485 405 1532 Hinc
446 1484 644 1540 nullum,
684 1495 759 1531 aut
792 1485 882 1531 fere
918 1484 1090 1531 nullum
1124 1483 1386 1531 influxum
1375 1502 1422 1530 in
1455 1483 1611 1531 catho-

133 1562 245 1609 licos
269 1562 522 1608 habuerunt
550 1571 865 1625 protestantes,
895 1561 980 1608 hac
1004 1561 1161 1608 saltem
1185 1578 1239 1608 ex
1254 1569 1405 1636 p‘a.rte
1428 1560 1485 1608 Et
1502 1578 1610 1608 sane

135 1657 213 1704 per
246 1639 332 1686 tria
364 1638 502 1685 ferme
537 1638 750 1685 saecula
740 1656 786 1684 in
812 1638 1068 1702 regionibus
1099 1627 1331 1685 catholicis
1356 1653 1468 1702 pene
1492 1637 1613 1701 igno-

135 1715 347 1762 rabantur
378 1714 449 1761 vel
484 1714 584 1778 ipsa
618 1714 925 1777 coniugiorum
960 1732 1080 1762 mere
1113 1714 1310 1763 civilium
1345 1713 1607 1769 existentia,

135 1802 178 1838 et
210 1809 386 1838 nomen.
433 1791 577 1837 Huius
613 1790 675 1837 rei
711 1801 844 1838 testes
887 1791 1043 1838 saltem
1085 1791 1299 1838 indirecte
1332 1789 1610 1854 appellamus

137 1874 210 1915 tot'
232 1867 332 1914 illos
365 1866 609 1914 catholicos
644 1868 905 1931 scriptores,
933 1867 1010 1931 qui
1040 1867 1415 1931 locupletissimos
1439 1866 1495 1913 de
1518 1882 1613 1911 ma-

138 1944 574 2010 trimonio-tractatus
609 1944 865 2007 ediderunt,
905 1944 1015 2008 quin
1050 1961 1262 2008 umquam
1303 1943 1359 1989 de
1393 1941 1611 1989 eiusmodi

137 2017 362 2087 coniugiis
391 2018 710 2077 disseruerint,
740 2020 859 2085 quod
894 2030 1011 2066 certe
1045 2020 1190 2066 facere
1213 2036 1301 2067 non
1326 2019 1605 2074 omisissent,

138 2098 176 2145 si
212 2104 272 2145 eal
298 2097 417 2161 apud
452 2096 694 2144 catholicos
730 2095 895 2142 alicubi
930 2106 1034 2142 nota
1067 2094 1273 2142 fuissent.
1330 2146 1335 2153 s

234 2174 541 2221 Distinxerunt
558 2172 621 2218 illi
641 2172 823 2236 quidem
842 2171 1065 2219 communi
1082 2170 1251 2218 calculo
1268 2187 1369 2217 cum
1388 2186 1426 2216 s.
1442 2168 1612 2215 Thoma

139 2252 184 2297 in
219 2249 499 2297 matrimonio
533 2249 723 2313 officium
755 2259 960 2302 naturae,
1001 2248 1191 2312 officium
1226 2246 1544 2293 communitatis
1575 2254 1615 2291 et

138 2337 453 2374 sacramentum
475 2327 592 2388 (33),
615 2325 670 2371 de
694 2343 783 2390 qua
807 2323 1091 2372 distinctione
1112 2334 1156 2370 et
1184 2340 1265 2370 nos
1290 2322 1379 2387 ipsi
1405 2338 1487 2368 suo
1516 2320 1614 2368 loco

140 2403 441 2458 disseremus;
481 2412 675 2448 attamen
709 2400 766 2447 de
798 2401 1004 2464 coniugio
1040 2417 1159 2446 mere
1193 2398 1313 2446 civili
1348 2398 1463 2444 inter
1495 2396 1617 2444 chri·-

141 2480 310 2527 stianos
333 2517 343 2536 ,
381 2495 432 2526 eo
468 2495 604 2526 sensu
639 2494 727 2543 quo
761 2494 880 2525 nunc
920 2476 1129 2531 sumitur,
1168 2491 1411 2538 numquam
1446 2489 1614 2520 sermo-

145 2573 245 2603 nem
279 2555 580 2604 instituerunt.
609 2554 682 2601 Sic
704 2554 836 2601 etiam
871 2552 1041 2617 passim
1074 2560 1258 2615 egerunt
1291 2549 1348 2597 de
1381 2548 1610 2597 effectibus

144 2631 376 2689 civilibus,
409 2642 541 2696 prout
574 2631 758 2696 nuptiae
790 2629 928 2677 initae
960 2627 1126 2675 fuerint
1147 2643 1229 2674 nec
1253 2643 1310 2673 ne
1332 2624 1389 2673 ad
1412 2642 1614 2674 normam

145 2703 361 2755 civilium
360 2707 543 2772 ·;legum
570 2705 756 2754 minime
777 2722 882 2753 vero
905 2703 1041 2751 locuti
1065 2703 1122 2751 de
1144 2701 1365 2767 coniugali
1390 2711 1616 2750 contractu

243 2807 310 2848 (33)
332 2791 431 2842 cavit}
447 2798 549 2840 oeric.
565 2807 622 2839 lib.
641 2808 697 2839 lv.
714 2814 785 2847 cap.
803 2808 854 2838 78.
871 2805 903 2837 et
923 2802 1044 2848 suppl.
1061 2812 1119 2845 qu.
1135 2807 1186 2838 50.
1202 2804 1263 2836 ιη.
1284 2803 1374 2838 unic.
1388 2801 1432 2836 nd
1451 2805 1482 2836 4.
