1918 3186
372 200 462 232 cn.
493 199 538 231 ιι.
568 199 621 230 ηε
646 196 855 230 mmsrno.
886 199 979 229 mr.
1008 199 1037 229 1.
1068 197 1238 236 Quansr.
1268 197 1406 229 omno.
1578 184 1631 227 61

156 288 247 323 tum
283 293 407 332 esse,
447 275 534 322 nisi
570 274 627 322 ad
660 273 863 330 modum,
905 292 1038 339 quem
1070 276 1283 333 diximus,
1317 292 1397 340 per
1424 273 1639 322 ecclesiae

154 353 383 400 ministros
418 351 583 416 populo
618 350 950 414 dispensentur.
979 352 1066 408 Ea,
1096 352 1263 417 inquit,
1297 368 1412 417 quae
1444 368 1524 416 per
1554 351 1639 398 mi-

155 429 317 476 nistros
341 428 558 476 ecclesiae
575 426 740 491 populo
759 426 1095 491 dispensantur,
1115 439 1392 477 sacramenta
1409 426 1632 475 dicuntur.

154 504 478 553 Matrimonium
491 503 641 567 igitur,
654 503 900 550 secundum
914 503 1035 567 quod
1048 504 1253 552 consistit
1270 504 1314 550 in
1327 503 1639 552 coniunctione

154 581 290 629 maris
308 590 352 627 et
375 579 593 627 foeminae
616 578 939 626 intendentium
967 578 1136 643 prolem
1168 580 1225 627 ad
1259 579 1427 628 cultum
1452 579 1533 627 Dei
1563 597 1640 643 ge-

156 672 314 704 nerare
330 666 374 703 et
391 655 584 702 educare
596 693 606 711 ,
623 666 692 703 est
708 655 925 703 ecclesiae
944 666 1284 702 sacramentum.
1302 655 1426 704 Unde
1442 666 1486 704 et
1502 673 1640 721 quae-

154 733 258 780 dam
286 732 535 780 benedictio
560 732 832 780 nubentibus
856 749 936 797 per
959 731 1187 780 ministros
1211 732 1427 780 ecclesiae
1454 732 1640 780 adhibe-

155 820 241 856 tur.
266 809 386 857 Haec
410 809 500 856 ille.
520 829 543 854 »
573 810 639 856 Ita
663 809 845 874 quidem
871 808 1019 856 Canus
1053 808 1285 856 connitens
1309 808 1366 856 ad
1391 826 1441 857 se
1463 809 1639 857 trahere

156 885 407 949 angelicum
441 886 674 934 Doctorem
703 886 822 948 (17).

249 963 409 1011 Verum
440 963 564 1010 irrito
598 979 781 1028 prorsus
813 973 975 1010 conatu
1009 979 1110 1010 eum
1145 961 1191 1008 id
1228 962 1481 1019 intendere,
1522 963 1637 1010 mul-

155 1039 297 1105 tiplici
332 1051 452 1104 patet
487 1040 679 1097 ratione;
709 1057 761 1087 ac
788 1039 932 1104 primo
966 1039 1146 1104 quidem
1171 1057 1223 1088 ex
1248 1039 1361 1104 ipsis
1385 1039 1496 1088 locis
1520 1056 1636 1105 quos

153 1134 234 1182 pro
263 1135 313 1165 se
342 1117 505 1181 allegat
533 1117 699 1165 Canus.
722 1117 897 1164 Etenim
932 1127 1033 1181 post
1065 1116 1199 1164 allata
1232 1116 1381 1181 priora
1415 1116 1551 1165 verba
1584 1134 1638 1164 ex

154 1194 401 1242 Comment.
424 1194 471 1240 in
504 1192 583 1240 lib.
607 1194 803 1241 Sentent.
827 1192 981 1240 subdit
1003 1192 1125 1241 illico
1153 1210 1191 1240 s.
1214 1192 1406 1240 Thomas
1430 1193 1638 1258 aperiens

152 1281 344 1318 mentem
378 1288 531 1318 suam:
559 1270 717 1318 «Sicut
739 1270 785 1317 in
809 1270 1090 1318 matrimonio
1113 1279 1213 1317 sunt
1235 1270 1367 1317 verba
1389 1271 1636 1334 eoeprinwn-

155 1349 218 1395 tia
251 1365 524 1402 consensum,
562 1358 607 1395 et
639 1348 797 1395 iterum
826 1347 1159 1395 benedictiones
1194 1347 1251 1395 ab
1283 1347 1473 1395 ecclesia
1509 1347 1639 1395 insti-

152 1435 319 1472 tutae.»
338 1425 494 1489 Itaque
515 1423 677 1480 verba,
701 1423 866 1489 quibus
897 1440 950 1470 ex
979 1423 1082 1471 divo
1100 1423 1269 1471 Thema
1303 1423 1536 1471 conficitur
1567 1441 1641 1471 sa-

152 1511 425 1548 cramentum
450 1499 740 1556 matrimonii,
770 1510 876 1547 sunt
898 1499 1029 1546 verba
1053 1501 1341 1564 exprimentia
1364 1517 1632 1555 consensum,

152 1577 317 1642 quibus
341 1577 504 1624 deinde
522 1576 578 1624 ab
596 1576 787 1624 ecclesia
805 1575 1003 1623 adiectae
1027 1586 1131 1623 sunt
1153 1575 1484 1624 benedictiones
1498 1614 1508 1633 ‚
1531 1587 1639 1624 tam-

155 1671 288 1719 quam
307 1654 478 1719 aliquid
498 1653 820 1701 sacramentale
839 1653 1174 1717 superveniens.
1188 1654 1278 1700 Nec
1294 1652 1431 1700 alium
1449 1669 1633 1701 sensum

155 1731 343 1778 fundunt
365 1748 481 1796 quae
496 1748 550 1779 ex
569 1730 804 1795 posteriori
829 1729 941 1786 loco,
969 1731 1011 1776 4.
1030 1747 1188 1794 nempe
1205 1729 1335 1786 libro,
1358 1740 1511 1777 contra
1536 1747 1638 1794 gen-

155 1818 222 1855 tes
257 1807 448 1855 adducta
490 1818 632 1863 sunt;
673 1806 896 1872 siquidem
936 1823 988 1853 ex
1024 1824 1062 1854 s.
1086 1807 1272 1854 Doctore
1306 1805 1636 1854 matrimonium

156 1883 218 1929 uti
259 1895 584 1932 sacramentum
626 1883 833 1932 consistit
874 1883 919 1930 in
965 1883 1276 1931 coniunctione
1309 1883 1444 1930 maris
1475 1893 1518 1929 et
1546 1882 1637 1929 foe·

160 1958 308 2005 minae
331 1959 654 2008 intendentium
674 1959 842 2024 prolem
862 1959 918 2007 ad
938 1959 1106 2008 cultum
1123 1959 1204 2007 Dei
1228 1976 1439 2023 generare
1461 1969 1505 2006 et
1527 1958 1635 2006 edu-

158 2051 275 2081 care.
300 2034 398 2090 Qua
419 2035 476 2082 de
504 2053 641 2084 causa
669 2036 775 2084 huic
803 2036 1130 2093 coniunctioni,
1164 2052 1280 2100 quae
1309 2045 1635 2083 sacramentum

157 2111 411 2166 constituit,
439 2121 590 2175 utpote
612 2113 675 2159 rei
699 2130 874 2170 sacrae,
904 2113 1093 2161 ecclesia
1116 2111 1348 2176 quamdam
1369 2111 1637 2160 benedictio-

159 2205 257 2234 nem
295 2187 458 2235 adiecit
493 2205 572 2252 per
604 2205 710 2236 suos
743 2189 988 2237 ministros.

255 2264 371 2312 Sane
399 2282 437 2311 s.
462 2264 675 2311 Thomam
703 2264 886 2311 minime
914 2275 1143 2329 spectasse
1174 2264 1529 2313 benedictionem
1564 2282 1637 2312 sa·-

154 2341 344 2389 cerdotis
370 2341 539 2406 nuptiis
570 2341 904 2406 superadditam
934 2341 1022 2389 nisi
1051 2342 1115 2389 uti
1143 2341 1464 2390 sacramentale
1493 2341 1637 2406 quod-

152 2418 272 2475 dam,
287 2418 513 2483 expressis
536 2418 686 2466 verbis
710 2418 845 2466 tradit
867 2418 914 2465 in
941 2420 983 2465 4.
1002 2419 1123 2466 Sent.
1141 2419 1246 2467 dist.
1266 2421 1342 2465 26.
1359 2436 1405 2483 q.
1423 2420 1442 2464 1
1459 2457 1467 2465 .
1482 2428 1566 2465 art.
1586 2420 1631 2464 1.

154 2495 230 2541 ubi
255 2513 308 2543 ex
334 2496 535 2543 instituto
560 2496 615 2543 de
640 2508 919 2545 sacramento
950 2497 1217 2545 matrimonii
1243 2497 1334 2560 agit
1367 2514 1486 2561 resp.
1509 2496 1566 2543 ad
1587 2497 1631 2543 2.

155 2571 331 2619 dicens:
374 2593 395 2617 «
418 2573 672 2621 Benedictio
708 2574 952 2622 sacerdotis
982 2591 1069 2622 non
1098 2585 1167 2622 est
1188 2574 1244 2621 de
1272 2573 1467 2621 essentia
1490 2573 1637 2621 matri-

157 2648 311 2705 monii,
330 2649 408 2696 sed
426 2659 489 2696 est
505 2649 721 2714 quoddam
736 2650 1061 2698 sacramentale.
1073 2670 1095 2695 »
1107 2650 1162 2697 Et
1179 2650 1336 2697 iterum
1356 2648 1465 2696 ibid.
1484 2661 1566 2697 art.
1586 2652 1630 2697 3.

156 2722 211 2768 ad
234 2725 275 2769 3.
295 2724 462 2773 «Verba
478 2743 747 2774 consensum
782 2726 1072 2790 exprimentia
1097 2725 1263 2773 directe
1288 2725 1453 2774 faciunt
1476 2744 1634 2775 nexum

251 2822 317 2863 (ιτ)
340 2823 421 2855 lbid.
