1912 3180
326 181 415 213 cu».
447 179 508 212 ιιι.
538 180 589 212 ni:
622 180 794 213 uirum.
826 181 974 214 civius
999 181 1119 214 ιεειι.
1150 181 1242 217 Aur.
1273 183 1334 214 ιιι.
1476 169 1562 214 321

101 258 217 307 siliis
252 258 462 323 decepto,
496 271 545 306 ut
580 277 714 323 saepe
747 260 993 322 contingit,
1029 277 1099 308 res
1128 260 1275 308 adhuc
1308 260 1570 310 luculentior

100 334 262 382 evadit.
300 337 410 382 Nam
444 336 648 400 quamvis
678 346 870 399 nequeat
902 336 1090 383 ecclesia
1123 338 1211 384 vim
1247 338 1289 385 vi
1326 337 1565 402 repellere,

102 422 370 476 protestatur
393 422 538 459 tamen
574 412 788 459 adversus
824 411 1003 475 iniquas
1037 414 1354 479 usurpationes
1383 425 1572 479 potesta-

101 488 158 535 tis
192 487 423 552 politicae;
457 488 621 535 deinde
654 488 872 553 patienter
905 488 1062 536 tolerat
1093 490 1149 537 ad
1176 491 1371 538 deterius
1406 492 1571 539 malum

97 563 351 620 vitandum;
381 581 528 612 coram
561 565 653 612 Deo
687 564 825 628 gemit
857 564 914 611 de
947 564 1071 612 illata
1106 567 1192 613 sibi
1228 568 1395 615 iniusta
1418 569 1490 624 vi,
1519 585 1571 615 ac

98 639 280 688 divinae
302 641 608 705 providentiae
630 641 887 689 universum
912 642 1137 704 negotium
1162 643 1360 691 dimittit.
1391 645 1572 692 Interim

97 715 169 763 lex
198 734 314 782 quae
345 717 635 782 parturiebat,
673 718 842 765 fructus
866 735 972 766 suos
998 718 1217 782 pessimos
1243 720 1379 783 parit,
1402 721 1574 768 ,malum

100 804 279 850 semen,
307 795 427 859 quod
452 805 598 842 satum
622 805 714 851 est,
744 811 1081 859 quaquaversus
1116 808 1412 859 propagatur,
1440 807 1575 862 atque

99 887 206 917 suos
242 870 444 934 producit
476 871 661 919 effectus
686 872 731 917 in
756 888 908 919 eorum
932 871 1066 918 etiam
1091 871 1333 935 perniciem
1350 910 1360 928 ,
1388 873 1466 936 qui
1492 873 1574 918 im-

100 946 343 1009 prudenter
376 946 487 994 illud
522 958 744 995 severunt.
775 948 897 994 Tunc
930 947 1109 994 demum
1133 958 1234 1012 post
1258 948 1409 1012 plures
1445 948 1576 995 inter·

99 1023 206 1070 dum
247 1040 416 1080 annos,
460 1024 732 1088 quandoque
764 1024 896 1072 etiam
932 1034 1032 1088 post
1066 1024 1216 1071 secula
1249 1035 1467 1088 coguntur
1501 1042 1575 1089 po-

98 1099 207 1147 steri
243 1099 446 1165 iniquam
480 1100 622 1164 legem
645 1118 670 1148 e
693 1101 841 1149 medio
875 1100 1052 1157 tollere,
1082 1100 1308 1166 aliamque
1340 1101 1571 1158 sufficere,

99 1193 218 1240 quae
241 1193 343 1224 cum
366 1176 583 1224 ecclesiae
619 1177 791 1224 iuribus
821 1177 1079 1224 harmonice
1108 1177 1405 1224 coordinetur.
1443 1178 1578 1225 Inter-

98 1252 207 1298 dum
242 1252 433 1300 ecclesia
450 1270 530 1317 per
548 1252 726 1316 longam
745 1269 961 1300 annorum
982 1253 1142 1299 seriem
1161 1252 1311 1300 animo
1335 1252 1575 1317 tranquillo

99 1327 307 1374 iniuriam
345 1327 508 1392 perfert
541 1339 659 1375 certo
692 1327 948 1383 confidens,
987 1344 1035 1374 se
1066 1327 1295 1374 victoriam
1331 1327 1578 1392 aliquando

99 1403 286 1451 laturam
316 1421 417 1452 esse
439 1404 496 1452 de
519 1404 748 1452 hominum
773 1403 1239 1468 pseudo-politicorum
1268 1403 1468 1460 vafritie;
1498 1421 1579 1451 nec

99 1497 312 1546 umquam
345 1481 564 1529 eiusmodi
602 1498 707 1544 spes
741 1497 839 1527 eam
871 1479 1040 1527 fefellit.
1070 1480 1273 1528 Ecclesia
1303 1480 1472 1545 quippe
1495 1481 1580 1527 im-

100 1556 328 1623 mutabilis
354 1568 607 1622 permanet,
638 1556 860 1622 habetque
885 1574 964 1621 pro
988 1573 1038 1604 se
1062 1556 1213 1604 secula
1234 1557 1389 1606 innixa
1412 1557 1578 1604 divinis

101 1633 364 1681 Fundatoris
389 1634 460 1681 sui
485 1633 722 1699 promissis
747 1649 799 1679 ac
823 1632 1240 1697 pollicitationibus3
1265 1633 1370 1680 hinc
1394 1633 1451 1679 ad
1476 1644 1581 1680 tem-

102 1726 186 1773 pus
221 1709 402 1774 quidem
437 1719 573 1765 tacet,
616 1708 696 1755 sed
730 1708 868 1755 vincit
902 1719 1048 1756 tamen
1071 1710 1188 1771 (19).

201 1785 331 1841 Quod
356 1785 394 1832 si
419 1795 482 1833 tot
503 1784 624 1847 leges
659 1795 810 1848 utpote
844 1784 1060 1832 ecclesiae
1094 1785 1191 1832 iura
1226 1785 1453 1832 laedentes
1477 1785 1576 1832 ubi-

103 1878 190 1926 que
222 1861 419 1909 locorum
453 1870 752 1915 evanuerunt,
787 1871 863 1908 aut
898 1860 1136 1924 abrogatae
1160 1872 1203 1908 et
1225 1861 1418 1908 abolitae
1452 1872 1572 1917 sunt,

104 1937 336 2000 analogiae
366 1937 477 1985 ratio
511 1954 594 1984 nos
628 1936 751 1983 ducit
785 1936 840 1983 ad
875 1935 994 1983 idem
1024 1937 1337 1984 affirmandum
1368 1937 1425 1986 de
1459 1937 1573 2002 lege,

105 2031 220 2077 quae
254 2023 520 2061 statueretur
553 2012 598 2059 in
634 2030 769 2076 regno
810 2012 1029 2061 catholico
1063 2013 1120 2060 ad
1155 2003 1399 2061 sancienda
1427 2015 1581 2062 matri-

106 2089 254 2137 monia
288 2106 398 2153 pure
436 2088 600 2137 civilia.
640 2088 870 2144 Ecclesia,
917 2087 1003 2135 hac
1040 2088 1085 2134 in
1120 2088 1387 2153 hypothesi,
1426 2101 1581 2137 contra

106 2182 205 2213 eam
239 2165 381 2229 legem
415 2174 757 2231 protestaretur;
797 2174 1034 2228 postquam
1064 2154 1199 2221 ivero,
1228 2155 1276 2211 ut
1299 2183 1379 2230 par
1401 2176 1484 2221 est,
1515 2183 1579 2213 re-

197 2324 262 2364 (19)
282 2325 426 2364 Horum,
450 2332 534 2364 quae
557 2323 610 2355 hic
634 2323 821 2363 asserimus,
837 2322 1128 2355 luculentissimum
1148 2323 1331 2364 exemplum
1345 2322 1438 2355 nobis
1451 2322 1582 2355 exhibet

108 2377 317 2410 celeberrima
339 2376 533 2416 conventio,
556 2384 640 2416 quae
665 2384 739 2407 cum
764 2375 942 2416 apostolica
964 2375 1041 2408 sede
1066 2375 1151 2408 sacta
1169 2377 1249 2408 esta
1263 2376 1407 2416 piissimo
1431 2375 1579 2408 Austriae

104 2429 299 2470 imperatore
312 2438 351 2460 ac
366 2437 438 2469 rege
453 2428 632 2469 apostolico
647 2427 818 2459 Francisco
842 2427 978 2467 loseplio
1001 2436 1055 2459 an.
1074 2432 1163 2460 1855.
1179 2427 1210 2459 vi
1228 2429 1322 2461 cuius
1342 2429 1414 2468 post
1437 2436 1490 2461 an.
1509 2428 1582 2468 plus

107 2482 214 2514 minus
229 2482 432 2523 septuaginta
446 2481 532 2522 leges
545 2481 593 2512 sic
608 2480 715 2512 dictae
730 2480 938 2520 losephinae‚
963 2489 1047 2520 quae
1068 2479 1149 2512 adeo
1165 2480 1198 2511 in
1214 2480 1366 2520 materia,
1381 2480 1422 2512 de
1436 2489 1502 2521 qua
1515 2481 1581 2522 agi-

107 2543 197 2574 mus,
220 2534 388 2567 christiani
411 2534 553 2575 coniugii
568 2533 609 2565 ab
625 2532 778 2566 ecclesiae
797 2533 945 2565 doctrina
964 2534 997 2565 et
1018 2533 1109 2573 praxi
1135 2533 1301 2565 difformes
1323 2535 1431 2574 erant,
1452 2533 1581 2566 tandem

109 2586 282 2628 abrogatae
301 2588 390 2619 sunt.
414 2587 509 2624 Quod
533 2587 664 2628 quidem
689 2585 873 2627 exemplum
897 2586 952 2617 alii
983 2585 1147 2626 principes
1170 2586 1287 2618 imitati
1312 2588 1407 2625 sunt,
1422 2587 1455 2618 et
1474 2586 1529 2618 alii
1551 2586 1584 2617 in

112 2640 261 2680 proximo
274 2639 335 2672 sibi
349 2639 470 2673 imitari
484 2639 730 2681 proposuerunt.
746 2639 883 2670 silentio
898 2639 1074 2679 praetereo,
1092 2647 1176 2678 quae
1188 2647 1290 2679 nuper
1303 2638 1336 2669 in
1352 2639 1457 2680 regnis
1471 2639 1583 2680 Hispa·

113 2692 240 2724 uiarum
254 2692 315 2724 hnc
329 2692 362 2724 in
378 2695 469 2734 parte
483 2692 621 2733 gloriose
635 2693 723 2731 gesta
735 2688 834 2736 sunt,
850 2690 906 2722 ubi
924 2699 988 2722 nou
1005 2699 1128 2731 paucae
1143 2691 1227 2731 leges
1240 2690 1436 2732 apostolicae
1454 2690 1524 2723 sedi
1539 2691 1585 2722 in·

113 2745 220 2776 sensae
231 2744 349 2786 pariter
361 2754 415 2778 an.
430 2750 520 2778 1856.
534 2744 674 2777 abolitae
688 2744 833 2784 suerum
845 2745 877 2776 et
890 2743 934 2776 ita
947 2752 1044 2784 porro
1057 2743 1090 2775 in
1101 2752 1199 2784 regno
1209 2743 1540 2785 Wuertemburgensi,
1553 2744 1586 2777 in

109 2804 225 2838 magno
241 2796 360 2830 ducatu
376 2797 518 2831 Badensi
528 2821 539 2838 ,
556 2799 588 2830 et
602 2796 680 2829 alibi
696 2795 828 2837 passim.

1479 2869 1516 2902 21
