1912 3180
323 214 411 244 (ιιι).
436 214 480 244 ιι.
504 213 555 244 nn
582 214 703 245 nna.
735 214 817 245 mv.
848 214 957 246 ome.
988 215 1036 246 nr
1060 215 1205 247 moon.
1236 216 1326 249 Αιιτ.
1351 216 1396 247 ιι.
1524 201 1613 247 275

158 308 299 354 usque
322 291 378 336 ad
403 300 624 354 postrema
648 290 755 337 haec
779 301 977 354 tempora
1011 292 1233 356 turpitudo
1262 309 1288 339 a
1321 292 1416 355 lege
1451 294 1618 346 sancita

158 366 353 413 nondum
377 376 468 421 est,
497 375 687 412 attamen
710 403 720 420 ,
748 376 796 412 ut
819 367 1022 430 superius
1047 368 1264 424 vidimus,
1292 387 1319 415 a
1344 387 1430 416 non
1459 371 1613 434 paucis

156 441 410 489 doctoribus
443 440 784 504 protestantibus
820 440 1061 488 adstruitur
1094 454 1319 508 tamquam
1353 444 1497 500 licita,
1539 462 1618 493 nec

154 517 316 564 desunt
348 515 424 580 qui
458 533 609 562 revera
643 515 690 562 in
723 516 893 579 praxim
927 515 1162 565 deducant.
1205 519 1332 574 Quod
1370 521 1410 567 si
1454 519 1617 567 alicubi

154 591 497 639 mormonismus
532 591 839 647 invalesceret,
868 592 1019 656 procul
1043 592 1178 641 dubio
1204 595 1273 642 vel
1296 596 1352 642 ab
1377 596 1475 659 ipsa
1497 596 1615 644 civili

153 666 251 730 lege
286 667 447 714 sanciri
484 667 664 714 deberet
695 669 810 729 (32).

249 743 490 791 practicam
531 761 661 808 porro
695 744 810 791 hanc
843 745 1176 808 protestantium
1209 747 1370 809 agendi
1406 751 1617 795 rationem

153 823 379 884 tamquam
405 837 432 867 a
459 819 608 868 radice
642 838 723 867 sua
756 820 932 884 prodire
965 837 1018 867 ex
1049 838 1102 868 eo
1135 821 1255 885 quod
1288 823 1615 872 matrimonium

152 894 283 942 unice
317 906 538 959 spectetur
561 896 625 943 uti
655 902 905 943 contractus
924 896 1090 952 civilis,
1112 897 1277 961 ambigi
1298 899 1465 963 nequit.
1496 900 1615 947 Haec

149 981 299 1017 autem
330 971 617 1019 sectariorum
653 971 813 1034 agendi
839 972 950 1020 ratio
972 989 1025 1019 ex
1049 982 1163 1020 nova
1184 973 1385 1021 doctrina
1418 975 1614 1038 profecta

151 1045 423 1110 pedetentim
458 1064 506 1093 se
530 1064 578 1093 se
605 1047 847 1095 insinuavit
869 1048 914 1094 in
938 1048 1385 1113 pseudopoliticorum
1421 1050 1609 1099 animos.

148 1121 208 1167 115
243 1126 483 1186 coeperunt
514 1123 746 1171 commoda
780 1123 1012 1180 admirari,
1042 1125 1226 1189 quaein
1251 1125 1503 1178 societatem
1528 1125 1614 1173 sibi

150 1197 414 1244 videbantur
447 1197 636 1245 derivari
673 1215 805 1262 posse
840 1217 891 1245 ex
923 1199 1088 1246 blanda
1110 1210 1152 1247 et
1176 1199 1295 1247 facili
1330 1201 1488 1256 horum
1513 1215 1614 1249 eon·

152 1272 372 1336 ingiorum
402 1273 715 1330 dissolutione,
743 1292 860 1338 quae
890 1275 1001 1322 adeo
1035 1276 1150 1323 favet
1183 1276 1525 1342 cupiditatibus,
1566 1295 1616 1324 ac

147 1353 330 1399 demum
366 1351 488 1400 illam
516 1353 648 1400 etiam
679 1354 791 1400 inter
819 1352 1062 1400 catholicos
1094 1369 1336 1416 propagare
1366 1353 1488 1400 omni
1522 1363 1614 1400 stu—

150 1428 225 1475 dio
259 1438 481 1475 curarunt.
514 1429 667 1492 ltaque
700 1438 869 1476 constat
904 1445 991 1475 non
1033 1427 1237 1484 aliunde,
1276 1445 1410 1492 quam
1443 1445 1471 1474 a
1504 1445 1613 1492 pro—

149 1505 426 1551 testantismo
443 1505 657 1567 originem
677 1505 929 1568 nuptiarum
944 1504 1140 1560 civilium
1153 1521 1253 1554 esse
1266 1504 1607 1568 agnoscendam.

242 1579 451 1637 Remanet
472 1590 519 1626 ut
546 1579 629 1626 hoc
663 1580 809 1644 ipsum
845 1597 961 1626 nunc
994 1580 1188 1644 denique
1220 1580 1533 1632 confirmemus
1550 1597 1610 1626 ⁴ex

146 1655 311 1702 indole'
332 1673 411 1702 seu
445 1655 699 1703 charactere
732 1673 905 1711 eorum,
934 1656 1011 1720 qui
1046 1656 1236 1702 maxime
1269 1656 1427 1709 horum
1461 1656 1614 1703 coniu—

144 1732 320 1795 giorum
363 1731 561 1795 civilium
601 1733 647 1779 in
681 1732 997 1780 catholicorum
1019 1771 1021 1773 ,
1044 1732 1297 1795 regionibus
1341 1732 1549 1789 fautores,
1572 1743 1614 1782 et

146 1812 348 1854 auctores
383 1813 502 1863 sunt,
533 1818 610 1854 aut
642 1807 833 1854 fuerunt.
864 1809 926 1854 Ne
960 1818 1106 1854 tamen
1142 1808 1376 1855 in‘omnes
1412 1807 1614 1854 indiscri—

149 1882 348 1929 minatim
381 1883 706 1930 accusationem
736 1883 1053 1947 movebamus,
1083 1894 1215 1947 atque
1238 1883 1504 1930 calumniam
1529 1883 1612 1929 im-

149 1969 322 2022 portare
354 1958 560 2007 omnibus
592 1959 840 2007 inconsulto
875 1959 1135 2014 videamur,
1175 1959 1496 2023 praemittimus
1530 1976 1612 2007 nos

150 2083 235 2123 pulis
243 2083 386 2123 agitatus
404 2091 479 2114 suos
497 2082 659 2115 consuluit
673 2084 819 2124 pastores
834 2082 1053 2124 evangelicos,
1069 2082 1124 2122 qui
1140 2081 1174 2114 id
1186 2082 1215 2114 ei
1230 2082 1405 2114 concedere
1421 2091 1485 2114 non
1501 2081 1614 2114 abnue-

151 2137 237 2167 runt.
261 2135 311 2167 cs.
332 2135 501 2176 Avogadro
516 2143 570 2176 op.
585 2135 640 2168 cit.
656 2145 687 2177 p.
703 2138 754 2168 37,
771 2136 805 2168 in
821 2137 908 2167 nota.
928 2138 974 2167 Ex
995 2135 1046 2167 his
1067 2136 1157 2176 patet
1175 2135 1253 2175 quid
1275 2143 1295 2166 a
1314 2135 1428 2167 ceteris
1449 2137 1615 2175 expectan-

148 2187 228 2220 dum
240 2187 294 2220 sit.
310 2188 404 2220 certe
417 2187 450 2219 in
465 2188 589 2228 anglica
602 2187 807 2229 ephemeride
823 2186 956 2228 Weelcly
966 2188 1116 2228 reqister
1128 2191 1179 2220 29.
1189 2187 1284 2219 Mart.
1296 2191 1384 2219 1856.
1400 2186 1514 2227 legitur
1523 2186 1614 2220 iuxta

151 2239 331 2272 versionem
345 2239 507 2280 gallicam:
529 2251 544 2267 «ι
554 2241 597 2272 Le
612 2239 693 2270 mois
707 2238 747 2270 de
760 2240 846 2270 Mars
861 2238 1004 2270 derniers
1025 2247 1089 2270 aux
1111 2239 1226 2270 assises
1241 2237 1281 2269 de
1297 2238 1487 2278 Liverpool,
1501 2229 1616 2277 le'juge

149 2302 168 2324 a
183 2292 327 2325 constat&
338 2317 347 2332 ‚
362 2301 426 2333 que
440 2293 486 2325 1oe
500 2288 556 2324 cas
570 2292 610 2323 de
625 2291 763 2332 bigamie
777 2291 968 2323 devenaient
981 2292 1247 2323 excessivement
1271 2290 1481 2329 nombreux‚·
1495 2290 1544 2322 les
1560 2296 1615 2322 eas

146 2345 188 2378 de
204 2346 363 2386 triyoemie
374 2344 498 2384 meme,
517 2344 707 2385 aioutait-il,
721 2353 756 2376 se
770 2344 953 2384 presentent
967 2344 1232 2385 trequemment.»

246 2397 311 2439 (32)
332 2399 369 2428 In
387 2399 530 2428 Univers
547 2397 721 2429 3t.Juillet
738 2401 815 2429 1856
838 2397 954 2436 legitur
969 2406 1006 2428 ex
1025 2397 1180 2428 relatione
1193 2396 1406 2437 ephemeridis
1426 2395 1618 2428 taurinensis

146 2450 327 2489 Armenta,
341 2451 522 2481 Mormones
537 2456 574 2480 ac
590 2449 803 2489 protestantes
820 2448 982 2489 Augustae
994 2449 1208 2480 Taurinorum
1228 2448 1462 2481 commorantes
1480 2442 1571 2479 inter·
1581 2440 1615 2479 &e

147 2494 336 2534 convenisse
359 2501 401 2534 ad
426 2501 637 2534 obtinendum
650 2510 670 2533 a
685 2501 836 2542 regimine
854 2499 987 2541 politico
1001 2509 1119 2539 novum
1135 2501 1310 2538 articulum
1326 2501 1358 2532 in
1372 2500 1511 2540 legibus,
1526 2500 1613 2542 poly-

147 2554 271 2595 gamiae
292 2554 543 2587 introducendae
558 2563 674 2594 causa,
692 2554 802 2586 autad
822 2553 1056 2586 conciliandam
1071 2553 1285 2595 polygamiam
1306 2561 1380 2584 cum
1398 2553 1520 2593 legibus
1542 2552 1613 2584 sub·

149 2604 276 2647 alpinis.
293 2606 409 2639 Omnia
423 2607 464 2639 ad
475 2607 671 2639 credendum
688 2606 863 2647 inducunt,
882 2607 969 2647 quod
984 2606 1084 2637 velint
1095 2605 1211 2638 offerre
1224 2605 1372 2637 ministro
1384 2606 1432 2637 De
1443 2603 1479 2636 la
1487 2596 1615 2637 Foresta

147 2657 332 2700 paradigma
356 2660 444 2692 tituli
467 2660 616 2701 specialis
639 2660 884 2692 introducendi
876 2668 909 2691 ιιι
925 2667 1042 2691 novam
1067 2659 1167 2699 legem
1194 2657 1393 2692 matrimonii
1410 2658 1537 2698 civilia
1547 2659 1614 2698 qni

150 2711 329 2744 contineret
350 2712 592 2754 dispositiones,
612 2713 729 2753 quibus
749 2711 969 2745 Mormonibus
991 2710 1089 2742 etiam
1114 2710 1342 2744 concederetur
1361 2711 1456 2752 plena
1475 2710 1614 2770 sacusltas

151 2758 359 2795 contrahendi
384 2765 589 2797 matrimonia
615 2764 706 2796 iuxta
728 2764 884 2805 principia
909 2763 1064 2795 libertatis
1085 2762 1309 2796 conscientiae.
1322 2764 1419 2795 Fama
1433 2761 1498 2802 est,
1522 2762 1612 2807 ιιιιιιί

150 2816 252 2847 strum
273 2817 493 2856 comparatum
516 2817 560 2848 ita
582 2815 690 2848 animo
709 2823 791 2855 esee,
810 2816 846 2847 ut
864 2815 970 2847 faveat
985 2814 1144 2847 maximae
1164 2815 1321 2848 culmum
1328 2814 1496 2848 libertati.

1519 2868 1545 2895 >k
