1912 3180
241 199 331 231 cn.
352 199 413 231 ιν.
432 200 484 232 ns
502 200 659 233 Ancum.
679 201 755 232 ruo
775 200 880 233 LEGE
898 201 950 233 m:
968 201 1094 234 uun.
1113 201 1197 234 mv.
1220 203 1312 235 Λιιτ.
1336 203 1397 235 ιιι.
1496 189 1580 235 401

110 294 213 324 num
251 277 487 326 momentis
510 316 520 335 ‚
559 295 675 343 quae
710 278 754 325 in
788 277 927 326 altera
966 279 1100 327 huius
1140 279 1243 327 libri
1277 281 1473 329 sectione
1505 282 1585 329 ad—

107 352 317 400 duximus
341 353 398 401 ad
422 353 747 401 ostendendum
775 353 911 401 huius
940 356 1206 404 sacramenti
1232 356 1462 406 ministros
1484 374 1586 406 esse

111 428 235 494 ipsos
271 429 600 477 contrahentes.

204 504 292 552 Sed
327 505 366 552 si
401 505 645 554 adversarii
689 506 933 571 propositio
974 507 1057 554 sub
1092 507 1177 556 hoc
1210 519 1414 574 respectu
1458 526 1586 557 suam
1637 505 1642 511 ’

102 580 245 634 ,habet
275 582 530 639 veritatem,
559 582 643 630 sub
677 582 765 630 alio
799 599 927 630 suam
962 583 1155 647 praefert
1188 584 1451 642 falsitatem,
1479 586 1585 633 dum

108 675 268 725 nempe
300 659 459 707 exinde
492 659 659 723 colligit
691 660 933 708 universim
966 659 1115 708 valere
1145 662 1475 710 matrimonium
1500 663 1585 711 sub

112 734 283 782 ratione
316 745 570 782 contractus
595 735 739 783 civilis
764 736 938 783 initum.
961 736 1136 783 Etenim
1161 737 1398 785 concilium
1422 738 1588 787 triden-

112 810 252 857 tinum
288 810 343 857 ad
379 810 499 875 quod
534 828 616 859 nos
653 822 862 876 provocat
887 821 1054 867 orator,
1084 811 1130 858 in
1154 828 1207 859 eo
1231 830 1363 877 quem
1388 814 1486 878 ipse
1510 832 1587 879 per

110 904 305 936 errorem
330 904 534 934 canonem
555 897 707 945 vocat,
736 905 818 936 nos
841 904 945 935 vero
969 886 1160 936 dicimus
1191 888 1405 937 decretum
1427 901 1471 937 et
1492 891 1587 954 qui-

109 962 211 1010 dem
243 962 587 1028 reformationis,
625 963 847 1011 decernit:
881 983 902 1007 «
926 963 1004 1028 qui
1030 980 1116 1010 non
1141 963 1268 1012 aliter
1293 982 1428 1029 quam
1458 982 1587 1029 prae-

112 1049 238 1087 sente
255 1039 562 1104 parocho...et
578 1039 754 1087 duobus
778 1049 856 1087 aut
878 1039 1020 1087 tribus
1046 1039 1232 1088 testibus
1257 1041 1585 1088 matrimonium

109 1113 372 1162 contrahere
389 1114 689 1172 attentabunt,
711 1133 789 1163 eos
806 1133 845 1162 s.
859 1115 1058 1180 synodus
1076 1115 1132 1162 ad
1151 1115 1217 1162 sic
1234 1115 1586 1163 contrahendum

109 1189 294 1237 omnino
328 1189 551 1238 inhabiles
587 1190 758 1248 reddit,
786 1201 829 1238 et
856 1190 1113 1238 huiusmodi
1148 1201 1400 1239 contractus
1435 1192 1585 1239 irritos

109 1276 153 1314 et
175 1265 323 1314 nullos
347 1283 449 1314 esse
474 1266 696 1323 decernit,
726 1276 856 1331 prout
879 1283 955 1314 eos
982 1266 1204 1330 praesenti
1238 1266 1400 1313 decreto
1437 1267 1584 1315 irritos

111 1341 219 1389 sacit
236 1351 279 1389 et
296 1340 545 1389 annullat.»
564 1343 698 1389 Porro
716 1359 831 1406 quae
849 1359 997 1390 coram
1016 1341 1275 1405 magistratu
1294 1342 1414 1390 civili
1435 1342 1585 1390 ineun-

112 1428 184 1465 tur
218 1418 423 1484 nuptiae,
463 1435 551 1465 non
596 1418 806 1465 ineuntur
843 1427 1068 1482 praesente
1106 1419 1322 1483 parocho‚·
1359 1436 1463 1482 ergo
1497 1436 1584 1466 non

113 1504 218 1542 sunt
245 1494 450 1559 nuptiae,
491 1511 574 1541 nec
608 1503 713 1541 sunt
746 1504 997 1541 contractus
1032 1494 1088 1542 ob
1122 1494 1342 1543 defectum
1376 1494 1586 1542 habilita-

110 1571 168 1619 tis
203 1570 261 1619 ad
293 1569 674 1625 contrahendum;
719 1570 798 1617 sed
837 1580 941 1618 sunt
970 1570 1131 1620 stultus
1168 1582 1210 1618 et
1243 1571 1408 1635 impius
1443 1589 1583 1619 ausus

111 1657 263 1696 contra
285 1646 502 1694 ecclesiae
518 1646 762 1695 catholicae
781 1634 965 1703 statuta3
984 1657 1027 1694 et
1044 1647 1119 1711 qui
1142 1647 1256 1694 fictis
1273 1647 1399 1695 hisce
1417 1648 1585 1712 nuptiis

112 1723 211 1771 freti
254 1722 538 1780 cohabitant,
577 1740 627 1770 se
660 1722 934 1779 constituunt
967 1723 1013 1769 in
1048 1734 1164 1771 statu
1200 1724 1340 1789 tur-pis
1376 1723 1586 1773 concubi-

114 1810 264 1848 natus.
293 1798 494 1847 Ecclesia
527 1815 703 1864 semper
740 1799 920 1863 quidem
950 1799 1179 1847 abhorruit
1211 1818 1237 1847 a
1266 1801 1432 1864 nuptiis
1466 1799 1586 1847 clan-

114 1875 331 1937 destinis,
370 1885 504 1940 atque
535 1884 584 1922 ut
617 1874 794 1921 illicitas
829 1873 1009 1930 habuit,
1045 1885 1089 1922 at
1122 1892 1388 1939 numquam,
1429 1874 1585 1922 saltem

114 1950 212 2015 lege
237 1950 451 2025 generali,
475 1949 622 1998 irritas
647 1949 750 1998 fecit
771 1967 915 2014 usque
938 1949 994 1996 ad
1019 1950 1254 1997 concilium
1279 1951 1580 1999 tridentinum.

115 2028 172 2076 At
203 2028 335 2078 modo
358 2066 368 2085 ,
405 2027 512 2076 velit
545 2026 654 2075 nolit
687 2037 883 2092 potestas
917 2026 1086 2083 civilis,
1131 2038 1234 2075 sunt
1274 2027 1437 2076 irritae.
1484 2027 1585 2076 Sola

115 2105 305 2154 ecclesia
340 2122 545 2154 revocare
575 2104 718 2168 legem
754 2114 897 2169 potest
930 2121 1064 2168 quam
1098 2103 1213 2152 tulit.

216 2182 449 2240 Quinimo,
476 2182 541 2230 uti
566 2181 878 2229 animadvertit
900 2180 1104 2243 egregius
1127 2190 1279 2228 auctor
1296 2219 1306 2237 ,
1335 2181 1374 2228 si
1397 2180 1584 2230 ecclesia

119 2259 346 2308 decretum
375 2277 402 2307 a
431 2277 480 2307 se
507 2258 674 2306 editum
708 2257 764 2305 de
792 2257 1038 2304 irritatione
1072 2257 1374 2320 coniugiorum
1408 2257 1586 2305 clande-

118 2335 338 2383 stinorum
375 2334 596 2389 aboleret,
627 2333 697 2379 lex
725 2332 781 2379 de
814 2332 1094 2380 matrimonio
1120 2332 1268 2388 civili,
1301 2332 1457 2380 saltem
1487 2350 1585 2380 sae—

118 2411 332 2476 pissime,
371 2410 543 2458 inutilis
574 2409 856 2466 redderetur,
891 2425 972 2455 nec
1004 2409 1152 2456 vexari
1187 2419 1369 2474 possent
1402 2409 1583 2473 parochi

117 2487 175 2536 ob
204 2487 409 2535 collatam
437 2486 507 2535 vel
540 2485 801 2548 denegatam
834 2483 1203 2531 benedictionem.
1227 2484 1443 2532 Revocato
1466 2485 1584 2532 enim

122 2565 331 2629 coniugio
365 2563 422 2612 ad
457 2574 622 2612 statum
657 2562 922 2627 pristinum,
955 2572 1140 2626 possent
1167 2561 1477 2609 contrahentes
1506 2577 1587 2625 per

119 2651 337 2688 secretum
366 2656 634 2689 consensum
665 2638 763 2686 sine
790 2638 1018 2686 sacerdote
1041 2648 1083 2684 et
1106 2637 1292 2685 testibus
1317 2654 1447 2684 suum
1471 2636 1584 2684 inire

121 2716 403 2781 coniugium,
441 2717 551 2782 quin
585 2715 847 2780 gubernium
882 2715 926 2761 id
960 2713 1051 2762 ullo
1077 2713 1208 2762 modo
1243 2724 1442 2762 nosceret
1461 2715 1578 2776 (83).

214 2827 281 2869 (83)
301 2827 470 2869 Avogadro
485 2828 579 2861 conte
600 2826 685 2860 della
699 2826 819 2866 Motta,
836 2827 974 2859 Teoricu
989 2824 1073 2858 dell’
1083 2827 1279 2859 isticuzione
1292 2825 1350 2859 del
1363 2827 1584 2859 matrimonio

1480 2900 1524 2933 26
