1918 3186
273 196 363 232 cir.
388 198 416 231 1.
439 197 533 231 Aur.
555 198 586 230 ι.
609 197 661 229 m:
685 196 885 229 vamum
909 198 1083 231 sicum.
1101 197 1154 230 ex
1178 196 1294 230 sect.
1317 196 1463 230 noem.
1560 181 1616 230 15

144 289 306 341 negant
339 278 476 326 huius
518 276 779 325 sacramenti
822 276 1072 333 veritatem,
1114 294 1203 324 non
1235 277 1356 341 piget
1387 294 1442 324 ea
1473 276 1621 324 denuo

145 355 244 403 heic
283 353 551 403 describere.
596 354 661 399 Ne
699 370 803 400 vero
845 352 1094 400 inordinate
1125 371 1179 401 ea
1219 353 1493 418 proferamus
1520 391 1530 408 ‚
1575 354 1621 400 in

142 430 359 495 quasdam
391 428 527 477 veluti
562 426 731 476 classes
765 427 919 476 eadem
955 429 1221 491 redigemus.
1268 476 1270 480 ,
1300 464 1303 466 ψ
1387 478 1389 480 ,

236 507 299 554 Ac
331 505 475 570 primo
508 504 689 570 quidem
723 522 776 552 ea
808 504 1089 560 adducimus,
1119 505 1165 552 in
1189 506 1548 570 quibusstmentio
1573 507 1622 554 fit

141 584 200 634 de
230 581 531 630 benedictione.
552 582 618 628 De
635 581 720 629 hoc
745 598 875 646 porro
896 582 1202 630 vetustissimo
1226 582 1310 630 ritu
1335 582 1422 632 iam
1446 582 1622 631 locutus

140 669 208 708 est
224 658 521 707 Tertullianus
547 658 778 723 inquiens:
811 658 980 716 «Quod
1009 658 1395 721 (matrimonium)
1433 659 1622 708 ecclesia

140 735 366 792 conciliat,
395 745 440 783 et
463 734 695 784 confirmat
717 735 880 784 oblatio
895 773 907 792 ,
928 745 972 782 et
987 734 1186 798 obsignat
1213 734 1444 781 benedictio
1464 737 1618 797 (39).»

138 811 282 875 Atque
316 810 631 875 praetermisso
653 810 811 858 Soterii
834 827 977 875 papae
1001 810 1275 866 testimonio,
1312 811 1433 874 quod
1469 810 1622 875 procul

139 886 276 935 dubio
297 886 624 951 adscriptitium
647 897 716 935 est
742 888 862 949 (40),
880 904 919 934 s.
937 886 1136 951 Syricius
1159 886 1349 951 loquens
1369 887 1427 934 de
1442 887 1621 936 lectoris

139 963 346 1027 coniugio
383 964 519 1011 «Una
543 974 710 1011 tantum
725 1001 736 1020 ,
766 963 913 1028 inquit
929 1001 939 1019 ,
968 974 1013 1011 et
1035 980 1088 1010 ea
1110 981 1246 1027 quam
1269 963 1486 1027 virginem
1508 981 1621 1011 com-

138 1041 260 1086 muni
274 1057 356 1104 per
374 1040 636 1087 sacerdotem
660 1039 944 1086 benedictione
968 1040 1215 1104 perceperit
1236 1057 1417 1088 uxorem
1440 1050 1622 1088 conten-

140 1127 212 1164 tus
244 1117 396 1178 (41).»
424 1115 647 1164 Hilaricus
669 1116 915 1172 Diaconus,
942 1134 1023 1164 seu
1056 1126 1208 1164 auctor
1229 1116 1539 1164 Commentarii
1575 1117 1620 1163 in

138 1192 269 1257 epist.
307 1192 353 1239 b.
388 1192 542 1248 Pauli,
582 1193 703 1258 quod
738 1211 775 1240 s.
814 1193 1046 1241 Ambrosio
1080 1193 1354 1240 tribuebatur
1380 1230 1390 1248 ,
1428 1193 1613 1240 scribit:

142 1290 164 1313 «
192 1269 365 1317 Primae
398 1270 580 1334 nuptiae
611 1271 690 1317 sub
726 1270 1011 1317 benedictione
1046 1271 1128 1316 Dei
1158 1269 1437 1317 celebrantur
1478 1269 1621 1317 subli-

139 1346 267 1394 miter
289 1347 440 1408 (42).»
462 1346 529 1393 Ad
553 1364 686 1411 quem
712 1347 843 1393 ritum
868 1358 1018 1411 aperte
1041 1347 1175 1395 etiam
1198 1346 1356 1393 alludit
1389 1364 1429 1393 s.
1458 1347 1621 1410 Grego-

139 1422 232 1471 rius
268 1422 567 1470 nazianzenus
601 1423 708 1470 dum
743 1423 956 1488 Procopio
989 1423 1131 1471 amico
1165 1440 1250 1471 suo
1282 1423 1342 1470 ita
1375 1423 1531 1470 scribit
1563 1423 1622 1470 de

138 1499 308 1564 nuptiis
341 1499 625 1565 Olympiadis
649 1499 815 1565 quibus
838 1501 1056 1549 interesse
1078 1518 1167 1548 non
1190 1500 1354 1565 potuit:
1387 1520 1409 1546 «
1432 1501 1621 1565 Nuptias

138 1576 437 1634 celebramus,
475 1577 623 1625 forsan
656 1577 847 1635 dixeris,
884 1578 1023 1643 idque
1055 1594 1216 1626 aureae
1249 1588 1441 1643 tuaeque
1466 1577 1622 1643 Olym·-

140 1653 312 1718 piadis,
351 1671 402 1702 ac
435 1671 540 1718 grex
574 1654 888 1719 episcoporum
921 1655 1097 1703 aderat:
1127 1666 1172 1702 tu
1195 1672 1301 1703 vero
1334 1654 1515 1710 aberas,
1553 1655 1623 1702 vir

141 1731 338 1795 egregie,
364 1731 435 1779 vel
452 1731 752 1795 dedignatus,
781 1730 850 1779 vel
874 1743 1098 1795 gravatus.
1121 1733 1333 1779 Neutrum
1358 1731 1532 1779 horum.
1550 1770 1559 1778 .
1577 1770 1585 1777 .
1606 1770 1613 1776 .

142 1807 250 1854 Nam
283 1807 482 1872 alioquin
516 1819 730 1872 quantum
766 1807 822 1855 ad
855 1807 1127 1855 voluntatem
1169 1807 1350 1864 attinet,
1387 1819 1431 1855 et
1463 1807 1621 1855 adsum

142 1897 195 1928 ac
215 1881 345 1930 simul
370 1883 533 1931 festum
557 1883 754 1939 celebro,
783 1884 1076 1948 iuvenilesque
1099 1883 1280 1931 dextras
1303 1884 1416 1930 inter
1429 1901 1473 1930 se
1491 1885 1622 1946 iunqo

142 1966 268 2020 atque
299 1968 502 2024 utrasque
540 1960 622 2007 Dei
651 1961 805 2008 manui
845 1961 962 2022 (43).
994 1961 1102 2007 ltem
1137 1976 1175 2007 s.
1207 1959 1407 2007 Isidorus
1440 1957 1622 2022 Hispal.-

239 2080 304 2119 (39)
327 2080 398 2112 Lib.
416 2082 520 2115 11.Ac1
537 2093 639 2115 uxor.
660 2093 731 2125 cap.
748 2089 777 2117 8.
796 2086 843 2116 Ex
860 2093 925 2125 quo
944 2083 1014 2116 loco
1028 2085 1159 2124 apparet
1175 2083 1238 2114 iam
1254 2091 1272 2113 a
1287 2081 1476 2113 Tertulliani
1492 2082 1596 2114 aetate
1608 2107 1618 2122 ‚

142 2140 257 2172 nempe
280 2132 341 2164 sub
364 2132 459 2165 tinem
484 2135 582 2166 seculi
605 2137 646 2167 n.
663 2136 748 2168 intra
767 2137 936 2169 missarum
953 2144 1008 2168 seu
1023 2135 1208 2167 oblationis
1229 2133 1386 2166 solemnia
1403 2133 1554 2174 coniugia
1569 2142 1619 2166 ce·

142 2185 262 2217 lehi-ata
287 2186 386 2218 fuisse
398 2211 407 2226 ,
424 2196 507 2227 quae
526 2190 574 2220 est
588 2190 779 2221 sacramenti
799 2190 1021 2230 signaculum,
1041 2192 1077 2220 ut
1096 2187 1239 2228 loquitur
1259 2187 1418 2228 Rigaltius
1432 2187 1474 2220 ad
1491 2188 1510 2219 h
1540 2189 1616 2220 Loc.

141 2238 190 2270 Cf.
208 2239 307 2270 etiam
323 2239 468 2271 adnotat.
487 2249 519 2280 p.
538 2243 583 2272 De
600 2241 630 2273 la
649 2241 766 2273 cerda.

240 2291 304 2332 (40)
328 2291 431 2324 Huius
457 2293 618 2333 pontificis
641 2292 757 2333 verba,
777 2302 862 2334 quae
884 2294 963 2326 haec
988 2295 1063 2326 sunt
1081 2307 1087 2324 ε
1114 2307 1127 2321 ‹-
1144 2295 1189 2326 ut
1210 2301 1348 2335 sponsus
1363 2292 1396 2326 et
1411 2302 1529 2334 sponsa
1543 2302 1618 2325 cuin

141 2343 290 2384 precibus
311 2346 344 2377 et
365 2345 586 2378 oblationibus
611 2355 631 2378 a
657 2347 825 2379 sacerdote
849 2346 1079 2380 benedicantur
1095 2359 1110 2374 »ι
1130 2347 1246 2388 allegat
1268 2348 1362 2387 nugo
1386 2346 1559 2379 Menardus
1584 2346 1619 2378 in

141 2398 216 2428 nota
236 2396 374 2430 1146.ad
390 2398 462 2430 Lib.
475 2401 691 2431 sacrament.
712 2408 740 2431 s.
753 2401 906 2440 Greqorit'
922 2408 1056 2441 papae,
1072 2402 1106 2431 at
1122 2400 1199 2432 haec
1212 2399 1348 2440 epistola
1367 2398 1406 2430 ad
1431 2407 1551 2430 merces
1565 2399 1619 2431 isi·

140 2449 291 2482 doriauas
307 2451 454 2491 pertinet.
472 2451 523 2483 Cf.
531 2453 688 2483 Constant
702 2453 812 2493 Epist.
825 2461 911 2484 rom.
923 2454 1020 2493 pont.
1031 2461 1061 2493 p.
1074 2452 1315 2484 83.lnserviunt
1332 2454 1437 2483 tamen
1452 2451 1496 2482 uti
1506 2460 1617 2482 monu-

139 2504 282 2534 mentum
305 2503 394 2535 illius
414 2504 528 2536 aetatis
547 2504 580 2535 in
599 2513 665 2544 qua
684 2503 843 2536 eiusmodi
865 2505 1003 2545 epistola
1020 2505 1158 2536 conficta
1174 2506 1235 2536 est.
1251 2503 1340 2535 Idem
1359 2503 1412 2534 dic
1428 2503 1469 2535 de
1482 2503 1618 2543 epistola

140 2555 343 2596 supposititia
360 2556 566 2589 Horsmisdae
581 2566 679 2597 quain
695 2557 816 2598 pariter
831 2558 953 2598 profert
973 2557 1060 2589 idem
1076 2557 1260 2589 Menardus.

236 2608 302 2648 (41)
325 2608 425 2649 Epist.
446 2608 487 2640 ad
510 2610 690 2641 Himerium
711 2610 810 2651 episc.
827 2611 1085 2642 tarraconensem
1109 2618 1138 2641 c.
1159 2611 1215 2641 lx.

236 2660 301 2700 (42)
323 2662 503 2694 comment.
516 2662 550 2694 in
565 2671 616 2703 ep.
634 2664 658 2694 Ι.
673 2662 716 2695 ad
729 2665 805 2695 Gor.
819 2672 849 2694 c.
864 2665 936 2695 vu.
950 2672 982 2694 v.
994 2665 1046 2695 4ο.
1062 2663 1093 2694 in
1104 2661 1244 2703 append.
1260 2661 1300 2693 ad
1316 2670 1390 2702 opp.
1405 2670 1432 2693 s.
1444 2661 1618 2693 Ambrosii.

142 2712 182 2744 Hi
206 2715 428 2746 commentarii
453 2715 600 2748 omnium
624 2716 681 2757 qui
704 2717 878 2757 supersunt
904 2715 1122 2756 antiquissimi
1146 2723 1215 2747 esse
1238 2713 1405 2755 videntur3
1431 2723 1506 2746 nam
1529 2724 1555 2747 s.
1570 2716 1603 2745 lo

141 2766 305 2805 Clirysost.
322 2767 479 2807 posterior
494 2770 543 2801 est
560 2778 663 2810 aeque
679 2778 717 2801 ac
732 2769 966 2801 Theodoretus.

236 2819 301 2858 (⁷¹3)
324 2820 423 2860 Epist.
441 2822 581 2853 exem.
599 2821 648 2854 ed.
663 2822 763 2854 Paris.
785 2824 874 2854 1840.
888 2830 963 2862 opp.
975 2823 1055 2853 tom.
1074 2823 1113 2853 ll.
1126 2821 1205 2853 alias
1218 2830 1268 2861 ep.
1282 2822 1378 2853 Lvn.
