1912 3180
346 193 434 238 320
617 203 698 234 un.
721 202 751 233 1.
774 201 887 233 secr.
915 200 1088 232 aarum.
1112 201 1164 234 nr
1188 200 1362 233 nram.
1389 200 1532 234 c1v1u.

341 300 497 332 narum
533 297 866 346 poenarumque
900 279 1153 336 severitate,
1201 290 1392 327 attamen
1435 280 1591 328 cedere
1631 284 1806 332 tandem

339 359 608 414 debuerunt,
636 367 770 421 atque
793 355 1030 419 abrogatae
1053 366 1171 403 sunt.
1202 356 1341 404 Immo
1365 373 1452 403 non
1477 374 1644 421 paucae
1660 375 1713 405 ex
1736 359 1808 408 his

338 433 539 496 legibus,
579 449 695 497 quae
728 448 808 496 pro
842 441 1066 496 tempore,
1108 447 1196 496 quo
1229 442 1516 490 emanarunt,
1545 433 1809 482 videbantur

338 510 631 557 inconcussae
664 507 843 572 penitus
878 517 922 555 et
955 518 1184 563 aeternae,
1223 508 1356 555 simul
1390 526 1443 556 ac
1476 520 1696 574 repertum
1741 522 1808 559 est

336 602 413 633 eas
436 584 705 650 quibusdam
729 601 754 631 e
778 583 1009 631 recensitis
1035 582 1155 630 vitiis
1181 582 1402 641 laborare,
1430 596 1506 632 aut
1529 585 1676 634 subito
1693 624 1702 642 ,
1731 597 1808 634 aut

337 661 603 725 pedetentim
638 661 892 708 immutatae
926 669 1052 715 sunt,
1092 670 1169 706 aut
1203 659 1249 706 in
1273 661 1612 709 desuetudinem
1635 673 1679 709 et
1700 662 1808 710 obli-

335 738 511 795 vionem
546 737 770 793 abierunt,
809 736 950 784 donec
984 753 1008 783 e
1031 735 1265 783 codicibus
1291 736 1455 784 fuerint
1477 754 1647 785 erasae.
1676 739 1807 786 Plura

336 815 539 879 exempla
573 814 705 861 huius
742 813 803 860 rei
839 813 884 858 in
920 823 1127 877 promptu
1159 822 1331 869 essent,
1370 831 1485 878 quae
1519 813 1666 861 afferri
1702 831 1806 878 pos-

336 902 456 947 sent,
492 890 579 938 nisi
613 899 815 953 ageretur
839 888 896 936 de
919 905 967 935 re
990 889 1344 954 compertissima
1360 927 1370 947 ‚
1397 890 1657 955 cunctisque
1680 900 1801 938 nota.

335 967 466 1015 Nulla
500 968 635 1014 ferme
667 983 777 1029 gens
812 976 906 1022 est,
945 965 1073 1013 cuius
1108 965 1247 1014 codex
1281 983 1368 1014 non
1402 966 1605 1014 debuerit
1638 967 1710 1014 his
1750 967 1807 1014 de

335 1044 484 1092 causis
521 1042 774 1099 reformari,
814 1041 1056 1107 pluresque
1091 1041 1213 1106 leges
1248 1042 1304 1090 ab
1338 1059 1390 1091 eo
1431 1043 1770 1108 expungi'(18).

432 1118 561 1174 Quod
596 1118 634 1165 s‘i
670 1117 897 1182 speciatim
934 1128 1089 1181 agatur
1110 1118 1167 1165 de
1190 1118 1383 1182 legibus,
1411 1136 1526 1183 quae
1544 1130 1700 1168 contra
1722 1119 1807 1166 im-

334 1193 566 1241 mutabilia
594 1232 604 1251 ,
648 1205 781 1258 atque
827 1193 1132 1241 inalienabilia
1175 1193 1388 1242 ecclesiae
1425 1194 1667 1242 catholicae
1708 1195 1806 1242 iura

334 1269 575 1316 identidem
621 1269 735 1317 latae
777 1279 879 1316 sunt
914 1287 940 1316 a
973 1270 1252 1334 principibus
1297 1270 1512 1318 ecclesiae
1552 1271 1700 1319 minus
1739 1271 1806 1319 fa-

331 1346 566 1403 ventibus,
605 1357 680 1394 aut
713 1347 862 1394 animo
896 1346 1111 1394 adversus
1146 1347 1267 1394 illam
1302 1364 1436 1412 prave
1458 1347 1703 1412 disposito,
1730 1358 1807 1394 aut

333 1422 589 1487 anticipatis
623 1422 803 1471 iudiciis
838 1423 1046 1487 abrepto,
1085 1433 1161 1471 aut
1194 1423 1667 1489 pseudo—politicorum
1700 1441 1806 1472 con-

429 1571 495 1612 (18)
516 1571 707 1611 speciminis
728 1571 831 1612 gratia
854 1579 954 1603 unum
976 1571 1027 1603 vel
1047 1571 1183 1603 alterum
1197 1580 1238 1603 ex
1252 1579 1351 1613 prope
1365 1571 1559 1611 Innumeris,
1580 1579 1663 1612 quae
1676 1572 1805 1613 praesto

331 1626 453 1665 essent,
470 1624 642 1656 asseremus
659 1624 845 1665 exemplum
863 1624 987 1665 legum,
1005 1633 1086 1665 quas
1100 1623 1259 1665 principes
1272 1623 1477 1664 abrogarunt,
1486 1625 1597 1664 utpote
1606 1623 1657 1655 vel
1670 1623 1807 1657 iniustas

332 1677 383 1709 vel
400 1676 524 1709 noxias.
539 1676 740 1709 Theodosius
752 1678 799 1709 Μ.
814 1677 977 1708 revocavit
990 1675 1147 1717 quasdam
1164 1676 1247 1717 leges
1260 1685 1280 1708 a
1294 1685 1329 1708 se
1342 1676 1425 1708 latas
1441 1676 1585 1717 religioni
1600 1675 1805 1716 aliquatenus

332 1730 456 1762 noxias.
474 1730 548 1762 Vid.
561 1728 642 1762 cod.
656 1728 816 1762 Theodos.
828 1729 884 1761 lib.
895 1730 1110 1762 xv1.tot.1>e
1126 1731 1227 1771 episc.
1239 1730 1273 1761 et
1286 1728 1401 1761 cleric.
1417 1729 1704 1770 Ieg.xxv11.1tem
1719 1730 1803 1761 Mar·

329 1782 441 1814 cianus
457 1782 541 1823 leges
555 1782 680 1823 aliquot
695 1782 881 1823 imperator.
892 1782 1108 1814 Valentiniani
1121 1784 1152 1814 et
1166 1781 1339 1814 Theodosii
1352 1781 1463 1814 eadem
1477 1781 1519 1814 de
1531 1790 1626 1814 causa
1640 1781 1804 1814 revocavit

330 1835 479 1868 Novella
495 1834 537 1866 de
554 1836 688 1867 testam.
706 1834 822 1867 cleric.
840 1837 918 1867 tom.
937 1837 992 1866 VI.
1006 1834 1260 1867 Cod.Theodos.
1273 1844 1347 1876 pag.
1364 1839 1435 1867 820.
1450 1834 1501 1866 ed.
1524 1838 1611 1867 1655.
1629 1835 1711 1866 Data
1723 1834 1803 1867 haec

331 1887 481 1920 Novella
496 1888 558 1920 suit
576 1896 630 1920 an.
647 1889 718 1920 455.
733 1888 904 1920 Anthemio
919 1896 1008 1920 cons.
1023 1888 1108 1920 Hinc
1121 1887 1207 1920 idem
1223 1887 1406 1920 Marcianus
1420 1887 1453 1919 in
1471 1887 1540 1928 lege
1553 1888 1667 1919 XXIV.
1683 1887 1804 1920 inserta

329 1940 401 1972 cod.
415 1940 586 1972 Iustinian.
601 1939 682 1971 Cod.
692 1939 750 1971 lib.
761 1940 844 1971 Ltit.
856 1942 902 1971 De
915 1948 1046 1972 sacros,
1059 1940 1177 1973 eccles.
1187 1942 1222 1972 et
1235 1940 1338 1972 rebus
1351 1942 1384 1972 et
1396 1940 1517 1981 privil.
1528 1948 1647 1979 eorum
1660 1939 1800 1980 leg.X11.

332 1992 459 2025 Privil.
474 1992 503 2033 §.
517 1997 545 2024 2.
558 1992 602 2024 ita
619 1993 793 2033 generatim
811 1994 938 2024 statuit:
957 1994 1100 2025 «Omnes
1123 1993 1335 2033 pragmaticas
1363 1993 1565 2032 sanctiones,
1582 2001 1666 2033 quae
1689 1993 1802 2024 contra

328 2053 470 2077 canones
485 2045 718 2077 ecclesiasticos
734 2045 916 2077 interventu
942 2045 1082 2086 gratiae,
1098 2045 1150 2077 vel
1170 2045 1356 2078 ambitionis
1374 2045 1500 2078 elicitae
1515 2045 1596 2080 sint.
1612 2045 1727 2077 robore
1741 2053 1802 2077 suo

329 2099 362 2130 et
388 2097 538 2130 firmitate
563 2100 715 2130 vacuatas
736 2107 804 2130 esse
831 2098 1079 2139 praecipimus.»
1095 2099 1175 2139 Imp.
1198 2099 1357 2130 Constans
1380 2098 1446 2139 igni
1473 2098 1608 2130 tradidit
1632 2099 1802 2130 flectestm

330 2150 483 2182 avunculi
502 2151 551 2182 sui
571 2151 728 2191 Heraclii;
746 2151 977 2183 Constantinus
992 2152 1177 2190 pogonatus
1200 2152 1328 2191 Typum
1357 2150 1517 2183 destruxit
1537 2150 1637 2192 patris
1653 2150 1704 2183 sui
1719 2151 1803 2183 Con·

328 2203 463 2243 stantis,
484 2203 529 2235 uti
548 2205 675 2235 constat
690 2213 730 2235 ex
748 2204 830 2236 nist.
849 2204 972 2236 haeres.
988 2203 1265 2235 montlielitarum.
1678 2203 1685 2207 “

424 2258 529 2297 Atque
539 2258 576 2288 ut
585 2257 625 2288 ad
638 2258 783 2298 tempora
794 2256 888 2289 nobis
899 2256 1055 2289 viciniora
1069 2256 1291 2296 deveniamus,
1306 2257 1442 2289 loannes
1452 2258 1494 2288 11.
1505 2256 1608 2288 Lusit.
1616 2265 1670 2288 rex
1681 2256 1800 2288 instan-

328 2309 415 2342 tibus
429 2310 520 2342 Sixto
535 2311 590 2342 lv.
606 2312 638 2342 et
656 2311 765 2342 Innoc.
783 2311 855 2341 Vll.
874 2309 907 2340 in
925 2310 1018 2341 Brevi
1037 2310 1127 2342 Olim
1143 2308 1198 2341 die
1217 2314 1246 2341 3.
1258 2308 1350 2341 Febr.
1372 2311 1461 2341 1486.
1487 2309 1673 2341 retractavit
1700 2308 1800 2349 legem

328 2373 426 2405 qnam
441 2364 559 2396 tulerat
574 2363 615 2395 de
628 2363 763 2396 Placico
776 2365 871 2404 reyio
881 2387 890 2403 ,
900 2363 947 2395 nti
961 2363 1055 2395 refert
1066 2362 1180 2395 Garria
1193 2362 1233 2395 de
1245 2362 1386 2395 Resende
1398 2362 1431 2395 in
1444 2361 1798 2403 Chronic.cap.LXVI.

423 2416 609 2449 Ludovicus
630 2417 683 2448 XI.
700 2415 843 2448 abolevit
858 2417 1089 2457 pragmaticam
1109 2415 1309 2448 sanctionem
1325 2424 1346 2449 a
1359 2416 1491 2456 parente
1505 2423 1565 2447 suo
1579 2414 1798 2447 constitutam.

422 2468 606 2502 Ludovieus
624 2470 697 2500 xlv
721 2468 829 2501 edicto
844 2478 902 2500 suo
917 2468 970 2500 die
993 2474 1022 2500 2.
1039 2470 1134 2501 Mart.
1155 2474 1244 2501 1682.
1257 2468 1437 2501 annullavit
1453 2467 1702 2501 declarationem
1723 2467 1800 2500 cleri

328 2521 487 2561 gallicani.
510 2521 560 2554 Cf.
585 2521 983 2562 D'Aguesseautom.X11.

423 2574 606 2615 Leopoldus
618 2573 684 2606 dux
700 2573 947 2615 Lotharingiae,
971 2582 1048 2605 cum
1070 2573 1178 2614 legum
1195 2573 1300 2606 codex
1319 2572 1422 2614 ipsius
1445 2571 1576 2604 nomine
1595 2572 1766 2613 insignitus
1779 2581 1798 2604 a

329 2626 492 2659 Clemente
505 2628 560 2658 XI.
572 2626 771 2668 proscriptus
784 2628 883 2665 esset,
900 2626 966 2659 illis
984 2626 1109 2667 legibus
1123 2626 1304 2667 abrogatis,
1321 2625 1401 2658 alias
1416 2633 1455 2657 ex
1475 2625 1581 2657 mente
1596 2625 1713 2657 summi
1726 2633 1800 2666 pon·

328 2677 422 2710 tiliois
438 2679 582 2719 suffecit3
604 2688 644 2711 ex
666 2679 828 2711 Musantio
848 2678 930 2712 Ταῦ.
949 2678 1110 2711 chronol.
1127 2680 1213 2720 sept.
1230 2680 1327 2711 aetas
1345 2676 1410 2709 tab.
1425 2677 1466 2708 11.
1483 2676 1525 2708 ad
1538 2685 1602 2709 sec.
1617 2677 1718 2709 xvu.

423 2731 486 2767 Qui
512 2731 605 2772 plura
630 2732 721 2773 cupit
743 2731 838 2765 adeat
852 2731 1068 2765 maniacthm
1084 2731 1118 2763 in
1134 2739 1188 2772 op.
1203 2730 1268 2764 Del
1285 2729 1408 2763 dtrttto
1426 2728 1523 2762 della
1539 2729 1656 2762 chiesa
1678 2728 1735 2761 lib.
1754 2730 1795 2761 11.

332 2783 409 2814 tom.
429 2783 468 2814 Il.
487 2790 554 2822 par.
569 2785 594 2814 1.
614 2783 717 2824 §.1v.
