1912 3180
317 191 407 222 οη.
432 192 493 224 111.
521 192 571 223 nt:
599 193 772 224 mrum.
805 192 952 224 civms
978 192 1096 224 LEGE.
1126 193 1220 224 ΑΜ.
1245 193 1303 223 iv.
1456 178 1544 221 325

70 268 182 316 adeo
218 269 452 326 insectari,
481 271 588 334 quia
612 271 842 318 canonicis
877 270 1052 333 legibus
1081 271 1415 335 obtemperant,
1442 271 1549 318 vim-

70 363 157 410 que
192 347 493 394 conscientiae
531 347 717 402 inferre,
758 346 815 392 ab
847 347 996 394 officio
1030 349 1219 395 retinere
1240 385 1250 404 ,
1294 348 1382 394 imo
1416 347 1548 394 etiam

69 439 226 484 cogere
261 421 317 468 ad
354 421 398 467 id
434 422 751 485 praestandum
775 459 785 478 ,
826 422 943 485 quod
977 423 1179 488 iniquum
1217 425 1261 470 in
1297 441 1346 471 se
1375 434 1470 480 est,
1493 434 1550 470 ret

68 497 125 543 ab
147 497 339 545 ecclesia
362 499 562 545 veritatis
587 499 800 562 magistra
829 499 1057 562 respuitur
1080 518 1131 547 ac
1157 499 1445 565 reprobatur?
1464 501 1550 547 lta—

66 590 154 638 que
172 572 267 629 lex,
301 591 417 638 quae
439 574 524 621 suh
541 574 720 622 obtentu
750 573 967 621 libertatis
998 575 1152 624 civiles
1180 577 1323 624 sancit
1347 577 1544 641 nuptias,

66 666 234 715 easque
265 661 419 698 contra
448 651 666 703 ecclesiae
691 652 790 698 iura
814 662 959 698 tuetur
986 668 1038 698 ac
1064 652 1284 709 vindicat,
1315 654 1550 718 tyrannica

64 726 256 774 dicenda
289 738 357 774 est
392 738 597 792 respectu
625 729 843 776 ecclesiae
872 728 1060 793 eiusque
1094 729 1414 776 ministrorum.

159 803 319 851 Verum
356 821 445 851 non
479 804 628 852 minus
661 805 896 869 tyrannica
920 815 987 851 est
1009 803 1163 852 eadem
1189 803 1258 850 lex
1291 821 1396 867 erga
1431 821 1548 852 con-

65 880 192 942 iuges
225 879 346 927 civili
379 891 550 927 tantum
586 880 761 928 foedere
795 882 989 938 iunctos3
1022 881 1142 946 quod
1173 880 1303 928 nobis
1328 880 1458 927 facile
1481 893 1549 927 est

65 956 316 1004 ostendere.
357 957 588 1021 Siquidem
625 957 720 1004 fieri
757 968 932 1023 potest,
971 974 1024 1005 ac
1057 974 1191 1023 saepe
1216 957 1350 1004 etiam
1389 957 1462 1013 fit,
1500 968 1548 1003 ut

70 1032 281 1080 alteruter
312 1033 533 1081 eiusmodi
569 1035 807 1098 coniugum
832 1034 889 1082 ab
913 1035 1073 1082 insano
1101 1033 1179 1082 illo
1205 1034 1343 1098 priori
1376 1050 1541 1089 amore,

69 1125 158 1173 quo
186 1108 420 1156 tenebatur
447 1126 500 1157 ac
534 1110 792 1158 movebatur
815 1109 871 1157 ad
895 1109 1051 1157 civiles
1087 1109 1266 1174 nuptias
1303 1109 1540 1165 ineundas,

67 1202 117 1232 se
151 1186 367 1250 recipiat,
401 1204 589 1251 seseque
619 1204 646 1233 a
673 1187 925 1234 fornicariis
951 1186 1042 1234 illis
1066 1185 1278 1242 nexibus,
1315 1186 1549 1233 conscien-

66 1262 155 1309 tiae
203 1262 362 1310 latratu
408 1274 678 1320 commotus,
725 1263 894 1310 solvere
934 1262 1055 1310 velit.
1097 1262 1191 1309 Hoc
1231 1262 1276 1308 in
1318 1279 1454 1319 casu,
1506 1262 1545 1309 si

65 1338 178 1387 alter
201 1339 334 1396 nolit,
366 1357 418 1387 ac
448 1351 620 1388 recuset
642 1340 774 1388 etiam
799 1356 948 1387 coram
972 1338 1162 1386 ecclesia
1196 1355 1407 1386 renovare
1441 1355 1547 1385 con-

67 1433 277 1472 sensum,
310 1427 359 1463 ut
391 1417 648 1479 coniugium
692 1415 937 1479 legitimum
983 1416 1087 1471 fiat,
1125 1414 1272 1462 civilis
1312 1415 1546 1478 magistra-

66 1502 137 1539 tus
163 1492 408 1540 sententiae
431 1492 538 1539 huic
560 1492 698 1548 favet,
726 1492 930 1556 adeoque
946 1508 1051 1556 pars
1068 1530 1078 1548 ,
1105 1509 1221 1556 quae
1247 1508 1295 1539 se
1323 1491 1546 1538 retrahere

61 1568 193 1616 vellet
237 1579 392 1616 contra
426 1569 747 1617 conscientiam
788 1586 942 1622 suam,
980 1569 1024 1615 vi
1058 1578 1288 1631 cogeretur
1310 1606 1321 1625 ,
1357 1578 1408 1614 ut
1439 1584 1546 1615 con-

65 1654 250 1691 tractum
269 1644 448 1692 civilem
466 1656 682 1701 servaret,
706 1645 752 1690 in
772 1662 913 1709 eoque
931 1654 1224 1709 permaneret.
1243 1644 1540 1708 Quapropter,

66 1720 331 1769 reclamante
364 1721 638 1769 conscientia
660 1759 670 1777 ‚
709 1731 799 1769 toto
838 1721 957 1768 vitae
996 1732 1193 1785 tempore
1227 1721 1283 1767 ad
1320 1720 1421 1767 illos
1463 1737 1543 1785 per

67 1796 207 1859 legem
233 1797 487 1860 adigeretur
510 1807 658 1853 actus,
682 1814 796 1862 quos
824 1808 1050 1862 tamquam
1075 1797 1259 1845 totidem
1283 1797 1419 1843 habet
1441 1813 1544 1861 pec-

66 1881 192 1928 cata,
229 1884 359 1937 prout
393 1890 544 1920 revera
584 1884 718 1930 sunt,
757 1890 900 1937 eaque
932 1874 1217 1936 gravissima.
1259 1872 1377 1928 Quid
1412 1889 1543 1937 porro

67 1948 212 2011 magis
241 1948 522 2013 tyrannicum
552 1949 723 1996 censeri
751 1959 919 2012 potest,
942 1965 1078 2012 quam
1104 1948 1261 2013 poenis
1285 1948 1541 2013 quempiam

68 2025 123 2070 ad
153 2035 384 2089 peccatum
420 2025 600 2088 adigere
623 2036 667 2072 et
689 2025 976 2089 compellere,
1003 2035 1047 2072 et
1072 2025 1133 2072 ita
1150 2063 1160 2081 ‚
1187 2036 1236 2072 ut
1264 2036 1453 2090 nequeat
1487 2024 1543 2071 ab

67 2099 222 2148 eodem
253 2099 474 2148 liberari?
508 2100 643 2165 Atqui
680 2100 783 2147 talis
817 2111 884 2148 est
917 2100 1015 2156 lex,
1054 2117 1170 2165 quae
1205 2100 1408 2163 indulget
1438 2117 1543 2147 con-

68 2176 191 2240 iugia
223 2194 343 2224 mere
371 2177 549 2233 civilia,
586 2188 821 2241 postquam
846 2177 965 2224 enim
990 2176 1102 2224 haec
1125 2176 1181 2223 ad
1206 2176 1319 2240 legis
1342 2193 1542 2224 normam

67 2252 288 2300 celebrata
320 2253 484 2300 fuerint
507 2290 516 2308 ‚
556 2252 789 2316 politicum
826 2252 1023 2315 regimen
1053 2269 1106 2299 ea
1134 2252 1246 2298 tueri
1271 2251 1405 2299 debet
1428 2263 1541 2298 tam-

65 2346 199 2394 quam
239 2346 345 2377 vera
378 2346 430 2376 ac
466 2329 664 2392 legitima
699 2328 921 2375 connubia
947 2366 956 2385 ‚
995 2345 1076 2376 nec
1110 2328 1366 2393 permittere
1398 2339 1544 2392 potest

64 2404 317 2454 alterutrius
347 2406 673 2470 separationem
691 2443 701 2461 ,
743 2405 782 2452 si
819 2405 929 2453 alter
963 2405 1125 2452 coniux
1160 2415 1340 2461 renuat,
1370 2422 1450 2452 nec
1473 2405 1544 2452 di-

67 2482 256 2529 vortium
292 2483 437 2530 facere
475 2481 598 2530 velit.

163 2558 384 2623 Equidem
421 2559 553 2615 novi,
591 2560 848 2623 quempiam
883 2577 935 2605 ex
972 2558 1106 2606 huius
1141 2558 1254 2621 legis
1295 2557 1542 2606 fautoribus

68 2634 326 2682 insinuasse
357 2635 594 2683 articulum
611 2672 621 2691 ,
650 2653 782 2700 quem
805 2645 966 2683 vocant
988 2634 1242 2682 addititium
1258 2673 1269 2691 ,
1299 2634 1443 2682 eidem
1462 2651 1543 2699 ap-

65 2710 171 2773 poni
203 2727 337 2774 posse
359 2749 369 2767 ,
407 2711 528 2776 quod
566 2711 649 2759 hac
684 2712 730 2758 in
765 2711 973 2777 hypotesi
999 2711 1132 2759 liceat
1152 2710 1379 2759 vinculum
1410 2728 1538 2758 suum

66 2784 327 2849 abrumpere
361 2787 431 2844 ei,
469 2788 545 2851 qui
582 2786 714 2835 vellet
743 2787 875 2835 ritum
907 2786 1162 2850 religiosum
1200 2786 1442 2852 superaddi
1473 2804 1519 2833 re
