1912 3180
335 171 425 202 cn.
449 171 510 203 ιιι.
535 171 586 203 m:
613 170 859 203 ιιΑτιιιιιοΝιι
883 171 1031 202 eivius
1053 170 1173 202 tran.
1192 171 1284 202 Anr.
1302 171 1346 202 ιι.
1487 156 1577 201 305

108 248 370 296 colluctatur
388 247 571 295 seducta
588 248 808 305 columba,
826 265 941 312 quae
970 249 1193 312 accipitris
1218 248 1396 312 ungulis
1423 260 1578 296 rostro-

109 343 199 389 que
232 335 433 389 correpta
466 324 652 371 evadere
686 324 827 371 nescit
865 326 949 385 (9).
980 324 1108 379 Quod
1133 326 1171 372 si
1196 326 1239 372 vi
1264 325 1434 372 devicta
1457 364 1466 382 ,
1504 336 1579 372 aut

109 400 342 448 blanditiis
377 400 460 447 viri
495 399 709 447 voluntati
745 398 895 455 cedat,
934 401 1248 447 conscientiam
1283 400 1452 448 tamdiu
1482 400 1579 447 vul-

109 487 234 524 nerat
274 486 407 540 atque
446 485 671 531 cruentat,
718 474 930 539 quamdiu
965 475 1049 522 hoc
1077 476 1123 522 in
1157 486 1275 524 statu
1299 487 1573 542 perseverat,

107 570 296 617 seseque
330 552 574 599 innumeris
610 569 746 616 prope
770 551 960 616 peccatis
986 564 1161 609 onerat,
1190 571 1306 617 quae
1330 553 1376 599 in
1408 553 1573 616 legem,

107 644 160 675 ac
194 638 428 693 propterea
463 627 507 674 in
543 627 655 690 legis
692 627 883 674 fautores
918 636 960 674 et
992 628 1241 675 conditores
1277 628 1540 676 redundant.

205 704 384 751 Interim
420 703 458 750 si
483 703 708 766 contingat
730 702 897 758 virum,
926 712 1001 749 aut
1023 702 1251 750 mulierem
1276 703 1362 750 hoe
1387 704 1433 749 in
1462 713 1577 751 statu

107 778 350 826 habitualis
386 778 554 844 peccati
590 777 739 824 subita
772 787 912 825 morte
947 777 1139 842 corripi,
1184 777 1291 841 quin
1333 778 1455 842 prius
1501 796 1577 826 eos

108 854 333 918 poeniteat
355 853 542 900 admissi
569 852 749 900 sceleris
767 890 777 910 ,
805 853 916 900 citra
938 851 1122 899 dubium
1146 852 1191 899 in
1216 863 1441 900 aeternum
1466 854 1579 918 peri-

105 930 231 978 bunt.
257 929 384 986 Quod
412 930 451 976 si
480 929 632 976 morbo
661 929 786 993 prius
822 929 973 976 tentati
1003 928 1270 993 pedetentim
1298 929 1355 976 ad
1384 938 1577 976 extrema

105 1005 381 1062 devenerint,
398 1004 485 1052 nisi
505 1005 591 1069 ipsi
613 1004 896 1068 resipiscant,
911 1004 1293 1069 poenitentiaeque
1310 1004 1439 1068 signa
1455 1021 1579 1068 prae·

104 1081 263 1138 beant,
290 1097 343 1128 ac
367 1080 698 1127 matrimonium
722 1097 869 1128 coram
894 1079 1086 1145 parocho
1110 1080 1156 1126 in
1181 1080 1364 1145 privatis
1389 1079 1577 1128 aedibus

105 1156 344 1212 celebrent,
362 1165 438 1203 aut
457 1156 680 1220 separatio
705 1156 782 1203 fiat
798 1173 825 1203 a
844 1155 956 1203 salso
974 1155 1148 1212 marito,
1162 1155 1232 1204 vel
1249 1173 1276 1203 a
1293 1155 1406 1204 salsa
1421 1173 1574 1212 uxore,

106 1243 272 1281 certum
306 1242 375 1280 est
407 1232 497 1279 illis
531 1250 620 1280 non
654 1249 786 1297 posse
820 1242 1097 1280 sacramenta
1129 1232 1345 1280 ecclesiae
1385 1232 1577 1279 admini-

106 1307 253 1356 strari.
283 1308 397 1354 Hinc
430 1324 570 1355 novae
594 1307 848 1370 angustiae,
878 1324 1017 1355 novae
1047 1306 1356 1363 difficultates,
1393 1324 1578 1355 novum-

105 1402 193 1450 que
228 1383 413 1432 evidens
448 1383 693 1448 periculum
727 1394 931 1431 aeternae
964 1383 1277 1432 damnationis.

203 1461 479 1526 Quapropter
512 1459 551 1506 si
586 1459 760 1506 eveniat
791 1470 841 1506 ut
872 1459 942 1507 vel
977 1478 1093 1507 unus
1128 1460 1274 1508 civilis
1306 1460 1575 1508 matrimonii

105 1554 243 1585 causa
275 1545 502 1583 aeternum
535 1534 717 1581 exitium
756 1534 975 1590 incurrat,
1014 1534 1168 1599 ecquis
1209 1552 1296 1583 non
1338 1534 1458 1583 videt
1498 1553 1575 1583 eos

106 1629 281 1669 omnes,
320 1611 397 1677 qui
432 1610 645 1675 positive,
685 1621 734 1658 ut
776 1611 956 1675 saepius
996 1611 1217 1668 diximus,
1255 1611 1312 1658 ad
1355 1611 1575 1659 funestam

104 1687 326 1736 eiusmodi
360 1703 542 1735 causam
585 1686 837 1750 ponendam
880 1703 1139 1735 concurrere
1176 1686 1431 1742 voluerunt,
1477 1703 1575 1734 reos

108 1763 203 1810 fieri
220 1763 356 1810 huius
373 1760 707 1809 damnationis?
730 1762 794 1807 Ex
820 1760 1054 1825 multiplici
1080 1762 1214 1825 igitur
1236 1762 1380 1826 capite
1404 1771 1576 1809 constat

107 1839 227 1904 quod
260 1856 287 1885 a
320 1837 449 1885 nobis
483 1836 676 1902 positum
711 1847 799 1894 est,
840 1837 935 1884 fieri
960 1837 1167 1885 videlicet
1189 1854 1287 1885 reos
1321 1837 1574 1900 gravissimi

108 1930 255 1962 coram
287 1914 379 1960 Deo
412 1912 613 1960 criminis
647 1922 864 1977 quotquot
901 1912 1142 1960 deliberato
1172 1913 1319 1960 animo
1351 1912 1408 1960 ad
1432 1912 1572 1976 legem

108 1989 230 2037 illam
254 1988 614 2054 proponendam,
643 1988 874 2036 fovendam
899 1988 1263 2053 condendamque
1286 1999 1568 2036 concurrunt.

205 2137 249 2176 (9)
272 2135 431 2177 Equidem
450 2135 526 2167 novi
541 2135 574 2167 in
589 2134 703 2167 Galliis
721 2134 857 2175 passim,
876 2134 931 2166 ubi
948 2134 1106 2167 eiusmodi
1127 2143 1220 2167 casus
1239 2134 1393 2167 acciderit
1413 2134 1501 2175 quod
1524 2134 1573 2166 vir

108 2190 222 2221 renuat
234 2197 268 2221 se
280 2188 393 2222 sistere
412 2197 521 2221 coram
537 2187 678 2229 parocho
694 2186 735 2219 ad
751 2186 973 2219 renovandum
992 2196 1183 2220 consensum
1200 2189 1273 2229 post
1290 2187 1485 2220 celebratum
1499 2195 1573 2219 con-

110 2242 247 2274 tractum
262 2249 372 2273 coram
389 2240 479 2272 civili
493 2240 680 2281 magistratu
690 2262 700 2279 ,
714 2238 755 2270 ab
767 2239 880 2279 aequis
895 2239 1056 2272 iudicibus
1071 2239 1227 2272 declarari
1249 2239 1374 2271 nullum
1392 2239 1572 2281 praebitum

105 2295 200 2326 antea
220 2302 424 2333 consensum,
438 2302 477 2325 ac
491 2293 539 2326 sic
555 2291 692 2324 discindi
709 2291 950 2324 matrimonium
964 2301 1043 2333 pure
1055 2292 1161 2326 civile.
1177 2294 1235 2326 Ast
1250 2293 1471 2334 praeterquam
1486 2291 1574 2333 quod

107 2355 171 2378 uon
187 2355 312 2388 semper
334 2347 380 2379 ita
399 2346 454 2387 fit,
476 2347 557 2387 quot
577 2346 671 2378 antea
686 2344 885 2385 superandae
906 2345 982 2377 sunt
1004 2344 1227 2385 difficultatem
1243 2347 1281 2378 ut
1298 2346 1376 2378 haec
1392 2344 1574 2378 obtineatur

106 2398 262 2431 sententia
272 2402 287 2431 ‚³

1467 2821 1512 2853 20
