1918 3186
326 228 383 273 70
589 243 666 272 Lm.
697 242 724 271 1.
755 239 865 270 sacr.
897 240 925 269 1.
957 240 1007 269 ni:
1033 240 1204 271 unnim.
1237 238 1518 270 sacnmznro.

323 320 368 364 in
404 319 501 383 ipso
534 317 769 363 tridentino
803 316 1012 373 concilio,
1052 334 1151 364 cum
1189 326 1388 380 ageretur
1423 316 1479 362 de
1513 332 1625 363 novo
1661 317 1791 365 indu-

322 392 461 440 cendo
495 391 862 438 clandestinitatis
897 391 1232 456 impedimento,
1274 392 1361 438 iam
1397 408 1492 438 eam
1528 393 1789 440 sententiam

322 468 556 533 protulerat
578 467 729 513 Simon
745 467 968 530 Vigorius3
998 478 1081 524 ast,
1103 469 1165 514 uti
1192 468 1320 514 refert
1337 467 1457 514 card.
1475 467 1786 525 Pallavicinus,

316 561 476 607 paucos
499 560 551 589 ex
575 542 774 608 patribus
798 542 885 590 illis
911 554 1146 591 sectatores
1173 543 1328 590 habuit
1351 546 1466 606 (35).
1486 544 1622 591 Paulo
1644 555 1790 592 tamen

322 620 419 683 pest
441 615 631 681 theologi
651 657 660 675 ,
689 618 887 683 iurisque
910 619 1111 665 canonici
1135 619 1392 684 interpretes
1418 636 1578 683 magno
1608 635 1792 680 numero

321 694 359 739 ei
397 711 496 741 sese
530 693 806 749 adiecerunt,
845 694 907 740 uti
937 693 1135 757 Sylvius,
1163 693 1336 750 Estius,
1377 695 1582 751 Iuvenin,
1625 695 1760 743 Piette
1778 734 1788 751 ,

323 769 547 827 Gibertus,
585 769 855 826 Du-Hamel,
886 769 1190 825 l'Herminier‚
1230 770 1472 835 Tournely,
1507 770 1674 836 aliique
1696 789 1795 836 pas·

322 846 406 892 sim
458 847 573 908 (36).
617 846 681 892 Ex
716 845 877 910 quibus
919 854 1065 891 tamen
1109 844 1326 909 Tournely
1365 845 1546 892 fatetur:
1598 866 1620 891 «
1651 847 1696 892 Si
1740 864 1793 893 ex

322 922 577 968 auctoritate
594 931 638 968 et
660 938 840 968 numero
864 920 1225 967 scholasticorum
1249 920 1533 985 pugnandum
1559 922 1640 968 hicv
1656 922 1788 978 soret,

320 996 518 1044 vinceret
550 996 670 1043 haud
703 996 837 1043 dubie
869 995 1072 1060 opposita
1106 995 1322 1042 sententia
1354 997 1504 1058 (37).»
1537 996 1658 1043 Adeo
1689 1012 1795 1044 vero

321 1082 461 1119 tractu
495 1073 703 1137 temporis
739 1072 920 1119 istorum
956 1089 1165 1119 numerus
1201 1073 1356 1118 auctus'
1390 1082 1476 1129 est,
1513 1082 1561 1119 ut
1594 1070 1793 1120 eruditus

321 1147 584 1212 Roskovany
624 1146 816 1194 scribere
850 1147 1062 1212 potuerit:
1106 1165 1128 1191 «
1158 1147 1222 1192 Ex
1256 1147 1572 1195 recentioribus
1618 1148 1795 1212 paucis-

323 1223 424 1269 simi
467 1232 662 1270 veterum
703 1222 1066 1270 scholasticorum
1112 1214 1457 1287 complectuntur
1494 1223 1748 1288 opinionem
1779 1262 1788 1279 ‚

323 1298 450 1361 quasi
492 1297 662 1344 scilicet
696 1297 782 1362 ipsi
817 1296 1125 1344 contrahentes
1159 1307 1479 1344 sacramentum
1522 1298 1791 1345 matrimonii

302 1387 304 1390 ’
324 1372 409 1419 sibi
446 1373 805 1420 administrarent
826 1375 975 1436 (38).»

422 1450 611 1496 Numero
629 1450 920 1496 animosiores
939 1449 1038 1495 facti
1060 1450 1322 1496 recentiores
1348 1449 1548 1496 nonnulli
1571 1449 1789 1512 theologi,

323 1534 366 1571 et
397 1525 598 1571 canonici
636 1526 745 1572 iuris
789 1525 918 1590 periti
964 1524 1149 1570 ulterius
1184 1524 1369 1570 fortasse
1404 1541 1537 1589 quam
1573 1541 1652 1589 par
1686 1524 1796 1571 foret

322 1600 366 1644 in
401 1600 579 1664 propria
612 1599 881 1647 adstruenda
914 1599 1131 1646 sententia
1164 1599 1384 1664 progressi
1421 1610 1545 1655 sunt,
1573 1609 1616 1646 et
1639 1617 1793 1665 parum

320 1674 518 1722 modeste
552 1675 597 1721 in
632 1676 850 1722 contraria
881 1674 1129 1723 vellicanda
1153 1692 1201 1722 se
1225 1691 1273 1722 se
1296 1686 1543 1738 gesserunt.
1566 1676 1794 1740 Siquidem

321 1750 610 1813 friburgensis
645 1768 862 1798 canonum
896 1747 1141 1816 professor,
1176 1752 1210 1797 I.
1239 1752 1291 1797 A.
1322 1752 1480 1799 Petzek
1504 1752 1790 1807 sententiam,

320 1842 433 1889 quae
457 1826 765 1873 contrahentes
790 1827 1051 1874 sacramenti
1083 1827 1310 1874 ministros
1335 1827 1508 1883 statuit,
1537 1836 1580 1874 et
1603 1827 1794 1874 infirmis

321 1901 400 1947 niti
446 1901 769 1960 fundamentis,
809 1914 852 1950 et
883 1902 1013 1968 plane
1047 1903 1274 1966 religionis
1309 1902 1589 1966 dogmatibus
1624 1903 1795 1967 pericu·-

321 1976 458 2023 losam
494 1995 598 2025 esse>
627 1979 841 2034 asseruit,
882 1995 934 2026 eo
969 1978 1087 2042 quod
1123 1978 1200 2025 illa
1234 1978 1452 2034 admissa,
1483 1978 1603 2025 nulla
1626 1979 1795 2025 ratione

416 2153 480 2192 (35)
502 2152 723 2185 Dell'istoria
737 2153 795 2184 del
808 2161 900 2184 conc.
918 2153 955 2184 clz'
976 2155 1098 2185 Trento
1117 2153 1170 2184 lib.
1185 2156 1253 2184 XX.
1269 2161 1338 2193 cap.
1351 2154 1406 2184 lv.
1424 2161 1456 2184 n.
1475 2157 1500 2184 1.
1513 2151 1567 2183 ubi
1583 2151 1705 2183 scribit:
1719 2153 1793 2183 «Es-

323 2204 422 2235 sendo
446 2205 597 2236 concordi
619 2205 813 2245 (iteologi)
834 2204 919 2245 negli
943 2205 1016 2237 altri
1038 2205 1148 2246 punti,
1171 2204 1453 2236 disconsentivano
1478 2212 1571 2244 sopra
1597 2203 1671 2235 due.
1689 2204 1791 2235 L'uno

322 2266 395 2288 era:
416 2265 450 2288 se
471 2258 658 2297 qualunque
680 2258 886 2289 matrimonio
907 2258 956 2289 fra
980 2257 1125 2289 cristiani
1150 2257 1233 2290 fosse
1254 2259 1471 2289 sacramento:
1497 2257 1521 2287 il
1545 2256 1605 2287 che
1627 2256 1793 2287 sentivano

322 2312 423 2350 quasi
443 2311 549 2342 tutti:
571 2320 590 2341 o
612 2310 660 2342 sol
679 2311 809 2351 quello,
828 2311 888 2342 che
909 2311 983 2342 vien
1006 2310 1176 2343 benedetto
1190 2310 1244 2342 dal
1259 2310 1442 2349 sacerdote;
1462 2308 1601 2341 secondo
1624 2309 1796 2349 l'opinione

322 2361 353 2392 (li
375 2361 555 2401 Guglielmo
579 2361 722 2402 parigino
744 2362 754 2402 (
768 2365 804 2394 ut
817 2362 972 2403 putabant
985 2362 1007 2403 ):
1026 2363 1058 2394 la
1071 2363 1165 2403 quale
1176 2371 1230 2394 era
1244 2362 1345 2394 difesa
1360 2361 1413 2393 dal
1430 2360 1649 2402 prenominato
1664 2360 1794 2392 Simone

320 2415 418 2454 Vigor
436 2422 454 2446 e
469 2414 511 2445 da
525 2413 627 2455 pochi
648 2414 767 2446 altri.»

417 2467 482 2507 (36)
505 2468 646 2498 Istorum
671 2475 769 2508 opera
793 2467 981 2508 singillatim
1004 2468 1141 2507 allegare
1162 2468 1359 2508 superfluum
1378 2475 1508 2508 censeo,
1524 2475 1597 2498 cum
1616 2467 1692 2498 nota
1706 2466 1791 2504 sint,

321 2522 353 2550 ot
380 2520 445 2551 iarn
474 2520 618 2553 retulerit
641 2520 831 2552 Benedictus
850 2521 935 2552 XIV.
951 2522 1001 2552 De
1020 2519 1147 2560 synodo
1168 2519 1225 2551 lib.
1243 2521 1330 2551 Vlll.
1350 2528 1421 2560 cap.
1441 2521 1525 2551 xm.
1543 2527 1576 2550 n.
1592 2523 1621 2550 3Α
1637 2519 1669 2551 et
1681 2521 1794 2560 postea

321 2580 347 2603 s,
363 2572 543 2612 Alphonsus
562 2575 610 2604 De
623 2572 751 2613 Ligoi‘lo
772 2573 805 2605 in
827 2572 981 2613 peculiari
1000 2571 1127 2604 dissert.
1143 2574 1193 2603 De
1211 2573 1370 2603 ministro
1391 2573 1424 2604 et
1439 2571 1562 2611 forma
1581 2574 1793 2604 sacramenti

320 2626 552 2663 matrimonii,
580 2634 678 2666 quam
703 2624 848 2658 adtexuit
868 2634 939 2666 cap.
954 2625 1104 2657 11.tract.
1119 2626 1176 2656 Vl.
1192 2626 1242 2656 De
1261 2626 1429 2663 matrim„
1444 2623 1499 2656 ubi
1521 2625 1627 2665 plures
1649 2624 1729 2657 alios
1754 2634 1793 2656 ex

324 2676 560 2717 antiquioribus
584 2679 748 2719 recenset,
775 2678 832 2719 qui
853 2678 1044 2711 sententiam
1070 2677 1153 2710 Cani
1181 2677 1387 2718 adoptarunt.

417 2730 481 2770 (37)
504 2731 616 2762 Tract.
637 2733 686 2763 De
705 2733 859 2763 matrim.
874 2740 946 2772 pag.
962 2734 1030 2764 124.
1046 2730 1216 2767 ed,Paris.

411 2782 475 2821 (38)
497 2784 546 2813 De
566 2779 785 2816 matrimomo
801 2787 838 2816 in
854 2784 997 2823 ecclesia
1010 2783 1184 2816 catholica
1199 2785 1278 2815 tom.
1288 2785 1371 2815 LDe
1383 2786 1551 2825 potestate
1570 2784 1731 2816 ecclesiae
1747 2784 1790 2814 le-

322 2834 487 2873 qislatwa
511 2838 603 2867 cirea
628 2839 901 2869 matrimonium.
916 2837 1075 2876 Augustae
1087 2836 1245 2868 Vindelic.
1266 2836 1395 2876 ¹837.§.
1414 2840 1462 2868 27.
