<?xml version="1.0" encoding="UTF-8"?>
<!DOCTYPE html PUBLIC "-//W3C//DTD XHTML 1.0 Transitional//EN"
    "http://www.w3.org/TR/xhtml1/DTD/xhtml1-transitional.dtd">
<html xmlns="http://www.w3.org/1999/xhtml" xml:lang="en" lang="en">
 <head>
  <title>
</title>
<meta http-equiv="Content-Type" content="text/html;charset=utf-8" />
  <meta name='ocr-system' content='tesseract 3.04.00' />
  <meta name='ocr-capabilities' content='ocr_page ocr_carea ocr_par ocr_line ocrx_word'/>
</head>
<body>
  <div class='ocr_page' id='page_1' title='image "a603380701perruoft_0137.png"; bbox 0 0 1918 3186; ppageno 0'>
   <div class='ocr_carea' id='block_1_1' title="bbox 270 191 1615 239">
    <p class='ocr_par' dir='ltr' id='par_1_1' title="bbox 270 191 1615 239">
     <span class='ocr_line' id='line_1_1' title="bbox 270 191 1615 239; baseline -0.003 0"><span class='ocrx_word' id='word_1_1' title='bbox 270 208 358 239; x_wconf 53' lang='lat' dir='ltr'>cir.</span> <span class='ocrx_word' id='word_1_2' title='bbox 378 208 434 238; x_wconf 82' lang='lat' dir='ltr'>iv.</span> <span class='ocrx_word' id='word_1_3' title='bbox 454 207 601 238; x_wconf 65' lang='lat' dir='ltr'>exram.</span> <span class='ocrx_word' id='word_1_4' title='bbox 620 206 713 238; x_wconf 68' lang='lat' dir='ltr'>Anu.</span> <span class='ocrx_word' id='word_1_5' title='bbox 733 206 783 236; x_wconf 74' lang='lat' dir='ltr'>ni:</span> <span class='ocrx_word' id='word_1_6' title='bbox 803 206 893 238; x_wconf 69' lang='lat' dir='ltr'>ram.</span> <span class='ocrx_word' id='word_1_7' title='bbox 913 207 1026 239; x_wconf 68' lang='lat' dir='ltr'>smn.</span> <span class='ocrx_word' id='word_1_8' title='bbox 1046 207 1137 239; x_wconf 69' lang='grc' dir='ltr'>ΑΜ.</span> <span class='ocrx_word' id='word_1_9' title='bbox 1157 208 1202 239; x_wconf 82' lang='lat'>11.</span> <span class='ocrx_word' id='word_1_10' title='bbox 1219 207 1314 238; x_wconf 71' lang='lat' dir='ltr'>Aac.</span> <span class='ocrx_word' id='word_1_11' title='bbox 1332 206 1450 238; x_wconf 71' lang='lat' dir='ltr'>nun.</span> <span class='ocrx_word' id='word_1_12' title='bbox 1527 191 1615 235; x_wconf 77' lang='lat'>115</span> 
     </span>
    </p>
   </div>
   <div class='ocr_carea' id='block_1_2' title="bbox 155 282 1625 2453">
    <p class='ocr_par' dir='ltr' id='par_1_2' title="bbox 156 282 1625 1245">
     <span class='ocr_line' id='line_1_2' title="bbox 160 282 1622 347; baseline 0 -18"><span class='ocrx_word' id='word_1_13' title='bbox 160 294 284 329; x_wconf 91' lang='lat' dir='ltr'>nunt.</span> <span class='ocrx_word' id='word_1_14' title='bbox 308 285 446 346; x_wconf 85' lang='lat' dir='ltr'>Negat</span> <span class='ocrx_word' id='word_1_15' title='bbox 470 284 587 330; x_wconf 91' lang='lat' dir='ltr'>enim</span> <span class='ocrx_word' id='word_1_16' title='bbox 614 282 868 329; x_wconf 89' lang='lat' dir='ltr'>Theodorus</span> <span class='ocrx_word' id='word_1_17' title='bbox 892 300 943 329; x_wconf 88' lang='lat' dir='ltr'>ex</span> <span class='ocrx_word' id='word_1_18' title='bbox 969 295 1142 347; x_wconf 91' lang='lat' dir='ltr'>patrum</span> <span class='ocrx_word' id='word_1_19' title='bbox 1167 295 1210 331; x_wconf 90' lang='lat' dir='ltr'>et</span> <span class='ocrx_word' id='word_1_20' title='bbox 1231 283 1514 332; x_wconf 88' lang='lat' dir='ltr'>conciliorum</span> <span class='ocrx_word' id='word_1_21' title='bbox 1538 292 1622 329; x_wconf 86' lang='lat' dir='ltr'>tra-</span> 
     </span>
     <span class='ocr_line' id='line_1_3' title="bbox 158 349 1620 422; baseline 0.001 -19"><span class='ocrx_word' id='word_1_22' title='bbox 158 358 322 404; x_wconf 83' lang='lat' dir='ltr'>ditione</span> <span class='ocrx_word' id='word_1_23' title='bbox 356 357 691 422; x_wconf 81' lang='lat' dir='ltr'>impertiendam</span> <span class='ocrx_word' id='word_1_24' title='bbox 715 374 815 404; x_wconf 91' lang='lat' dir='ltr'>esse</span> <span class='ocrx_word' id='word_1_25' title='bbox 838 374 863 403; x_wconf 88' lang='lat' dir='ltr'>a</span> <span class='ocrx_word' id='word_1_26' title='bbox 887 359 1111 406; x_wconf 89' lang='lat' dir='ltr'>sacerdote</span> <span class='ocrx_word' id='word_1_27' title='bbox 1134 360 1321 422; x_wconf 88' lang='lat' dir='ltr'>digamis</span> <span class='ocrx_word' id='word_1_28' title='bbox 1346 349 1396 406; x_wconf 86' lang='lat' dir='ltr'>ac</span> <span class='ocrx_word' id='word_1_29' title='bbox 1421 358 1620 422; x_wconf 89' lang='lat' dir='ltr'>trigamis</span> 
     </span>
     <span class='ocr_line' id='line_1_4' title="bbox 158 433 1621 499; baseline 0 -19"><span class='ocrx_word' id='word_1_30' title='bbox 158 433 506 480; x_wconf 84' lang='lat' dir='ltr'>benedictionem</span> <span class='ocrx_word' id='word_1_31' title='bbox 540 443 583 479; x_wconf 92' lang='lat' dir='ltr'>et</span> <span class='ocrx_word' id='word_1_32' title='bbox 615 433 962 487; x_wconf 82' lang='lat' dir='ltr'>coronationem,</span> <span class='ocrx_word' id='word_1_33' title='bbox 991 451 1043 480; x_wconf 91' lang='lat' dir='ltr'>eo</span> <span class='ocrx_word' id='word_1_34' title='bbox 1068 435 1186 498; x_wconf 91' lang='lat' dir='ltr'>quod</span> <span class='ocrx_word' id='word_1_35' title='bbox 1221 435 1293 482; x_wconf 85' lang='lat' dir='ltr'>isti</span> <span class='ocrx_word' id='word_1_36' title='bbox 1329 434 1621 499; x_wconf 88' lang='lat' dir='ltr'>poenitentiae</span> 
     </span>
     <span class='ocr_line' id='line_1_5' title="bbox 159 507 1616 571; baseline 0 -17"><span class='ocrx_word' id='word_1_37' title='bbox 159 507 501 563; x_wconf 90' lang='lat' dir='ltr'>subiicerentur‚</span> <span class='ocrx_word' id='word_1_38' title='bbox 529 517 572 553; x_wconf 91' lang='lat' dir='ltr'>et</span> <span class='ocrx_word' id='word_1_39' title='bbox 604 507 891 554; x_wconf 88' lang='lat' dir='ltr'>nihilominus</span> <span class='ocrx_word' id='word_1_40' title='bbox 927 507 1116 555; x_wconf 87' lang='lat' dir='ltr'>affirmat</span> <span class='ocrx_word' id='word_1_41' title='bbox 1147 526 1250 556; x_wconf 85' lang='lat' dir='ltr'>vera</span> <span class='ocrx_word' id='word_1_42' title='bbox 1272 526 1372 556; x_wconf 90' lang='lat' dir='ltr'>esse</span> <span class='ocrx_word' id='word_1_43' title='bbox 1395 508 1616 571; x_wconf 82' lang='lat' dir='ltr'>coniugia,</span> 
     </span>
     <span class='ocr_line' id='line_1_6' title="bbox 157 580 1616 646; baseline 0.001 -18"><span class='ocrx_word' id='word_1_44' title='bbox 157 599 272 646; x_wconf 91' lang='lat' dir='ltr'>quae</span> <span class='ocrx_word' id='word_1_45' title='bbox 304 599 331 628; x_wconf 91' lang='lat' dir='ltr'>a</span> <span class='ocrx_word' id='word_1_46' title='bbox 363 581 552 644; x_wconf 90' lang='lat' dir='ltr'>digamis</span> <span class='ocrx_word' id='word_1_47' title='bbox 599 580 935 645; x_wconf 83' lang='lat' dir='ltr'>polygamisque</span> <span class='ocrx_word' id='word_1_48' title='bbox 979 583 1244 630; x_wconf 85' lang='lat' dir='ltr'>successivis</span> <span class='ocrx_word' id='word_1_49' title='bbox 1284 583 1616 630; x_wconf 85' lang='lat' dir='ltr'>contrahuntur.</span> 
     </span>
     <span class='ocr_line' id='line_1_7' title="bbox 156 650 1624 722; baseline 0.003 -20"><span class='ocrx_word' id='word_1_50' title='bbox 156 658 271 719; x_wconf 85' lang='lat' dir='ltr'>Ergo</span> <span class='ocrx_word' id='word_1_51' title='bbox 300 656 384 704; x_wconf 89' lang='lat' dir='ltr'>hoc</span> <span class='ocrx_word' id='word_1_52' title='bbox 415 650 515 720; x_wconf 91' lang='lat' dir='ltr'>ipso</span> <span class='ocrx_word' id='word_1_53' title='bbox 546 657 742 703; x_wconf 81' lang='lat' dir='ltr'>declarat</span> <span class='ocrx_word' id='word_1_54' title='bbox 764 675 813 704; x_wconf 91' lang='lat' dir='ltr'>se</span> <span class='ocrx_word' id='word_1_55' title='bbox 834 674 887 704; x_wconf 84' lang='lat' dir='ltr'>ex</span> <span class='ocrx_word' id='word_1_56' title='bbox 911 657 1142 704; x_wconf 84' lang='lat' dir='ltr'>traditione</span> <span class='ocrx_word' id='word_1_57' title='bbox 1166 669 1339 722; x_wconf 91' lang='lat' dir='ltr'>patrum</span> <span class='ocrx_word' id='word_1_58' title='bbox 1362 659 1525 706; x_wconf 91' lang='lat' dir='ltr'>habere</span> <span class='ocrx_word' id='word_1_59' title='bbox 1547 659 1624 706; x_wconf 90' lang='lat' dir='ltr'>be-</span> 
     </span>
     <span class='ocr_line' id='line_1_8' title="bbox 157 731 1621 797; baseline 0.001 -20"><span class='ocrx_word' id='word_1_60' title='bbox 157 731 446 778; x_wconf 91' lang='lat' dir='ltr'>nedictionem</span> <span class='ocrx_word' id='word_1_61' title='bbox 469 731 785 778; x_wconf 88' lang='lat' dir='ltr'>sacerdotalem</span> <span class='ocrx_word' id='word_1_62' title='bbox 808 732 871 778; x_wconf 91' lang='lat' dir='ltr'>uti</span> <span class='ocrx_word' id='word_1_63' title='bbox 895 732 1184 778; x_wconf 88' lang='lat' dir='ltr'>ceremoniam</span> <span class='ocrx_word' id='word_1_64' title='bbox 1198 770 1208 788; x_wconf 95' lang='lat'>,</span> <span class='ocrx_word' id='word_1_65' title='bbox 1237 750 1352 797; x_wconf 88' lang='lat' dir='ltr'>quae</span> <span class='ocrx_word' id='word_1_66' title='bbox 1374 733 1542 781; x_wconf 89' lang='lat' dir='ltr'>accedit</span> <span class='ocrx_word' id='word_1_67' title='bbox 1564 733 1621 780; x_wconf 90' lang='lat' dir='ltr'>ad</span> 
     </span>
     <span class='ocr_line' id='line_1_9' title="bbox 157 803 1622 872; baseline 0.001 -18"><span class='ocrx_word' id='word_1_68' title='bbox 157 817 478 854; x_wconf 87' lang='lat' dir='ltr'>sacramentum</span> <span class='ocrx_word' id='word_1_69' title='bbox 513 807 807 863; x_wconf 87' lang='lat' dir='ltr'>matrimonii,</span> <span class='ocrx_word' id='word_1_70' title='bbox 835 824 922 855; x_wconf 92' lang='lat' dir='ltr'>non</span> <span class='ocrx_word' id='word_1_71' title='bbox 952 817 1096 854; x_wconf 90' lang='lat' dir='ltr'>tamen</span> <span class='ocrx_word' id='word_1_72' title='bbox 1130 825 1209 871; x_wconf 90' lang='lat' dir='ltr'>per</span> <span class='ocrx_word' id='word_1_73' title='bbox 1239 825 1336 855; x_wconf 91' lang='lat' dir='ltr'>eam</span> <span class='ocrx_word' id='word_1_74' title='bbox 1370 803 1622 872; x_wconf 88' lang='lat' dir='ltr'>coniugium</span> 
     </span>
     <span class='ocr_line' id='line_1_10' title="bbox 157 882 1623 946; baseline 0.001 -17"><span class='ocrx_word' id='word_1_75' title='bbox 157 882 324 946; x_wconf 88' lang='lat' dir='ltr'>perfici.</span> <span class='ocrx_word' id='word_1_76' title='bbox 365 882 661 930; x_wconf 91' lang='lat' dir='ltr'>Nihilominus</span> <span class='ocrx_word' id='word_1_77' title='bbox 701 882 898 929; x_wconf 89' lang='lat' dir='ltr'>insinuat</span> <span class='ocrx_word' id='word_1_78' title='bbox 937 893 1038 946; x_wconf 90' lang='lat' dir='ltr'>post</span> <span class='ocrx_word' id='word_1_79' title='bbox 1082 900 1219 929; x_wconf 91' lang='lat' dir='ltr'>unum</span> <span class='ocrx_word' id='word_1_80' title='bbox 1259 883 1500 931; x_wconf 90' lang='lat' dir='ltr'>alterumve</span> <span class='ocrx_word' id='word_1_81' title='bbox 1544 901 1623 931; x_wconf 90' lang='lat' dir='ltr'>an-</span> 
     </span>
     <span class='ocr_line' id='line_1_11' title="bbox 158 957 1625 1022; baseline 0.003 -20"><span class='ocrx_word' id='word_1_82' title='bbox 158 974 280 1014; x_wconf 92' lang='lat' dir='ltr'>num,</span> <span class='ocrx_word' id='word_1_83' title='bbox 302 957 475 1022; x_wconf 86' lang='lat' dir='ltr'>expleta</span> <span class='ocrx_word' id='word_1_84' title='bbox 494 957 664 1005; x_wconf 90' lang='lat' dir='ltr'>scilicet</span> <span class='ocrx_word' id='word_1_85' title='bbox 682 957 947 1022; x_wconf 85' lang='lat' dir='ltr'>poenitentia</span> <span class='ocrx_word' id='word_1_86' title='bbox 965 995 974 1013; x_wconf 93' lang='lat'>,</span> <span class='ocrx_word' id='word_1_87' title='bbox 1005 974 1139 1021; x_wconf 87' lang='lat' dir='ltr'>posse</span> <span class='ocrx_word' id='word_1_88' title='bbox 1154 968 1198 1005; x_wconf 91' lang='lat' dir='ltr'>et</span> <span class='ocrx_word' id='word_1_89' title='bbox 1219 958 1409 1022; x_wconf 87' lang='lat' dir='ltr'>digamis</span> <span class='ocrx_word' id='word_1_90' title='bbox 1434 975 1460 1006; x_wconf 84' lang='lat' dir='ltr'>a</span> <span class='ocrx_word' id='word_1_91' title='bbox 1483 974 1625 1006; x_wconf 81' lang='lat' dir='ltr'>sacer-</span> 
     </span>
     <span class='ocr_line' id='line_1_12' title="bbox 157 1033 1618 1098; baseline 0.001 -18"><span class='ocrx_word' id='word_1_92' title='bbox 157 1033 257 1081; x_wconf 90' lang='lat' dir='ltr'>dote</span> <span class='ocrx_word' id='word_1_93' title='bbox 290 1033 637 1082; x_wconf 88' lang='lat' dir='ltr'>benedictionem</span> <span class='ocrx_word' id='word_1_94' title='bbox 671 1034 914 1098; x_wconf 88' lang='lat' dir='ltr'>impertiri,</span> <span class='ocrx_word' id='word_1_95' title='bbox 952 1050 1066 1098; x_wconf 90' lang='lat' dir='ltr'>quae</span> <span class='ocrx_word' id='word_1_96' title='bbox 1098 1034 1285 1082; x_wconf 90' lang='lat' dir='ltr'>dabatur</span> <span class='ocrx_word' id='word_1_97' title='bbox 1321 1035 1618 1098; x_wconf 85' lang='lat' dir='ltr'>monogamis,</span> 
     </span>
     <span class='ocr_line' id='line_1_13' title="bbox 156 1107 1624 1173; baseline 0.001 -18"><span class='ocrx_word' id='word_1_98' title='bbox 156 1125 237 1156; x_wconf 88' lang='lat' dir='ltr'>seu</span> <span class='ocrx_word' id='word_1_99' title='bbox 271 1125 386 1156; x_wconf 91' lang='lat' dir='ltr'>anno</span> <span class='ocrx_word' id='word_1_100' title='bbox 417 1125 558 1173; x_wconf 92' lang='lat' dir='ltr'>eoque</span> <span class='ocrx_word' id='word_1_101' title='bbox 592 1107 782 1173; x_wconf 90' lang='lat' dir='ltr'>amplius</span> <span class='ocrx_word' id='word_1_102' title='bbox 817 1108 862 1154; x_wconf 91' lang='lat' dir='ltr'>in</span> <span class='ocrx_word' id='word_1_103' title='bbox 896 1108 1100 1172; x_wconf 88' lang='lat' dir='ltr'>coniugio</span> <span class='ocrx_word' id='word_1_104' title='bbox 1127 1118 1365 1157; x_wconf 59' lang='lat' dir='ltr'>transacto«.</span> <span class='ocrx_word' id='word_1_105' title='bbox 1397 1108 1515 1164; x_wconf 85' lang='lat' dir='ltr'>Quid</span> <span class='ocrx_word' id='word_1_106' title='bbox 1532 1108 1624 1157; x_wconf 85' lang='lat' dir='ltr'>cla—</span> 
     </span>
     <span class='ocr_line' id='line_1_14' title="bbox 157 1183 391 1245; baseline 0 -17"><span class='ocrx_word' id='word_1_107' title='bbox 157 1183 250 1230; x_wconf 90' lang='lat' dir='ltr'>rius</span> <span class='ocrx_word' id='word_1_108' title='bbox 265 1183 391 1245; x_wconf 56' lang='lat' dir='ltr'>(22st</span> 
     </span>
    </p>

    <p class='ocr_par' dir='ltr' id='par_1_3' title="bbox 155 1254 1624 1700">
     <span class='ocr_line' id='line_1_15' title="bbox 251 1254 1624 1323; baseline 0.001 -18"><span class='ocrx_word' id='word_1_109' title='bbox 251 1257 360 1305; x_wconf 91' lang='lat' dir='ltr'>Cum</span> <span class='ocrx_word' id='word_1_110' title='bbox 395 1258 581 1323; x_wconf 89' lang='lat' dir='ltr'>proinde</span> <span class='ocrx_word' id='word_1_111' title='bbox 614 1254 750 1316; x_wconf 86' lang='lat' dir='ltr'>salso,</span> <span class='ocrx_word' id='word_1_112' title='bbox 777 1269 825 1306; x_wconf 86' lang='lat' dir='ltr'>ut</span> <span class='ocrx_word' id='word_1_113' title='bbox 847 1259 996 1315; x_wconf 88' lang='lat' dir='ltr'>aiunt,</span> <span class='ocrx_word' id='word_1_114' title='bbox 1024 1258 1259 1323; x_wconf 74' lang='lat' dir='ltr'>supposito</span> <span class='ocrx_word' id='word_1_115' title='bbox 1290 1269 1382 1307; x_wconf 79' lang='lat' dir='ltr'>tota</span> <span class='ocrx_word' id='word_1_116' title='bbox 1411 1259 1624 1306; x_wconf 81' lang='lat' dir='ltr'>innitatur</span> 
     </span>
     <span class='ocr_line' id='line_1_16' title="bbox 156 1333 1623 1399; baseline 0.001 -19"><span class='ocrx_word' id='word_1_117' title='bbox 156 1350 272 1398; x_wconf 89' lang='lat' dir='ltr'>quae</span> <span class='ocrx_word' id='word_1_118' title='bbox 305 1345 607 1398; x_wconf 88' lang='lat' dir='ltr'>superstructa</span> <span class='ocrx_word' id='word_1_119' title='bbox 639 1344 708 1381; x_wconf 91' lang='lat' dir='ltr'>est</span> <span class='ocrx_word' id='word_1_120' title='bbox 740 1333 878 1382; x_wconf 89' lang='lat' dir='ltr'>moles</span> <span class='ocrx_word' id='word_1_121' title='bbox 921 1334 1311 1397; x_wconf 79' lang='lat' dir='ltr'>argumentationis</span> <span class='ocrx_word' id='word_1_122' title='bbox 1335 1372 1345 1391; x_wconf 93' lang='lat'>,</span> <span class='ocrx_word' id='word_1_123' title='bbox 1391 1351 1481 1399; x_wconf 86' lang='lat' dir='ltr'>qua</span> <span class='ocrx_word' id='word_1_124' title='bbox 1514 1334 1623 1382; x_wconf 91' lang='lat' dir='ltr'>Cani</span> 
     </span>
     <span class='ocr_line' id='line_1_17' title="bbox 156 1408 1624 1474; baseline 0.001 -18"><span class='ocrx_word' id='word_1_125' title='bbox 156 1418 395 1456; x_wconf 85' lang='lat' dir='ltr'>sectatores</span> <span class='ocrx_word' id='word_1_126' title='bbox 429 1409 574 1457; x_wconf 88' lang='lat' dir='ltr'>adnisi</span> <span class='ocrx_word' id='word_1_127' title='bbox 609 1419 710 1457; x_wconf 91' lang='lat' dir='ltr'>sunt</span> <span class='ocrx_word' id='word_1_128' title='bbox 743 1409 973 1457; x_wconf 86' lang='lat' dir='ltr'>ostendere</span> <span class='ocrx_word' id='word_1_129' title='bbox 1007 1427 1059 1457; x_wconf 88' lang='lat' dir='ltr'>ex</span> <span class='ocrx_word' id='word_1_130' title='bbox 1088 1409 1165 1474; x_wconf 90' lang='lat' dir='ltr'>pia</span> <span class='ocrx_word' id='word_1_131' title='bbox 1193 1410 1456 1474; x_wconf 88' lang='lat' dir='ltr'>antiquitate</span> <span class='ocrx_word' id='word_1_132' title='bbox 1487 1408 1624 1457; x_wconf 86' lang='lat' dir='ltr'>bene-</span> 
     </span>
     <span class='ocr_line' id='line_1_18' title="bbox 155 1480 1623 1549; baseline 0.001 -19"><span class='ocrx_word' id='word_1_133' title='bbox 155 1483 391 1531; x_wconf 88' lang='lat' dir='ltr'>dictionem</span> <span class='ocrx_word' id='word_1_134' title='bbox 414 1484 658 1532; x_wconf 88' lang='lat' dir='ltr'>sacerdotis</span> <span class='ocrx_word' id='word_1_135' title='bbox 681 1480 1042 1532; x_wconf 81' lang='lat' dir='ltr'>sacramentalem</span> <span class='ocrx_word' id='word_1_136' title='bbox 1066 1501 1166 1532; x_wconf 91' lang='lat' dir='ltr'>esse</span> <span class='ocrx_word' id='word_1_137' title='bbox 1180 1522 1190 1541; x_wconf 90' lang='lat'>,</span> <span class='ocrx_word' id='word_1_138' title='bbox 1213 1501 1355 1549; x_wconf 87' lang='lat' dir='ltr'>eaque</span> <span class='ocrx_word' id='word_1_139' title='bbox 1371 1501 1623 1533; x_wconf 88' lang='lat' dir='ltr'>sacramen-</span> 
     </span>
     <span class='ocr_line' id='line_1_19' title="bbox 157 1556 1624 1625; baseline 0.001 -19"><span class='ocrx_word' id='word_1_140' title='bbox 157 1569 248 1606; x_wconf 90' lang='lat' dir='ltr'>tum</span> <span class='ocrx_word' id='word_1_141' title='bbox 272 1559 427 1608; x_wconf 88' lang='lat' dir='ltr'>confici</span> <span class='ocrx_word' id='word_1_142' title='bbox 452 1559 739 1616; x_wconf 90' lang='lat' dir='ltr'>matrimonii,</span> <span class='ocrx_word' id='word_1_143' title='bbox 767 1556 854 1607; x_wconf 86' lang='lat' dir='ltr'>non</span> <span class='ocrx_word' id='word_1_144' title='bbox 876 1570 945 1608; x_wconf 90' lang='lat' dir='ltr'>est</span> <span class='ocrx_word' id='word_1_145' title='bbox 966 1559 1084 1625; x_wconf 91' lang='lat' dir='ltr'>quod</span> <span class='ocrx_word' id='word_1_146' title='bbox 1108 1559 1164 1607; x_wconf 89' lang='lat' dir='ltr'>iis</span> <span class='ocrx_word' id='word_1_147' title='bbox 1198 1559 1451 1608; x_wconf 87' lang='lat' dir='ltr'>refellendis</span> <span class='ocrx_word' id='word_1_148' title='bbox 1469 1598 1479 1617; x_wconf 90' lang='lat'>‚</span> <span class='ocrx_word' id='word_1_149' title='bbox 1508 1576 1624 1625; x_wconf 88' lang='lat' dir='ltr'>quae</span> 
     </span>
     <span class='ocr_line' id='line_1_20' title="bbox 156 1635 1101 1700; baseline -0.001 -18"><span class='ocrx_word' id='word_1_150' title='bbox 156 1635 383 1700; x_wconf 87' lang='lat' dir='ltr'>proposita</span> <span class='ocrx_word' id='word_1_151' title='bbox 423 1646 552 1692; x_wconf 91' lang='lat' dir='ltr'>sunt,</span> <span class='ocrx_word' id='word_1_152' title='bbox 596 1635 763 1683; x_wconf 88' lang='lat' dir='ltr'>diutius</span> <span class='ocrx_word' id='word_1_153' title='bbox 803 1635 1101 1683; x_wconf 86' lang='lat' dir='ltr'>immoremur.</span> 
     </span>
    </p>

    <p class='ocr_par' dir='ltr' id='par_1_4' title="bbox 158 1710 1625 2453">
     <span class='ocr_line' id='line_1_21' title="bbox 251 1710 1625 1775; baseline 0 -17"><span class='ocrx_word' id='word_1_154' title='bbox 251 1711 340 1759; x_wconf 89' lang='lat' dir='ltr'>Nec</span> <span class='ocrx_word' id='word_1_155' title='bbox 372 1711 564 1759; x_wconf 91' lang='lat' dir='ltr'>verenda</span> <span class='ocrx_word' id='word_1_156' title='bbox 597 1710 701 1759; x_wconf 86' lang='lat' dir='ltr'>sunt</span> <span class='ocrx_word' id='word_1_157' title='bbox 733 1711 822 1758; x_wconf 90' lang='lat' dir='ltr'>duo</span> <span class='ocrx_word' id='word_1_158' title='bbox 854 1710 953 1767; x_wconf 88' lang='lat' dir='ltr'>illa,</span> <span class='ocrx_word' id='word_1_159' title='bbox 992 1728 1106 1775; x_wconf 91' lang='lat' dir='ltr'>quae</span> <span class='ocrx_word' id='word_1_160' title='bbox 1139 1721 1318 1774; x_wconf 89' lang='lat' dir='ltr'>urgent,</span> <span class='ocrx_word' id='word_1_161' title='bbox 1347 1711 1625 1759; x_wconf 90' lang='lat' dir='ltr'>incommoda</span> 
     </span>
     <span class='ocr_line' id='line_1_22' title="bbox 158 1785 1625 1851; baseline 0.001 -20"><span class='ocrx_word' id='word_1_162' title='bbox 158 1785 233 1832; x_wconf 83' lang='lat' dir='ltr'>isti</span> <span class='ocrx_word' id='word_1_163' title='bbox 280 1785 488 1850; x_wconf 81' lang='lat' dir='ltr'>theologi.</span> <span class='ocrx_word' id='word_1_164' title='bbox 534 1787 629 1834; x_wconf 93' lang='lat' dir='ltr'>Non</span> <span class='ocrx_word' id='word_1_165' title='bbox 675 1786 865 1851; x_wconf 89' lang='lat' dir='ltr'>primum</span> <span class='ocrx_word' id='word_1_166' title='bbox 894 1824 903 1842; x_wconf 90' lang='lat'><strong>‚</strong></span> <span class='ocrx_word' id='word_1_167' title='bbox 948 1786 1068 1851; x_wconf 89' lang='lat' dir='ltr'>quod</span> <span class='ocrx_word' id='word_1_168' title='bbox 1112 1786 1280 1833; x_wconf 87' lang='lat' dir='ltr'>scilicet</span> <span class='ocrx_word' id='word_1_169' title='bbox 1325 1785 1455 1833; x_wconf 81' lang='lat' dir='ltr'>nullo¹</span> <span class='ocrx_word' id='word_1_170' title='bbox 1493 1785 1625 1833; x_wconf 89' lang='lat' dir='ltr'>modo</span> 
     </span>
     <span class='ocr_line' id='line_1_23' title="bbox 160 1850 1623 1927; baseline -0.001 -19"><span class='ocrx_word' id='word_1_171' title='bbox 160 1860 268 1908; x_wconf 87' lang='lat' dir='ltr'>ratio</span> <span class='ocrx_word' id='word_1_172' title='bbox 304 1861 436 1909; x_wconf 81' lang='lat' dir='ltr'>,reddi</span> <span class='ocrx_word' id='word_1_173' title='bbox 478 1850 655 1927; x_wconf 85' lang='lat' dir='ltr'>posset,</span> <span class='ocrx_word' id='word_1_174' title='bbox 694 1879 831 1926; x_wconf 89' lang='lat' dir='ltr'>quare</span> <span class='ocrx_word' id='word_1_175' title='bbox 859 1861 1027 1926; x_wconf 41' lang='lat' dir='ltr'>&#39;patres&#39;</span> <span class='ocrx_word' id='word_1_176' title='bbox 1057 1872 1100 1909; x_wconf 91' lang='lat' dir='ltr'>et</span> <span class='ocrx_word' id='word_1_177' title='bbox 1131 1861 1318 1910; x_wconf 88' lang='lat' dir='ltr'>concilia</span> <span class='ocrx_word' id='word_1_178' title='bbox 1357 1871 1420 1908; x_wconf 90' lang='lat' dir='ltr'>tot</span> <span class='ocrx_word' id='word_1_179' title='bbox 1456 1860 1623 1908; x_wconf 83' lang='lat' dir='ltr'>extule-</span> 
     </span>
     <span class='ocr_line' id='line_1_24' title="bbox 158 1936 1624 1994; baseline -0.001 -11"><span class='ocrx_word' id='word_1_180' title='bbox 158 1936 247 1984; x_wconf 88' lang='lat' dir='ltr'>rint</span> <span class='ocrx_word' id='word_1_181' title='bbox 268 1936 473 1986; x_wconf 91' lang='lat' dir='ltr'>laudibus</span> <span class='ocrx_word' id='word_1_182' title='bbox 495 1938 847 1986; x_wconf 88' lang='lat' dir='ltr'>benedictionem</span> <span class='ocrx_word' id='word_1_183' title='bbox 880 1937 1221 1994; x_wconf 85' lang='lat' dir='ltr'>sacerdotalem,</span> <span class='ocrx_word' id='word_1_184' title='bbox 1249 1938 1287 1984; x_wconf 91' lang='lat' dir='ltr'>si</span> <span class='ocrx_word' id='word_1_185' title='bbox 1313 1952 1410 1984; x_wconf 80' lang='lat' dir='ltr'>earn</span> <span class='ocrx_word' id='word_1_186' title='bbox 1445 1936 1624 1983; x_wconf 89' lang='lat' dir='ltr'>nonnisi</span> 
     </span>
     <span class='ocr_line' id='line_1_25' title="bbox 160 2011 1623 2078; baseline 0 -20"><span class='ocrx_word' id='word_1_187' title='bbox 160 2012 223 2059; x_wconf 92' lang='lat' dir='ltr'>uti</span> <span class='ocrx_word' id='word_1_188' title='bbox 258 2012 389 2059; x_wconf 90' lang='lat' dir='ltr'>ritum</span> <span class='ocrx_word' id='word_1_189' title='bbox 422 2024 466 2060; x_wconf 92' lang='lat' dir='ltr'>et</span> <span class='ocrx_word' id='word_1_190' title='bbox 498 2014 788 2062; x_wconf 91' lang='lat' dir='ltr'>ceremoniam</span> <span class='ocrx_word' id='word_1_191' title='bbox 827 2030 1010 2062; x_wconf 84' lang='lat' dir='ltr'>vacuam</span> <span class='ocrx_word' id='word_1_192' title='bbox 1052 2023 1356 2078; x_wconf 89' lang='lat' dir='ltr'>spectassent;</span> <span class='ocrx_word' id='word_1_193' title='bbox 1402 2011 1623 2076; x_wconf 90' lang='lat' dir='ltr'>siquidem</span> 
     </span>
     <span class='ocr_line' id='line_1_26' title="bbox 159 2087 1624 2152; baseline 0 -18"><span class='ocrx_word' id='word_1_194' title='bbox 159 2104 239 2135; x_wconf 91' lang='lat' dir='ltr'>nos</span> <span class='ocrx_word' id='word_1_195' title='bbox 273 2087 453 2152; x_wconf 89' lang='lat' dir='ltr'>prolatis</span> <span class='ocrx_word' id='word_1_196' title='bbox 487 2089 760 2137; x_wconf 88' lang='lat' dir='ltr'>documentis</span> <span class='ocrx_word' id='word_1_197' title='bbox 799 2089 1011 2138; x_wconf 87' lang='lat' dir='ltr'>rationem</span> <span class='ocrx_word' id='word_1_198' title='bbox 1050 2089 1224 2138; x_wconf 88' lang='lat' dir='ltr'>obviam</span> <span class='ocrx_word' id='word_1_199' title='bbox 1257 2088 1392 2135; x_wconf 90' lang='lat' dir='ltr'>huius</span> <span class='ocrx_word' id='word_1_200' title='bbox 1427 2087 1489 2134; x_wconf 91' lang='lat' dir='ltr'>rei</span> <span class='ocrx_word' id='word_1_201' title='bbox 1524 2087 1624 2134; x_wconf 90' lang='lat' dir='ltr'>red—</span> 
     </span>
     <span class='ocr_line' id='line_1_27' title="bbox 160 2162 1625 2229; baseline 0.001 -20"><span class='ocrx_word' id='word_1_202' title='bbox 160 2163 353 2210; x_wconf 89' lang='lat' dir='ltr'>didimus</span> <span class='ocrx_word' id='word_1_203' title='bbox 394 2180 580 2229; x_wconf 89' lang='lat' dir='ltr'>eamque</span> <span class='ocrx_word' id='word_1_204' title='bbox 618 2164 926 2228; x_wconf 90' lang='lat' dir='ltr'>multiplicem,</span> <span class='ocrx_word' id='word_1_205' title='bbox 966 2165 1074 2229; x_wconf 89' lang='lat' dir='ltr'>quin</span> <span class='ocrx_word' id='word_1_206' title='bbox 1109 2180 1365 2226; x_wconf 83' lang='lat' dir='ltr'>cogeremur</span> <span class='ocrx_word' id='word_1_207' title='bbox 1403 2162 1625 2210; x_wconf 83' lang='lat' dir='ltr'>affirmare</span> 
     </span>
     <span class='ocr_line' id='line_1_28' title="bbox 160 2236 1619 2303; baseline -0.001 -17"><span class='ocrx_word' id='word_1_208' title='bbox 160 2248 309 2286; x_wconf 88' lang='lat' dir='ltr'>contra</span> <span class='ocrx_word' id='word_1_209' title='bbox 340 2249 537 2303; x_wconf 88' lang='lat' dir='ltr'>apertam</span> <span class='ocrx_word' id='word_1_210' title='bbox 569 2239 793 2287; x_wconf 87' lang='lat' dir='ltr'>veritatem</span> <span class='ocrx_word' id='word_1_211' title='bbox 828 2240 890 2287; x_wconf 88' lang='lat' dir='ltr'>ita</span> <span class='ocrx_word' id='word_1_212' title='bbox 922 2250 1072 2303; x_wconf 84' lang='lat' dir='ltr'>patres</span> <span class='ocrx_word' id='word_1_213' title='bbox 1104 2256 1154 2286; x_wconf 90' lang='lat' dir='ltr'>se</span> <span class='ocrx_word' id='word_1_214' title='bbox 1186 2238 1402 2302; x_wconf 82' lang='lat' dir='ltr'>gessisse,</span> <span class='ocrx_word' id='word_1_215' title='bbox 1431 2236 1550 2303; x_wconf 83' lang='lat' dir='ltr'>quod</span> <span class='ocrx_word' id='word_1_216' title='bbox 1574 2238 1619 2285; x_wconf 93' lang='lat' dir='ltr'>in</span> 
     </span>
     <span class='ocr_line' id='line_1_29' title="bbox 159 2313 1624 2378; baseline 0 -17"><span class='ocrx_word' id='word_1_217' title='bbox 159 2313 401 2362; x_wconf 88' lang='lat' dir='ltr'>sacerdotis</span> <span class='ocrx_word' id='word_1_218' title='bbox 425 2314 732 2362; x_wconf 83' lang='lat' dir='ltr'>benedictione</span> <span class='ocrx_word' id='word_1_219' title='bbox 754 2313 923 2378; x_wconf 84' lang='lat' dir='ltr'>partem</span> <span class='ocrx_word' id='word_1_220' title='bbox 940 2313 1220 2362; x_wconf 88' lang='lat' dir='ltr'>essentialem</span> <span class='ocrx_word' id='word_1_221' title='bbox 1244 2314 1505 2362; x_wconf 86' lang='lat' dir='ltr'>sacramenti</span> <span class='ocrx_word' id='word_1_222' title='bbox 1530 2329 1624 2361; x_wconf 86' lang='lat' dir='ltr'>ma-</span> 
     </span>
     <span class='ocr_line' id='line_1_30' title="bbox 160 2388 1625 2453; baseline 0.001 -18"><span class='ocrx_word' id='word_1_223' title='bbox 160 2389 351 2437; x_wconf 89' lang='lat' dir='ltr'>trimonii</span> <span class='ocrx_word' id='word_1_224' title='bbox 385 2390 665 2453; x_wconf 86' lang='lat' dir='ltr'>agnoverint;</span> <span class='ocrx_word' id='word_1_225' title='bbox 704 2390 906 2438; x_wconf 67' lang='lat' dir='ltr'>rationesv</span> <span class='ocrx_word' id='word_1_226' title='bbox 930 2406 1033 2438; x_wconf 88' lang='lat' dir='ltr'>vero</span> <span class='ocrx_word' id='word_1_227' title='bbox 1065 2388 1281 2437; x_wconf 87' lang='lat' dir='ltr'>eiusmodi</span> <span class='ocrx_word' id='word_1_228' title='bbox 1314 2398 1419 2438; x_wconf 90' lang='lat' dir='ltr'>sunt</span> <span class='ocrx_word' id='word_1_229' title='bbox 1449 2398 1542 2436; x_wconf 90' lang='lat' dir='ltr'>tum</span> <span class='ocrx_word' id='word_1_230' title='bbox 1575 2398 1625 2436; x_wconf 94' lang='lat' dir='ltr'>ut</span> 
     </span>
    </p>
   </div>
   <div class='ocr_carea' id='block_1_3' title="bbox 160 2527 1627 2779">
    <p class='ocr_par' dir='ltr' id='par_1_5' title="bbox 160 2527 1627 2779">
     <span class='ocr_line' id='line_1_31' title="bbox 256 2527 1624 2571; baseline -0.002 -8"><span class='ocrx_word' id='word_1_231' title='bbox 256 2529 322 2571; x_wconf 85' lang='lat'>(22)</span> <span class='ocrx_word' id='word_1_232' title='bbox 343 2530 396 2563; x_wconf 89' lang='lat' dir='ltr'>Sic</span> <span class='ocrx_word' id='word_1_233' title='bbox 407 2531 492 2563; x_wconf 82' lang='lat' dir='ltr'>enirn</span> <span class='ocrx_word' id='word_1_234' title='bbox 505 2531 618 2564; x_wconf 84' lang='lat' dir='ltr'>scribit</span> <span class='ocrx_word' id='word_1_235' title='bbox 630 2530 816 2563; x_wconf 85' lang='lat' dir='ltr'>Theodorus</span> <span class='ocrx_word' id='word_1_236' title='bbox 829 2531 891 2563; x_wconf 89' lang='lat' dir='ltr'>loc.</span> <span class='ocrx_word' id='word_1_237' title='bbox 902 2530 1040 2571; x_wconf 59' lang='lat' dir='ltr'>cibpag.</span> <span class='ocrx_word' id='word_1_238' title='bbox 1054 2532 1125 2563; x_wconf 78' lang='grc'><strong>354.</strong></span> <span class='ocrx_word' id='word_1_239' title='bbox 1137 2542 1152 2558; x_wconf 75' lang='grc' dir='ltr'>ιι</span> <span class='ocrx_word' id='word_1_240' title='bbox 1162 2529 1238 2562; x_wconf 85' lang='lat' dir='ltr'>Post</span> <span class='ocrx_word' id='word_1_241' title='bbox 1248 2536 1347 2570; x_wconf 79' lang='lat' dir='ltr'>quam</span> <span class='ocrx_word' id='word_1_242' title='bbox 1359 2527 1624 2569; x_wconf 77' lang='lat' dir='ltr'>(poenitentiam)</span> 
     </span>
     <span class='ocr_line' id='line_1_32' title="bbox 160 2580 1622 2624; baseline 0 -12"><span class='ocrx_word' id='word_1_243' title='bbox 160 2582 192 2612; x_wconf 85' lang='lat' dir='ltr'>et</span> <span class='ocrx_word' id='word_1_244' title='bbox 212 2581 396 2615; x_wconf 88' lang='lat' dir='ltr'>divinorum</span> <span class='ocrx_word' id='word_1_245' title='bbox 414 2591 584 2616; x_wconf 88' lang='lat' dir='ltr'>munerum</span> <span class='ocrx_word' id='word_1_246' title='bbox 607 2582 885 2624; x_wconf 86' lang='lat' dir='ltr'>participationem</span> <span class='ocrx_word' id='word_1_247' title='bbox 903 2581 1069 2614; x_wconf 81' lang='lat' dir='ltr'>obtineant</span> <span class='ocrx_word' id='word_1_248' title='bbox 1084 2581 1225 2622; x_wconf 87' lang='lat' dir='ltr'>(digami</span> <span class='ocrx_word' id='word_1_249' title='bbox 1238 2581 1261 2621; x_wconf 87' lang='lat'>):</span> <span class='ocrx_word' id='word_1_250' title='bbox 1277 2580 1416 2621; x_wconf 82' lang='lat' dir='ltr'>indeque</span> <span class='ocrx_word' id='word_1_251' title='bbox 1430 2580 1622 2613; x_wconf 85' lang='lat' dir='ltr'>benedictio-</span> 
     </span>
     <span class='ocr_line' id='line_1_33' title="bbox 161 2631 1623 2675; baseline 0.001 -12"><span class='ocrx_word' id='word_1_252' title='bbox 161 2640 233 2663; x_wconf 85' lang='lat' dir='ltr'>nem</span> <span class='ocrx_word' id='word_1_253' title='bbox 258 2633 348 2667; x_wconf 69' lang='lat' dir='ltr'>velut</span> <span class='ocrx_word' id='word_1_254' title='bbox 367 2634 402 2666; x_wconf 85' lang='lat' dir='ltr'>in</span> <span class='ocrx_word' id='word_1_255' title='bbox 422 2635 628 2667; x_wconf 77' lang='lat' dir='ltr'>coronatione</span> <span class='ocrx_word' id='word_1_256' title='bbox 647 2635 792 2668; x_wconf 72' lang='lat' dir='ltr'>inferiori</span> <span class='ocrx_word' id='word_1_257' title='bbox 812 2633 954 2675; x_wconf 81' lang='lat' dir='ltr'>quodam</span> <span class='ocrx_word' id='word_1_258' title='bbox 981 2633 1078 2666; x_wconf 85' lang='lat' dir='ltr'>modo</span> <span class='ocrx_word' id='word_1_259' title='bbox 1094 2634 1166 2674; x_wconf 85' lang='lat' dir='ltr'>post</span> <span class='ocrx_word' id='word_1_260' title='bbox 1180 2632 1424 2674; x_wconf 75' lang='lat' dir='ltr'>indulgentiam.</span> <span class='ocrx_word' id='word_1_261' title='bbox 1440 2631 1623 2665; x_wconf 78' lang='lat' dir='ltr'>Benedictio</span> 
     </span>
     <span class='ocr_line' id='line_1_34' title="bbox 161 2684 1625 2728; baseline 0.001 -13"><span class='ocrx_word' id='word_1_262' title='bbox 161 2684 247 2716; x_wconf 86' lang='lat' dir='ltr'>enim</span> <span class='ocrx_word' id='word_1_263' title='bbox 262 2687 311 2717; x_wconf 64' lang='lat' dir='ltr'>est</span> <span class='ocrx_word' id='word_1_264' title='bbox 324 2695 454 2726; x_wconf 74' lang='lat' dir='ltr'>munuS,</span> <span class='ocrx_word' id='word_1_265' title='bbox 466 2688 537 2719; x_wconf 87' lang='lat' dir='ltr'>tum</span> <span class='ocrx_word' id='word_1_266' title='bbox 551 2687 649 2720; x_wconf 88' lang='lat' dir='ltr'>etiam</span> <span class='ocrx_word' id='word_1_267' title='bbox 663 2689 696 2720; x_wconf 89' lang='lat' dir='ltr'>et</span> <span class='ocrx_word' id='word_1_268' title='bbox 708 2687 870 2728; x_wconf 80' lang='lat' dir='ltr'>specimen</span> <span class='ocrx_word' id='word_1_269' title='bbox 883 2686 1120 2719; x_wconf 84' lang='lat' dir='ltr'>coniunctionis</span> <span class='ocrx_word' id='word_1_270' title='bbox 1133 2694 1189 2727; x_wconf 82' lang='lat' dir='ltr'>per</span> <span class='ocrx_word' id='word_1_271' title='bbox 1203 2684 1420 2726; x_wconf 65' lang='lat' dir='ltr'>saocrctotun,</span> <span class='ocrx_word' id='word_1_272' title='bbox 1430 2693 1469 2717; x_wconf 81' lang='lat' dir='ltr'>eo</span> <span class='ocrx_word' id='word_1_273' title='bbox 1481 2684 1570 2726; x_wconf 85' lang='lat' dir='ltr'>quod</span> <span class='ocrx_word' id='word_1_274' title='bbox 1583 2693 1625 2717; x_wconf 79' lang='lat' dir='ltr'>ex</span> 
     </span>
     <span class='ocr_line' id='line_1_35' title="bbox 162 2735 1627 2779; baseline 0.001 -12"><span class='ocrx_word' id='word_1_275' title='bbox 162 2743 200 2767; x_wconf 87' lang='lat' dir='ltr'>eo</span> <span class='ocrx_word' id='word_1_276' title='bbox 217 2735 358 2777; x_wconf 85' lang='lat' dir='ltr'>tempore</span> <span class='ocrx_word' id='word_1_277' title='bbox 372 2746 437 2770; x_wconf 91' lang='lat' dir='ltr'>non</span> <span class='ocrx_word' id='word_1_278' title='bbox 451 2738 661 2779; x_wconf 85' lang='lat' dir='ltr'>prohibentur</span> <span class='ocrx_word' id='word_1_279' title='bbox 683 2747 756 2771; x_wconf 87' lang='lat' dir='ltr'>cum</span> <span class='ocrx_word' id='word_1_280' title='bbox 778 2738 819 2770; x_wconf 86' lang='lat' dir='ltr'>iis</span> <span class='ocrx_word' id='word_1_281' title='bbox 830 2763 839 2777; x_wconf 89' lang='lat'>,</span> <span class='ocrx_word' id='word_1_282' title='bbox 856 2739 911 2779; x_wconf 90' lang='lat' dir='ltr'>qui</span> <span class='ocrx_word' id='word_1_283' title='bbox 926 2738 968 2770; x_wconf 77' lang='lat' dir='ltr'>ad</span> <span class='ocrx_word' id='word_1_284' title='bbox 984 2736 1141 2770; x_wconf 83' lang='lat' dir='ltr'>secundas</span> <span class='ocrx_word' id='word_1_285' title='bbox 1163 2736 1347 2777; x_wconf 82' lang='lat' dir='ltr'>convolant,</span> <span class='ocrx_word' id='word_1_286' title='bbox 1363 2736 1528 2777; x_wconf 76' lang='lat' dir='ltr'>convesci,</span> <span class='ocrx_word' id='word_1_287' title='bbox 1558 2746 1627 2769; x_wconf 82' lang='lat' dir='ltr'>non</span> 
     </span>
    </p>
   </div>
   <div class='ocr_carea' id='block_1_4' title="bbox 163 2788 1560 2868">
    <p class='ocr_par' dir='ltr' id='par_1_6' title="bbox 163 2788 1560 2868">
     <span class='ocr_line' id='line_1_36' title="bbox 163 2788 701 2830; baseline 0.006 -12"><span class='ocrx_word' id='word_1_288' title='bbox 163 2794 254 2818; x_wconf 84' lang='lat' dir='ltr'>secus</span> <span class='ocrx_word' id='word_1_289' title='bbox 268 2788 363 2829; x_wconf 83' lang='lat' dir='ltr'>atque</span> <span class='ocrx_word' id='word_1_290' title='bbox 380 2797 453 2821; x_wconf 83' lang='lat' dir='ltr'>cum</span> <span class='ocrx_word' id='word_1_291' title='bbox 468 2790 701 2830; x_wconf 79' lang='lat' dir='ltr'>monogamis.»</span> 
     </span>
     <span class='ocr_line' id='line_1_37' title="bbox 1532 2840 1560 2868; baseline 0 0"><span class='ocrx_word' id='word_1_292' title='bbox 1532 2840 1560 2868; x_wconf 67' lang='lat' dir='ltr'>:ik</span> 
     </span>
    </p>
   </div>
  </div>
 </body>
</html>
