1918 3186
343 198 400 245 92
599 212 678 244 un.
709 211 738 242 1.
768 209 880 242 secr.
908 209 940 238 ι.
969 208 1021 240 m:
1055 208 1226 242 unium.
1250 209 1532 242 SAanussNro.
1584 221 1587 224 -

337 278 471 339 stram
495 299 538 336 et
560 289 785 335 insinuare
819 285 1048 344 fidelibus,
1075 296 1118 334 et
1141 288 1331 351 graviter
1364 287 1421 334 ab
1455 287 1704 336 infidelium
1732 305 1808 337 ca-

338 366 521 414 lumniis
555 363 796 411 vindicare.

437 438 666 486 Eiusmodi
702 447 804 485 sunt
837 449 1115 501 argumenta,
1153 456 1267 503 quae
1290 457 1343 486 ex
1373 438 1643 502 theologicae
1676 439 1807 486 disci-

341 515 491 580 plinae
523 531 641 578 penu
674 513 819 560 attulit
849 513 996 561 Canus
1031 514 1087 560 ad
1122 531 1248 561 suam
1284 514 1546 561 firmandam
1583 513 1808 561 stabilien-

341 591 533 655 damque
557 588 819 636 sententiam
842 588 898 635 de
920 588 1130 636 connubii
1153 589 1384 636 christiani
1410 589 1635 646 ministro,
1663 589 1808 654 deque

339 665 622 713 distinctione
656 663 888 728 profanum
922 663 1035 710 inter
1068 680 1119 710 ac
1151 663 1325 712 civilem
1359 674 1647 720 contractum,
1676 673 1719 711 et
1743 680 1810 711 sa-

338 749 609 788 cramentum
633 739 747 786 inter
769 738 939 786 fideles.
962 737 1061 794 His,
1090 754 1204 802 quae
1232 756 1286 785 ex
1308 738 1428 787 Cano
1453 739 1698 797 retulimus,
1729 738 1807 803 qui

341 815 439 863 eius
473 814 727 880 opinionem
764 813 939 878 sequuti
975 821 1078 859 sunt
1100 829 1188 860 non
1212 830 1353 878 pauca
1375 814 1653 870 adiecerunt,
1691 830 1806 878 quae

342 889 608 954 negligenda
639 889 824 936 minime
857 905 955 935 esse
989 888 1263 936 censuimus.

435 966 675 1030 Praecipua
702 965 812 1012 haec
845 973 969 1020 sunt;
1007 963 1193 1011 ecclesia
1227 963 1469 1029 aliquando
1502 964 1725 1028 indulget,
1759 973 1809 1012 ut

340 1042 546 1105 coniugia
567 1041 703 1088 mixta
727 1041 841 1087 inter
863 1038 1126 1087 catholicum
1144 1049 1187 1086 et
1204 1040 1491 1088 acatholicam
1515 1040 1804 1097 celebrentur,

341 1127 385 1165 et
415 1117 641 1164 viceversa
673 1116 787 1162 inter
819 1113 1110 1162 acatholicum
1143 1124 1186 1162 et
1217 1115 1502 1172 catholicam;
1530 1115 1619 1162 iam
1641 1131 1746 1162 vero
1768 1114 1808 1162 si

343 1192 650 1240 contrahentes
683 1200 834 1239 essent
865 1190 1001 1238 huius
1036 1191 1297 1237 sacramenti
1332 1190 1547 1247 ministri,
1576 1191 1622 1236 in
1647 1190 1811 1255 duplex

344 1269 617 1316 incurrerent
649 1266 929 1329 sacrilegium
945 1304 955 1323 ,
984 1265 1102 1331 quod
1126 1265 1331 1313 alteruter
1352 1283 1377 1313 e
1399 1266 1575 1314 duobus
1598 1275 1805 1331 patraret.

439 1344 638 1400 Addunt,
666 1342 796 1389 talem
819 1359 1085 1390 consensum
1105 1359 1184 1407 per
1200 1342 1329 1405 signa
1351 1352 1530 1389 externa
1551 1358 1810 1406 expressum

344 1419 466 1467 baud
499 1436 599 1467 esse
631 1435 763 1483 posse
797 1417 1056 1465 sacramenti
1091 1417 1276 1464 formam
1300 1417 1405 1464 inde
1427 1427 1576 1482 aperte
1609 1417 1805 1474 suaderi,

344 1493 464 1559 quod
499 1504 599 1541 ante
631 1492 920 1541 tridentinum
948 1491 1107 1556 copula
1131 1486 1358 1555 sponsalia
1387 1492 1665 1557 subsequens
1689 1508 1811 1556 prae—

343 1571 596 1636 sumptione
630 1570 739 1616 iuris
765 1568 878 1616 etde
903 1569 994 1614 iure
1027 1567 1254 1632 perficeret
1285 1569 1639 1624 matrimonium;
1682 1584 1812 1615 nemo

341 1639 471 1713 porro
513 1647 603 1694 nisi
648 1645 841 1694 absurde
885 1644 1044 1691 dixerit
1085 1644 1200 1692 hanc
1231 1643 1369 1692 fuisse
1412 1644 1673 1692 sacramenti
1724 1643 1812 1691 for-

346 1740 464 1771 mam
486 1724 602 1785 (19).
661 1715 665 1718 ”

442 1800 689 1855 Praeterea;
723 1808 844 1846 extra
875 1814 1050 1845 omnem
1074 1797 1163 1844 sere
1185 1796 1527 1844 controversiam
1562 1806 1650 1852 est,
1688 1794 1810 1842 haud

345 1891 489 1940 pauca
532 1875 872 1923 christianorum
915 1873 1118 1937 coniugia
1166 1873 1416 1920 necessario
1461 1887 1698 1936 exposcere
1741 1870 1812 1917 di-

348 1943 627 1998 stinctionem
669 1950 782 1997 inter
825 1959 1091 1997 contractum
1132 1958 1175 1996 et
1216 1957 1537 1995 sacramentum
1555 1985 1565 2003 ,
1610 1946 1810 2011 adeoque

346 2042 434 2073 non
452 2026 601 2074 omnia
618 2025 959 2073 christianorum
977 2024 1258 2071 matrimonia
1273 2040 1377 2071 vera
1394 2040 1493 2070 esse
1512 2031 1784 2069 sacramenta
1797 2059 1807 2079 ,

350 2112 478 2166 prout
510 2102 801 2159 contendunt,
839 2102 915 2167 qui
949 2101 1254 2149 contrahentes
1288 2100 1514 2147 ministros
1547 2116 1646 2146 esse
1678 2098 1811 2145 huius

348 2178 611 2225 sacramenti
630 2188 872 2225 autumant.
901 2177 1074 2225 Etenim
1098 2177 1202 2224 talia
1224 2176 1446 2224 censenda
1469 2185 1571 2222 sunt
1591 2191 1667 2230 ea,
1694 2191 1811 2238 quae

346 2263 449 2300 ante
466 2253 751 2300 tridentinum
769 2253 1039 2310 obtinebant,
1056 2270 1260 2317 quaeque
1276 2252 1424 2308 tacita,
1437 2269 1515 2298 seu
1529 2259 1812 2314 praesumpta

345 2327 632 2385 vocabantur,
659 2338 708 2375 ut
730 2329 775 2374 in
799 2328 948 2393 specie
970 2346 1068 2393 cap.
1092 2329 1178 2374 XV.
1203 2329 1279 2374 21.
1302 2326 1401 2374 coll.
1423 2325 1531 2371 XIV.
1555 2341 1652 2388 cap.
1673 2325 1804 2370 XXX.

348 2414 391 2451 et
423 2404 594 2451 XXXII.
625 2405 688 2451 De
720 2399 1016 2468 Sponsalibus‚·
1053 2404 1161 2451 haec
1201 2414 1346 2450 autem
1378 2401 1628 2450 oriebantur
1672 2400 1811 2463 potis-

346 2480 507 2527 simum
540 2497 594 2527 ex
626 2480 835 2527 diuturna
867 2497 1017 2527 eorum
1050 2479 1395 2535 cohabitatione,
1425 2477 1503 2542 qui
1527 2486 1677 2523 mutuo
1710 2474 1810 2523 sese

346 2555 557 2604 haberent
579 2567 803 2621 tamquam
825 2556 968 2604 virum
992 2565 1034 2602 et
1055 2571 1250 2602 uxorem.
1276 2554 1372 2609 Quo
1395 2553 1441 2598 in
1465 2569 1572 2600 casu
1594 2568 1722 2598 nemo
1746 2551 1810 2598 fa-

347 2630 431 2678 cile
459 2632 666 2697 percipit,
699 2631 916 2698 quomodo
931 2670 941 2690 ,
967 2630 1035 2680 vel
1060 2647 1147 2696 quo
1170 2640 1366 2695 tempore
1389 2638 1710 2677 sacramentum
1734 2638 1810 2675 aut

440 2754 506 2794 (19)
525 2755 575 2786 Ita
587 2756 693 2788 carol.
711 2756 842 2789 Blascus
855 2756 890 2788 in
903 2764 956 2797 op.
973 2753 1133 2796 opuscoli
1147 2754 1303 2786 canonici
1313 2754 1433 2785 stortci
1445 2753 1570 2786 critici.
1584 2751 1699 2793 Napoli
1717 2753 1805 2784 1758.

348 2805 427 2838 tom.
445 2807 471 2839 1.
486 2806 631 2840 Dian-iba
641 2809 682 2840 V.
700 2810 749 2841 De
759 2807 919 2842 secundis
938 2808 1070 2849 nuptiis
1083 2815 1152 2848 pag.
1172 2810 1230 2839 252
1247 2813 1336 2846 seqq.
