<?xml version="1.0" encoding="UTF-8"?>
<!DOCTYPE html PUBLIC "-//W3C//DTD XHTML 1.0 Transitional//EN"
    "http://www.w3.org/TR/xhtml1/DTD/xhtml1-transitional.dtd">
<html xmlns="http://www.w3.org/1999/xhtml" xml:lang="en" lang="en">
 <head>
  <title>
</title>
<meta http-equiv="Content-Type" content="text/html;charset=utf-8" />
  <meta name='ocr-system' content='tesseract 3.04.00' />
  <meta name='ocr-capabilities' content='ocr_page ocr_carea ocr_par ocr_line ocrx_word'/>
</head>
<body>
  <div class='ocr_page' id='page_1' title='image "a603380701perruoft_0181.png"; bbox 0 0 1918 3186; ppageno 0'>
   <div class='ocr_carea' id='block_1_1' title="bbox 267 190 1603 235">
    <p class='ocr_par' dir='ltr' id='par_1_1' title="bbox 267 190 1603 235">
     <span class='ocr_line' id='line_1_1' title="bbox 267 190 1603 235; baseline 0.001 -2"><span class='ocrx_word' id='word_1_1' title='bbox 267 202 355 233; x_wconf 58' lang='lat' dir='ltr'>cir.</span> <span class='ocrx_word' id='word_1_2' title='bbox 380 202 421 232; x_wconf 87' lang='lat' dir='ltr'>v.</span> <span class='ocrx_word' id='word_1_3' title='bbox 447 202 498 233; x_wconf 83' lang='lat' dir='ltr'>nr.</span> <span class='ocrx_word' id='word_1_4' title='bbox 524 201 679 233; x_wconf 73' lang='lat' dir='ltr'>nlius‘r.</span> <span class='ocrx_word' id='word_1_5' title='bbox 704 200 909 232; x_wconf 71' lang='lat' dir='ltr'>con&#39;rnffl.</span> <span class='ocrx_word' id='word_1_6' title='bbox 935 202 1027 232; x_wconf 74' lang='grc' dir='ltr'>Αιιι.</span> <span class='ocrx_word' id='word_1_7' title='bbox 1051 201 1112 233; x_wconf 90' lang='grc' dir='ltr'>ιιι.</span> <span class='ocrx_word' id='word_1_8' title='bbox 1131 202 1234 234; x_wconf 72' lang='lat' dir='ltr'>Alio:</span> <span class='ocrx_word' id='word_1_9' title='bbox 1256 203 1405 235; x_wconf 71' lang='lat' dir='ltr'>runci..</span> <span class='ocrx_word' id='word_1_10' title='bbox 1513 190 1603 234; x_wconf 76' lang='lat'>159</span> 
     </span>
    </p>
   </div>
   <div class='ocr_carea' id='block_1_2' title="bbox 112 278 1611 2404">
    <p class='ocr_par' dir='ltr' id='par_1_2' title="bbox 121 278 1611 1014">
     <span class='ocr_line' id='line_1_2' title="bbox 127 278 1603 337; baseline 0.001 -11"><span class='ocrx_word' id='word_1_11' title='bbox 127 296 271 327; x_wconf 90' lang='lat' dir='ltr'>meros</span> <span class='ocrx_word' id='word_1_12' title='bbox 301 289 551 326; x_wconf 88' lang='lat' dir='ltr'>contractus</span> <span class='ocrx_word' id='word_1_13' title='bbox 570 317 579 335; x_wconf 89' lang='lat'>,</span> <span class='ocrx_word' id='word_1_14' title='bbox 602 280 703 326; x_wconf 86' lang='lat' dir='ltr'>sive</span> <span class='ocrx_word' id='word_1_15' title='bbox 730 278 952 325; x_wconf 80' lang='lat' dir='ltr'><strong>naturales</strong></span> <span class='ocrx_word' id='word_1_16' title='bbox 967 317 976 335; x_wconf 95' lang='lat'>,</span> <span class='ocrx_word' id='word_1_17' title='bbox 1005 280 1102 327; x_wconf 88' lang='lat' dir='ltr'>sive</span> <span class='ocrx_word' id='word_1_18' title='bbox 1124 280 1278 328; x_wconf 86' lang='lat' dir='ltr'>civiles</span> <span class='ocrx_word' id='word_1_19' title='bbox 1296 319 1306 337; x_wconf 87' lang='lat'>,</span> <span class='ocrx_word' id='word_1_20' title='bbox 1334 291 1382 328; x_wconf 83' lang='lat' dir='ltr'>ut</span> <span class='ocrx_word' id='word_1_21' title='bbox 1404 281 1603 329; x_wconf 85' lang='lat' dir='ltr'>nonnulli</span> 
     </span>
     <span class='ocr_line' id='line_1_3' title="bbox 126 355 1603 418; baseline 0.003 -16"><span class='ocrx_word' id='word_1_22' title='bbox 126 356 391 403; x_wconf 80' lang='lat' dir='ltr'><strong>recentiores</strong></span> <span class='ocrx_word' id='word_1_23' title='bbox 426 355 619 418; x_wconf 82' lang='lat' dir='ltr'>theologi</span> <span class='ocrx_word' id='word_1_24' title='bbox 644 355 702 402; x_wconf 88' lang='lat' dir='ltr'>ad</span> <span class='ocrx_word' id='word_1_25' title='bbox 726 355 859 402; x_wconf 92' lang='lat' dir='ltr'>huius</span> <span class='ocrx_word' id='word_1_26' title='bbox 890 357 1135 418; x_wconf 79' lang='lat' dir='ltr'>argumenti</span> <span class='ocrx_word' id='word_1_27' title='bbox 1167 357 1273 405; x_wconf 50' lang='lat' dir='ltr'>vim⁹</span> <span class='ocrx_word' id='word_1_28' title='bbox 1292 356 1603 406; x_wconf 83' lang='lat' dir='ltr'>declinandam</span> 
     </span>
     <span class='ocr_line' id='line_1_4' title="bbox 123 431 1598 497; baseline 0.001 -17"><span class='ocrx_word' id='word_1_29' title='bbox 123 433 325 497; x_wconf 81' lang='lat' dir='ltr'>excipere</span> <span class='ocrx_word' id='word_1_30' title='bbox 340 442 677 479; x_wconf 89' lang='lat' dir='ltr'>consueverunt.</span> <span class='ocrx_word' id='word_1_31' title='bbox 694 432 881 496; x_wconf 86' lang='lat' dir='ltr'>Insuper</span> <span class='ocrx_word' id='word_1_32' title='bbox 899 431 1012 478; x_wconf 88' lang='lat' dir='ltr'>inter</span> <span class='ocrx_word' id='word_1_33' title='bbox 1030 442 1219 496; x_wconf 84' lang='lat' dir='ltr'>quatuor</span> <span class='ocrx_word' id='word_1_34' title='bbox 1236 434 1453 481; x_wconf 88' lang='lat' dir='ltr'>recensita</span> <span class='ocrx_word' id='word_1_35' title='bbox 1464 434 1598 492; x_wconf 88' lang='lat' dir='ltr'>mala,</span> 
     </span>
     <span class='ocr_line' id='line_1_5' title="bbox 123 507 1609 573; baseline 0.001 -17"><span class='ocrx_word' id='word_1_36' title='bbox 123 526 239 573; x_wconf 90' lang='lat' dir='ltr'>quae</span> <span class='ocrx_word' id='word_1_37' title='bbox 283 508 532 555; x_wconf 80' lang='lat' dir='ltr'>numeravit</span> <span class='ocrx_word' id='word_1_38' title='bbox 569 507 880 571; x_wconf 81' lang='lat' dir='ltr'>Lotharingius</span> <span class='ocrx_word' id='word_1_39' title='bbox 922 508 1187 571; x_wconf 87' lang='lat' dir='ltr'>profluentia</span> <span class='ocrx_word' id='word_1_40' title='bbox 1225 527 1279 557; x_wconf 84' lang='lat' dir='ltr'>ex</span> <span class='ocrx_word' id='word_1_41' title='bbox 1312 509 1609 559; x_wconf 51' lang='lat' dir='ltr'>clandestinis¹</span> 
     </span>
     <span class='ocr_line' id='line_1_6' title="bbox 124 585 1611 648; baseline 0 -16"><span class='ocrx_word' id='word_1_42' title='bbox 124 585 344 648; x_wconf 81' lang='lat' dir='ltr'>coniugiis</span> <span class='ocrx_word' id='word_1_43' title='bbox 368 594 435 631; x_wconf 86' lang='lat' dir='ltr'>est</span> <span class='ocrx_word' id='word_1_44' title='bbox 458 585 631 631; x_wconf 75' lang='lat' dir='ltr'>amissio</span> <span class='ocrx_word' id='word_1_45' title='bbox 654 585 824 648; x_wconf 71' lang='lat' dir='ltr'>qratiae</span> <span class='ocrx_word' id='word_1_46' title='bbox 845 586 1106 631; x_wconf 77' lang='lat' dir='ltr'>sacramenti</span> <span class='ocrx_word' id='word_1_47' title='bbox 1127 587 1245 648; x_wconf 84' lang='lat'>(39).</span> <span class='ocrx_word' id='word_1_48' title='bbox 1267 586 1457 633; x_wconf 90' lang='lat' dir='ltr'>Demum</span> <span class='ocrx_word' id='word_1_49' title='bbox 1483 587 1611 635; x_wconf 66' lang='lat' dir='ltr'>idem⁴</span> 
     </span>
     <span class='ocr_line' id='line_1_7' title="bbox 123 660 1606 727; baseline 0.002 -19"><span class='ocrx_word' id='word_1_50' title='bbox 123 660 363 708; x_wconf 85' lang='lat' dir='ltr'>cardinalis</span> <span class='ocrx_word' id='word_1_51' title='bbox 406 660 613 725; x_wconf 82' lang='lat' dir='ltr'>patefecit</span> <span class='ocrx_word' id='word_1_52' title='bbox 647 670 799 725; x_wconf 89' lang='lat' dir='ltr'>optare</span> <span class='ocrx_word' id='word_1_53' title='bbox 839 677 914 717; x_wconf 93' lang='lat' dir='ltr'>se,</span> <span class='ocrx_word' id='word_1_54' title='bbox 953 671 1003 708; x_wconf 93' lang='lat' dir='ltr'>ut</span> <span class='ocrx_word' id='word_1_55' title='bbox 1035 660 1083 707; x_wconf 87' lang='lat' dir='ltr'>in·</span> <span class='ocrx_word' id='word_1_56' title='bbox 1115 660 1291 709; x_wconf 89' lang='lat' dir='ltr'>decreto</span> <span class='ocrx_word' id='word_1_57' title='bbox 1326 668 1499 727; x_wconf 85' lang='lat' dir='ltr'>praeter</span> <span class='ocrx_word' id='word_1_58' title='bbox 1532 680 1606 711; x_wconf 90' lang='lat' dir='ltr'>so-</span> 
     </span>
     <span class='ocr_line' id='line_1_8' title="bbox 121 737 1604 802; baseline 0.003 -19"><span class='ocrx_word' id='word_1_59' title='bbox 121 737 294 785; x_wconf 87' lang='lat' dir='ltr'>lemnes</span> <span class='ocrx_word' id='word_1_60' title='bbox 327 737 439 785; x_wconf 88' lang='lat' dir='ltr'>alios</span> <span class='ocrx_word' id='word_1_61' title='bbox 474 738 586 784; x_wconf 89' lang='lat' dir='ltr'>ritus</span> <span class='ocrx_word' id='word_1_62' title='bbox 620 738 919 802; x_wconf 87' lang='lat' dir='ltr'>requireretur</span> <span class='ocrx_word' id='word_1_63' title='bbox 952 737 1009 784; x_wconf 88' lang='lat' dir='ltr'>ad</span> <span class='ocrx_word' id='word_1_64' title='bbox 1045 738 1309 785; x_wconf 86' lang='lat' dir='ltr'>sacramenti</span> <span class='ocrx_word' id='word_1_65' title='bbox 1346 738 1435 786; x_wconf 88' lang='lat' dir='ltr'>vim</span> <span class='ocrx_word' id='word_1_66' title='bbox 1470 739 1604 787; x_wconf 88' lang='lat' dir='ltr'>etiam</span> 
     </span>
     <span class='ocr_line' id='line_1_9' title="bbox 122 813 1604 877; baseline 0.001 -16"><span class='ocrx_word' id='word_1_67' title='bbox 122 814 367 862; x_wconf 87' lang='lat' dir='ltr'>sacerdotis</span> <span class='ocrx_word' id='word_1_68' title='bbox 402 814 653 861; x_wconf 81' lang='lat' dir='ltr'>benedictio</span> <span class='ocrx_word' id='word_1_69' title='bbox 684 815 801 876; x_wconf 85' lang='lat'>(40).</span> <span class='ocrx_word' id='word_1_70' title='bbox 824 814 940 877; x_wconf 80' lang='lat' dir='ltr'>Ergo</span> <span class='ocrx_word' id='word_1_71' title='bbox 964 813 1179 862; x_wconf 87' lang='lat' dir='ltr'>hactenus</span> <span class='ocrx_word' id='word_1_72' title='bbox 1208 814 1429 862; x_wconf 90' lang='lat' dir='ltr'>eiusmodi</span> <span class='ocrx_word' id='word_1_73' title='bbox 1469 815 1604 863; x_wconf 90' lang='lat' dir='ltr'>bene-</span> 
     </span>
     <span class='ocr_line' id='line_1_10' title="bbox 121 889 1603 940; baseline 0.003 -5"><span class='ocrx_word' id='word_1_74' title='bbox 121 889 257 938; x_wconf 89' lang='lat' dir='ltr'>dictio</span> <span class='ocrx_word' id='word_1_75' title='bbox 297 890 353 937; x_wconf 90' lang='lat' dir='ltr'>ad</span> <span class='ocrx_word' id='word_1_76' title='bbox 391 890 483 937; x_wconf 84' lang='lat' dir='ltr'>vim</span> <span class='ocrx_word' id='word_1_77' title='bbox 529 890 793 937; x_wconf 87' lang='lat' dir='ltr'>sacramenti</span> <span class='ocrx_word' id='word_1_78' title='bbox 836 889 1022 937; x_wconf 90' lang='lat' dir='ltr'>minime</span> <span class='ocrx_word' id='word_1_79' title='bbox 1061 889 1313 937; x_wconf 88' lang='lat' dir='ltr'>necessaria</span> <span class='ocrx_word' id='word_1_80' title='bbox 1351 890 1603 940; x_wconf 80' lang='lat' dir='ltr'>existimata</span> 
     </span>
     <span class='ocr_line' id='line_1_11' title="bbox 123 966 278 1014; baseline 0.019 -3"><span class='ocrx_word' id='word_1_81' title='bbox 123 966 278 1014; x_wconf 83' lang='lat' dir='ltr'>fuerat.</span> 
     </span>
    </p>

    <p class='ocr_par' dir='ltr' id='par_1_3' title="bbox 112 1041 1602 1868">
     <span class='ocr_line' id='line_1_12' title="bbox 219 1041 1601 1107; baseline 0.001 -18"><span class='ocrx_word' id='word_1_82' title='bbox 219 1043 406 1090; x_wconf 90' lang='lat' dir='ltr'>Ioannes</span> <span class='ocrx_word' id='word_1_83' title='bbox 421 1042 677 1090; x_wconf 87' lang='lat' dir='ltr'>Trivisanus</span> <span class='ocrx_word' id='word_1_84' title='bbox 688 1042 961 1090; x_wconf 87' lang='lat' dir='ltr'>venetiarum</span> <span class='ocrx_word' id='word_1_85' title='bbox 980 1041 1231 1107; x_wconf 85' lang='lat' dir='ltr'>patriarcha</span> <span class='ocrx_word' id='word_1_86' title='bbox 1244 1058 1344 1090; x_wconf 89' lang='lat' dir='ltr'>sese</span> <span class='ocrx_word' id='word_1_87' title='bbox 1356 1041 1532 1092; x_wconf 90' lang='lat' dir='ltr'>decreto</span> <span class='ocrx_word' id='word_1_88' title='bbox 1545 1044 1601 1091; x_wconf 87' lang='lat' dir='ltr'>de</span> 
     </span>
     <span class='ocr_line' id='line_1_13' title="bbox 122 1117 1601 1183; baseline 0.001 -19"><span class='ocrx_word' id='word_1_89' title='bbox 122 1118 364 1166; x_wconf 87' lang='lat' dir='ltr'>irritatione</span> <span class='ocrx_word' id='word_1_90' title='bbox 388 1119 693 1182; x_wconf 80' lang='lat' dir='ltr'>coniugiorum</span> <span class='ocrx_word' id='word_1_91' title='bbox 711 1117 1088 1166; x_wconf 85' lang='lat' dir='ltr'>clandestinorum</span> <span class='ocrx_word' id='word_1_92' title='bbox 1107 1118 1342 1183; x_wconf 83' lang='lat' dir='ltr'>opposuit,</span> <span class='ocrx_word' id='word_1_93' title='bbox 1366 1128 1488 1167; x_wconf 86' lang='lat' dir='ltr'>ratus</span> <span class='ocrx_word' id='word_1_94' title='bbox 1506 1119 1601 1166; x_wconf 89' lang='lat' dir='ltr'>irri-</span> 
     </span>
     <span class='ocr_line' id='line_1_14' title="bbox 120 1194 1602 1260; baseline 0.002 -20"><span class='ocrx_word' id='word_1_95' title='bbox 120 1203 211 1240; x_wconf 90' lang='lat' dir='ltr'>tum</span> <span class='ocrx_word' id='word_1_96' title='bbox 231 1194 357 1241; x_wconf 88' lang='lat' dir='ltr'>reddi</span> <span class='ocrx_word' id='word_1_97' title='bbox 375 1195 495 1242; x_wconf 87' lang='lat' dir='ltr'>haud</span> <span class='ocrx_word' id='word_1_98' title='bbox 514 1212 647 1260; x_wconf 87' lang='lat' dir='ltr'>posse</span> <span class='ocrx_word' id='word_1_99' title='bbox 665 1195 898 1258; x_wconf 79' lang='lat' dir='ltr'>quamdam</span> <span class='ocrx_word' id='word_1_100' title='bbox 914 1195 1176 1241; x_wconf 77' lang='lat' dir='ltr'>sacramenti</span> <span class='ocrx_word' id='word_1_101' title='bbox 1191 1195 1421 1250; x_wconf 80' lang='lat' dir='ltr'>rationem,</span> <span class='ocrx_word' id='word_1_102' title='bbox 1446 1194 1493 1242; x_wconf 91' lang='lat' dir='ltr'>in</span> <span class='ocrx_word' id='word_1_103' title='bbox 1511 1213 1602 1260; x_wconf 88' lang='lat' dir='ltr'>qua</span> 
     </span>
     <span class='ocr_line' id='line_1_15' title="bbox 121 1270 1598 1336; baseline 0.002 -19"><span class='ocrx_word' id='word_1_104' title='bbox 121 1281 212 1318; x_wconf 90' lang='lat' dir='ltr'>tota</span> <span class='ocrx_word' id='word_1_105' title='bbox 241 1271 349 1319; x_wconf 90' lang='lat' dir='ltr'>insit</span> <span class='ocrx_word' id='word_1_106' title='bbox 384 1272 527 1336; x_wconf 91' lang='lat' dir='ltr'>ipsius</span> <span class='ocrx_word' id='word_1_107' title='bbox 563 1282 743 1327; x_wconf 85' lang='lat' dir='ltr'>natura,</span> <span class='ocrx_word' id='word_1_108' title='bbox 773 1271 946 1318; x_wconf 89' lang='lat' dir='ltr'>tametsi</span> <span class='ocrx_word' id='word_1_109' title='bbox 972 1271 1083 1318; x_wconf 89' lang='lat' dir='ltr'>ritus</span> <span class='ocrx_word' id='word_1_110' title='bbox 1107 1270 1244 1317; x_wconf 91' lang='lat' dir='ltr'>debiti</span> <span class='ocrx_word' id='word_1_111' title='bbox 1269 1271 1437 1328; x_wconf 90' lang='lat' dir='ltr'>desint;</span> <span class='ocrx_word' id='word_1_112' title='bbox 1467 1272 1598 1320; x_wconf 90' lang='lat' dir='ltr'>sicuti</span> 
     </span>
     <span class='ocr_line' id='line_1_16' title="bbox 122 1346 1595 1412; baseline 0.001 -18"><span class='ocrx_word' id='word_1_113' title='bbox 122 1364 191 1394; x_wconf 79' lang='lat' dir='ltr'>cx.</span> <span class='ocrx_word' id='word_1_114' title='bbox 221 1365 287 1410; x_wconf 82' lang='lat' dir='ltr'>gr.</span> <span class='ocrx_word' id='word_1_115' title='bbox 317 1348 522 1412; x_wconf 91' lang='lat' dir='ltr'>quamvis</span> <span class='ocrx_word' id='word_1_116' title='bbox 554 1347 762 1395; x_wconf 88' lang='lat' dir='ltr'>sacerdos</span> <span class='ocrx_word' id='word_1_117' title='bbox 797 1348 1024 1394; x_wconf 79' lang='lat' dir='ltr'>consecret</span> <span class='ocrx_word' id='word_1_118' title='bbox 1058 1346 1228 1410; x_wconf 82' lang='lat' dir='ltr'>absque</span> <span class='ocrx_word' id='word_1_119' title='bbox 1260 1357 1417 1394; x_wconf 87' lang='lat' dir='ltr'>ornatu</span> <span class='ocrx_word' id='word_1_120' title='bbox 1451 1365 1595 1405; x_wconf 88' lang='lat' dir='ltr'>sacro,</span> 
     </span>
     <span class='ocr_line' id='line_1_17' title="bbox 119 1423 1598 1479; baseline 0.001 -10"><span class='ocrx_word' id='word_1_121' title='bbox 119 1440 272 1470; x_wconf 87' lang='lat' dir='ltr'>verum</span> <span class='ocrx_word' id='word_1_122' title='bbox 314 1433 638 1470; x_wconf 88' lang='lat' dir='ltr'>sacramentum</span> <span class='ocrx_word' id='word_1_123' title='bbox 685 1423 887 1479; x_wconf 88' lang='lat' dir='ltr'>conficit,</span> <span class='ocrx_word' id='word_1_124' title='bbox 937 1423 1178 1470; x_wconf 90' lang='lat' dir='ltr'>dummodo</span> <span class='ocrx_word' id='word_1_125' title='bbox 1218 1424 1449 1471; x_wconf 87' lang='lat' dir='ltr'>materiam</span> <span class='ocrx_word' id='word_1_126' title='bbox 1497 1442 1598 1471; x_wconf 92' lang='lat' dir='ltr'>cum</span> 
     </span>
     <span class='ocr_line' id='line_1_18' title="bbox 121 1498 1599 1563; baseline 0.002 -19"><span class='ocrx_word' id='word_1_127' title='bbox 121 1498 261 1546; x_wconf 82' lang='lat' dir='ltr'>forma</span> <span class='ocrx_word' id='word_1_128' title='bbox 278 1499 532 1563; x_wconf 83' lang='lat' dir='ltr'>coniungat.</span> <span class='ocrx_word' id='word_1_129' title='bbox 552 1499 661 1546; x_wconf 92' lang='lat' dir='ltr'>Cum</span> <span class='ocrx_word' id='word_1_130' title='bbox 680 1499 815 1562; x_wconf 80' lang='lat' dir='ltr'>igitur</span> <span class='ocrx_word' id='word_1_131' title='bbox 831 1536 841 1555; x_wconf 95' lang='lat'>,</span> <span class='ocrx_word' id='word_1_132' title='bbox 865 1499 927 1545; x_wconf 89' lang='lat' dir='ltr'>ita</span> <span class='ocrx_word' id='word_1_133' title='bbox 945 1498 1041 1563; x_wconf 89' lang='lat' dir='ltr'>ipse</span> <span class='ocrx_word' id='word_1_134' title='bbox 1062 1498 1428 1563; x_wconf 86' lang='lat' dir='ltr'>prosequebatur,</span> <span class='ocrx_word' id='word_1_135' title='bbox 1443 1510 1599 1548; x_wconf 87' lang='lat' dir='ltr'>natura</span> 
     </span>
     <span class='ocr_line' id='line_1_19' title="bbox 121 1575 1592 1634; baseline 0.003 -13"><span class='ocrx_word' id='word_1_136' title='bbox 121 1575 389 1623; x_wconf 89' lang='lat' dir='ltr'>matrimonii</span> <span class='ocrx_word' id='word_1_137' title='bbox 424 1577 513 1623; x_wconf 89' lang='lat' dir='ltr'>sita</span> <span class='ocrx_word' id='word_1_138' title='bbox 541 1576 600 1624; x_wconf 85' lang='lat' dir='ltr'>sit</span> <span class='ocrx_word' id='word_1_139' title='bbox 628 1576 674 1622; x_wconf 89' lang='lat' dir='ltr'>in</span> <span class='ocrx_word' id='word_1_140' title='bbox 701 1586 854 1624; x_wconf 90' lang='lat' dir='ltr'>mutuo</span> <span class='ocrx_word' id='word_1_141' title='bbox 889 1592 1111 1622; x_wconf 88' lang='lat' dir='ltr'>consensu</span> <span class='ocrx_word' id='word_1_142' title='bbox 1139 1575 1348 1622; x_wconf 87' lang='lat' dir='ltr'>sensibus</span> <span class='ocrx_word' id='word_1_143' title='bbox 1372 1575 1592 1634; x_wconf 86' lang='lat' dir='ltr'>subiecto,</span> 
     </span>
     <span class='ocr_line' id='line_1_20' title="bbox 119 1651 1596 1717; baseline 0.002 -19"><span class='ocrx_word' id='word_1_144' title='bbox 119 1651 353 1717; x_wconf 91' lang='lat' dir='ltr'>solumque</span> <span class='ocrx_word' id='word_1_145' title='bbox 378 1652 658 1717; x_wconf 87' lang='lat' dir='ltr'>postulentur</span> <span class='ocrx_word' id='word_1_146' title='bbox 684 1651 844 1717; x_wconf 90' lang='lat' dir='ltr'>reliqui</span> <span class='ocrx_word' id='word_1_147' title='bbox 873 1652 983 1699; x_wconf 89' lang='lat' dir='ltr'>ritus</span> <span class='ocrx_word' id='word_1_148' title='bbox 1014 1662 1090 1699; x_wconf 86' lang='lat' dir='ltr'>aut</span> <span class='ocrx_word' id='word_1_149' title='bbox 1116 1652 1172 1699; x_wconf 89' lang='lat' dir='ltr'>ad</span> <span class='ocrx_word' id='word_1_150' title='bbox 1203 1651 1414 1708; x_wconf 82' lang='lat' dir='ltr'>decorum,</span> <span class='ocrx_word' id='word_1_151' title='bbox 1443 1664 1518 1701; x_wconf 91' lang='lat' dir='ltr'>aut</span> <span class='ocrx_word' id='word_1_152' title='bbox 1540 1654 1596 1701; x_wconf 89' lang='lat' dir='ltr'>ad</span> 
     </span>
     <span class='ocr_line' id='line_1_21' title="bbox 112 1728 1595 1792; baseline 0.003 -19"><span class='ocrx_word' id='word_1_153' title='bbox 112 1728 432 1791; x_wconf 79' lang='lat' dir='ltr'>probationem,</span> <span class='ocrx_word' id='word_1_154' title='bbox 467 1729 523 1776; x_wconf 89' lang='lat' dir='ltr'>ab</span> <span class='ocrx_word' id='word_1_155' title='bbox 550 1747 702 1777; x_wconf 91' lang='lat' dir='ltr'>eorum</span> <span class='ocrx_word' id='word_1_156' title='bbox 727 1729 946 1777; x_wconf 87' lang='lat' dir='ltr'>vacuitate</span> <span class='ocrx_word' id='word_1_157' title='bbox 976 1728 1171 1792; x_wconf 82' lang='lat' dir='ltr'>coniugii</span> <span class='ocrx_word' id='word_1_158' title='bbox 1198 1729 1289 1778; x_wconf 84' lang='lat' dir='ltr'>vim</span> <span class='ocrx_word' id='word_1_159' title='bbox 1319 1730 1483 1777; x_wconf 86' lang='lat' dir='ltr'>auferri</span> <span class='ocrx_word' id='word_1_160' title='bbox 1508 1747 1595 1778; x_wconf 91' lang='lat' dir='ltr'>non</span> 
     </span>
     <span class='ocr_line' id='line_1_22' title="bbox 119 1807 391 1868; baseline 0 -17"><span class='ocrx_word' id='word_1_161' title='bbox 119 1821 253 1868; x_wconf 89' lang='lat' dir='ltr'>posse</span> <span class='ocrx_word' id='word_1_162' title='bbox 274 1807 391 1868; x_wconf 82' lang='lat'>(41).</span> 
     </span>
    </p>

    <p class='ocr_par' dir='ltr' id='par_1_4' title="bbox 119 1881 1605 2404">
     <span class='ocr_line' id='line_1_23' title="bbox 213 1881 1596 1947; baseline 0.002 -20"><span class='ocrx_word' id='word_1_163' title='bbox 213 1881 431 1930; x_wconf 88' lang='lat' dir='ltr'>Castanea</span> <span class='ocrx_word' id='word_1_164' title='bbox 466 1883 749 1930; x_wconf 87' lang='lat' dir='ltr'>rossanensis</span> <span class='ocrx_word' id='word_1_165' title='bbox 787 1882 1149 1947; x_wconf 87' lang='lat' dir='ltr'>archiepiscopus</span> <span class='ocrx_word' id='word_1_166' title='bbox 1181 1882 1226 1928; x_wconf 91' lang='lat' dir='ltr'>in</span> <span class='ocrx_word' id='word_1_167' title='bbox 1254 1881 1455 1930; x_wconf 90' lang='lat' dir='ltr'>eamdem</span> <span class='ocrx_word' id='word_1_168' title='bbox 1489 1898 1596 1930; x_wconf 82' lang='lat' dir='ltr'>con-</span> 
     </span>
     <span class='ocr_line' id='line_1_24' title="bbox 119 1957 1597 2024; baseline 0.003 -21"><span class='ocrx_word' id='word_1_169' title='bbox 119 1957 256 2005; x_wconf 87' lang='lat' dir='ltr'>cessit</span> <span class='ocrx_word' id='word_1_170' title='bbox 284 1960 571 2017; x_wconf 87' lang='lat' dir='ltr'>sententiam,</span> <span class='ocrx_word' id='word_1_171' title='bbox 603 1978 655 2007; x_wconf 94' lang='lat' dir='ltr'>eo</span> <span class='ocrx_word' id='word_1_172' title='bbox 685 1959 804 2024; x_wconf 93' lang='lat' dir='ltr'>quod</span> <span class='ocrx_word' id='word_1_173' title='bbox 833 1959 1097 2007; x_wconf 86' lang='lat' dir='ltr'>adiiceretur</span> <span class='ocrx_word' id='word_1_174' title='bbox 1124 1968 1304 2005; x_wconf 83' lang='lat' dir='ltr'>naturae</span> <span class='ocrx_word' id='word_1_175' title='bbox 1337 1962 1597 2007; x_wconf 80' lang='lat' dir='ltr'>sacramenti</span> 
     </span>
     <span class='ocr_line' id='line_1_25' title="bbox 120 2034 1605 2102; baseline 0.002 -22"><span class='ocrx_word' id='word_1_176' title='bbox 120 2034 277 2081; x_wconf 90' lang='lat' dir='ltr'>modus</span> <span class='ocrx_word' id='word_1_177' title='bbox 307 2035 491 2099; x_wconf 87' lang='lat' dir='ltr'>quidam</span> <span class='ocrx_word' id='word_1_178' title='bbox 525 2037 670 2102; x_wconf 89' lang='lat' dir='ltr'>ipsam</span> <span class='ocrx_word' id='word_1_179' title='bbox 706 2047 837 2083; x_wconf 88' lang='lat' dir='ltr'>antea</span> <span class='ocrx_word' id='word_1_180' title='bbox 869 2053 957 2084; x_wconf 90' lang='lat' dir='ltr'>non</span> <span class='ocrx_word' id='word_1_181' title='bbox 991 2035 1264 2083; x_wconf 89' lang='lat' dir='ltr'>constituens</span> <span class='ocrx_word' id='word_1_182' title='bbox 1287 2035 1403 2096; x_wconf 77' lang='lat'>(42).</span> <span class='ocrx_word' id='word_1_183' title='bbox 1434 2034 1605 2083; x_wconf 78' lang='lat' dir='ltr'>Contra.</span> 
     </span>
     <span class='ocr_line' id='line_1_26' title="bbox 119 2110 1594 2179; baseline 0.001 -22"><span class='ocrx_word' id='word_1_184' title='bbox 119 2128 222 2158; x_wconf 90' lang='lat' dir='ltr'>vero</span> <span class='ocrx_word' id='word_1_185' title='bbox 255 2111 472 2160; x_wconf 90' lang='lat' dir='ltr'>Antonius</span> <span class='ocrx_word' id='word_1_186' title='bbox 509 2113 745 2161; x_wconf 90' lang='lat' dir='ltr'>Cerronius</span> <span class='ocrx_word' id='word_1_187' title='bbox 788 2113 1025 2179; x_wconf 89' lang='lat' dir='ltr'>episcopus</span> <span class='ocrx_word' id='word_1_188' title='bbox 1072 2110 1350 2159; x_wconf 86' lang='lat' dir='ltr'>almeriensis</span> <span class='ocrx_word' id='word_1_189' title='bbox 1393 2111 1594 2175; x_wconf 87' lang='lat' dir='ltr'>probavit</span> 
     </span>
     <span class='ocr_line' id='line_1_27' title="bbox 119 2186 1594 2251; baseline 0.002 -18"><span class='ocrx_word' id='word_1_190' title='bbox 119 2186 342 2234; x_wconf 89' lang='lat' dir='ltr'>decretum</span> <span class='ocrx_word' id='word_1_191' title='bbox 378 2188 555 2245; x_wconf 87' lang='lat' dir='ltr'>dicens,</span> <span class='ocrx_word' id='word_1_192' title='bbox 586 2205 674 2235; x_wconf 90' lang='lat' dir='ltr'>non</span> <span class='ocrx_word' id='word_1_193' title='bbox 705 2188 830 2235; x_wconf 88' lang='lat' dir='ltr'>irrita</span> <span class='ocrx_word' id='word_1_194' title='bbox 864 2188 958 2235; x_wconf 87' lang='lat' dir='ltr'>fieri</span> <span class='ocrx_word' id='word_1_195' title='bbox 994 2188 1051 2234; x_wconf 88' lang='lat' dir='ltr'>ab</span> <span class='ocrx_word' id='word_1_196' title='bbox 1084 2186 1271 2234; x_wconf 90' lang='lat' dir='ltr'>ecclesia</span> <span class='ocrx_word' id='word_1_197' title='bbox 1304 2203 1383 2251; x_wconf 89' lang='lat' dir='ltr'>per</span> <span class='ocrx_word' id='word_1_198' title='bbox 1416 2186 1500 2235; x_wconf 93' lang='lat' dir='ltr'>hoc</span> <span class='ocrx_word' id='word_1_199' title='bbox 1521 2187 1594 2236; x_wconf 90' lang='lat' dir='ltr'>de—</span> 
     </span>
     <span class='ocr_line' id='line_1_28' title="bbox 119 2262 1591 2329; baseline 0.002 -21"><span class='ocrx_word' id='word_1_200' title='bbox 119 2272 286 2309; x_wconf 90' lang='lat' dir='ltr'>cretum</span> <span class='ocrx_word' id='word_1_201' title='bbox 309 2264 591 2311; x_wconf 86' lang='lat' dir='ltr'>matrimonia</span> <span class='ocrx_word' id='word_1_202' title='bbox 615 2273 851 2329; x_wconf 88' lang='lat' dir='ltr'>postquam</span> <span class='ocrx_word' id='word_1_203' title='bbox 879 2273 1153 2311; x_wconf 87' lang='lat' dir='ltr'>sacramenta</span> <span class='ocrx_word' id='word_1_204' title='bbox 1177 2273 1301 2319; x_wconf 89' lang='lat' dir='ltr'>sunt,</span> <span class='ocrx_word' id='word_1_205' title='bbox 1324 2262 1404 2310; x_wconf 88' lang='lat' dir='ltr'>sed</span> <span class='ocrx_word' id='word_1_206' title='bbox 1420 2263 1591 2312; x_wconf 88' lang='lat' dir='ltr'>obicem</span> 
     </span>
     <span class='ocr_line' id='line_1_29' title="bbox 120 2339 1592 2404; baseline 0.002 -18"><span class='ocrx_word' id='word_1_207' title='bbox 120 2339 300 2399; x_wconf 88' lang='lat' dir='ltr'>induci,</span> <span class='ocrx_word' id='word_1_208' title='bbox 338 2359 389 2388; x_wconf 85' lang='lat' dir='ltr'>ne</span> <span class='ocrx_word' id='word_1_209' title='bbox 423 2359 525 2389; x_wconf 89' lang='lat' dir='ltr'>vera</span> <span class='ocrx_word' id='word_1_210' title='bbox 559 2341 854 2396; x_wconf 79' lang='lat' dir='ltr'>matrimonia,</span> <span class='ocrx_word' id='word_1_211' title='bbox 883 2339 1068 2404; x_wconf 77' lang='lat' dir='ltr'>adeoque</span> <span class='ocrx_word' id='word_1_212' title='bbox 1101 2341 1231 2387; x_wconf 79' lang='lat' dir='ltr'>etiam</span> <span class='ocrx_word' id='word_1_213' title='bbox 1251 2357 1303 2386; x_wconf 73' lang='lat' dir='ltr'>m</span> <span class='ocrx_word' id='word_1_214' title='bbox 1325 2340 1413 2387; x_wconf 75' lang='lat' dir='ltr'>sint</span> <span class='ocrx_word' id='word_1_215' title='bbox 1443 2357 1592 2389; x_wconf 81' lang='lat' dir='ltr'>sacra-</span> 
     </span>
    </p>
   </div>
   <div class='ocr_carea' id='block_1_3' title="bbox 214 2494 1589 2589">
    <p class='ocr_par' dir='ltr' id='par_1_5' title="bbox 214 2494 1589 2589">
     <span class='ocr_line' id='line_1_30' title="bbox 214 2494 1589 2589; baseline -0.001 -9"><span class='ocrx_word' id='word_1_216' title='bbox 214 2494 283 2589; x_wconf 53' lang='grc' dir='ltr'>ἓξὲξ</span> <span class='ocrx_word' id='word_1_217' title='bbox 302 2496 387 2580; x_wconf 58' lang='lat' dir='ltr'>iiiiii]</span> <span class='ocrx_word' id='word_1_218' title='bbox 394 2500 575 2580; x_wconf 36' lang='lat' dir='ltr'>&#39;liiitionem</span> <span class='ocrx_word' id='word_1_219' title='bbox 597 2547 694 2579; x_wconf 87' lang='lat' dir='ltr'>huius</span> <span class='ocrx_word' id='word_1_220' title='bbox 715 2546 766 2579; x_wconf 86' lang='lat' dir='ltr'>sui</span> <span class='ocrx_word' id='word_1_221' title='bbox 787 2545 938 2578; x_wconf 82' lang='lat' dir='ltr'>desiderii</span> <span class='ocrx_word' id='word_1_222' title='bbox 954 2546 1051 2578; x_wconf 80' lang='lat' dir='ltr'>talem</span> <span class='ocrx_word' id='word_1_223' title='bbox 1066 2545 1227 2586; x_wconf 83' lang='lat' dir='ltr'>praebuit,</span> <span class='ocrx_word' id='word_1_224' title='bbox 1241 2553 1326 2586; x_wconf 86' lang='lat' dir='ltr'>quae</span> <span class='ocrx_word' id='word_1_225' title='bbox 1338 2545 1439 2586; x_wconf 76' lang='lat' dir='ltr'>magis</span> <span class='ocrx_word' id='word_1_226' title='bbox 1452 2554 1519 2578; x_wconf 81' lang='lat' dir='ltr'>rein</span> <span class='ocrx_word' id='word_1_227' title='bbox 1534 2554 1589 2578; x_wconf 92' lang='lat' dir='ltr'>no-</span> 
     </span>
    </p>
   </div>
   <div class='ocr_carea' id='block_1_4' title="bbox 118 2598 1591 2854">
    <p class='ocr_par' dir='ltr' id='par_1_6' title="bbox 118 2598 1591 2748">
     <span class='ocr_line' id='line_1_31' title="bbox 119 2598 1591 2642; baseline 0 -10"><span class='ocrx_word' id='word_1_228' title='bbox 119 2602 220 2633; x_wconf 81' lang='lat' dir='ltr'>stram</span> <span class='ocrx_word' id='word_1_229' title='bbox 242 2602 412 2634; x_wconf 81' lang='lat' dir='ltr'>confirmat</span> <span class='ocrx_word' id='word_1_230' title='bbox 428 2601 606 2642; x_wconf 79' lang='lat' dir='ltr'>«Quando,</span> <span class='ocrx_word' id='word_1_231' title='bbox 623 2601 745 2642; x_wconf 88' lang='lat' dir='ltr'>inquit,</span> <span class='ocrx_word' id='word_1_232' title='bbox 764 2599 916 2632; x_wconf 84' lang='lat' dir='ltr'>haeretici</span> <span class='ocrx_word' id='word_1_233' title='bbox 931 2599 1103 2639; x_wconf 87' lang='lat' dir='ltr'>volebant,</span> <span class='ocrx_word' id='word_1_234' title='bbox 1121 2599 1157 2630; x_wconf 88' lang='lat' dir='ltr'>ut</span> <span class='ocrx_word' id='word_1_235' title='bbox 1174 2598 1267 2639; x_wconf 79' lang='lat' dir='ltr'>impii</span> <span class='ocrx_word' id='word_1_236' title='bbox 1285 2598 1429 2639; x_wconf 81' lang='lat' dir='ltr'>ipsorum</span> <span class='ocrx_word' id='word_1_237' title='bbox 1453 2599 1591 2632; x_wconf 87' lang='lat' dir='ltr'>ministri</span> 
     </span>
     <span class='ocr_line' id='line_1_32' title="bbox 118 2651 1588 2696; baseline 0.001 -11"><span class='ocrx_word' id='word_1_238' title='bbox 118 2654 239 2695; x_wconf 83' lang='lat' dir='ltr'>nuptiis</span> <span class='ocrx_word' id='word_1_239' title='bbox 252 2654 331 2687; x_wconf 85' lang='lat' dir='ltr'>benc</span> <span class='ocrx_word' id='word_1_240' title='bbox 345 2656 570 2696; x_wconf 79' lang='lat' dir='ltr'>precarentur,</span> <span class='ocrx_word' id='word_1_241' title='bbox 587 2655 691 2687; x_wconf 88' lang='lat' dir='ltr'>multo</span> <span class='ocrx_word' id='word_1_242' title='bbox 711 2654 970 2686; x_wconf 68' lang='lat' dir='ltr'>convenientius</span> <span class='ocrx_word' id='word_1_243' title='bbox 986 2652 1019 2683; x_wconf 89' lang='lat' dir='ltr'>id</span> <span class='ocrx_word' id='word_1_244' title='bbox 1040 2651 1200 2692; x_wconf 79' lang='lat' dir='ltr'>agendum</span> <span class='ocrx_word' id='word_1_245' title='bbox 1214 2652 1248 2684; x_wconf 86' lang='lat' dir='ltr'>in</span> <span class='ocrx_word' id='word_1_246' title='bbox 1262 2653 1397 2686; x_wconf 78' lang='lat' dir='ltr'>ecclesia</span> <span class='ocrx_word' id='word_1_247' title='bbox 1412 2653 1588 2694; x_wconf 73' lang='lat' dir='ltr'>catholica,</span> 
     </span>
     <span class='ocr_line' id='line_1_33' title="bbox 121 2706 1111 2748; baseline -0.002 -9"><span class='ocrx_word' id='word_1_248' title='bbox 121 2707 154 2739; x_wconf 85' lang='lat' dir='ltr'>in</span> <span class='ocrx_word' id='word_1_249' title='bbox 181 2716 246 2748; x_wconf 85' lang='lat' dir='ltr'>qua</span> <span class='ocrx_word' id='word_1_250' title='bbox 272 2708 340 2740; x_wconf 86' lang='lat' dir='ltr'>veri</span> <span class='ocrx_word' id='word_1_251' title='bbox 364 2710 439 2741; x_wconf 85' lang='lat' dir='ltr'>sunt</span> <span class='ocrx_word' id='word_1_252' title='bbox 464 2709 522 2741; x_wconf 88' lang='lat' dir='ltr'>Dei</span> <span class='ocrx_word' id='word_1_253' title='bbox 549 2708 710 2748; x_wconf 86' lang='lat' dir='ltr'>ministri,</span> <span class='ocrx_word' id='word_1_254' title='bbox 742 2707 873 2748; x_wconf 82' lang='lat' dir='ltr'>verique</span> <span class='ocrx_word' id='word_1_255' title='bbox 898 2706 1111 2738; x_wconf 81' lang='lat' dir='ltr'>sacerdotes.»</span> 
     </span>
    </p>

    <p class='ocr_par' dir='ltr' id='par_1_7' title="bbox 218 2760 456 2801">
     <span class='ocr_line' id='line_1_34' title="bbox 218 2760 456 2801; baseline 0 -9"><span class='ocrx_word' id='word_1_256' title='bbox 218 2760 284 2801; x_wconf 77' lang='lat'>(41)</span> <span class='ocrx_word' id='word_1_257' title='bbox 305 2763 401 2793; x_wconf 88' lang='lat' dir='ltr'>Num.</span> <span class='ocrx_word' id='word_1_258' title='bbox 427 2766 456 2793; x_wconf 88' lang='lat'>8.</span> 
     </span>
    </p>

    <p class='ocr_par' dir='ltr' id='par_1_8' title="bbox 215 2813 473 2854">
     <span class='ocr_line' id='line_1_35' title="bbox 215 2813 473 2854; baseline -0.004 -9"><span class='ocrx_word' id='word_1_259' title='bbox 215 2813 282 2854; x_wconf 68' lang='lat'>(42)</span> <span class='ocrx_word' id='word_1_260' title='bbox 303 2814 398 2845; x_wconf 82' lang='lat' dir='ltr'>Num.</span> <span class='ocrx_word' id='word_1_261' title='bbox 426 2817 473 2846; x_wconf 81' lang='grc' dir='ltr'>ιο,</span> 
     </span>
    </p>
   </div>
  </div>
 </body>
</html>
