1918 3186
406 222 496 254 cn.
519 223 579 255 vi.
601 223 653 254 ni:
676 222 811 255 mser.
841 222 991 256 coma.
1022 224 1072 256 nr
1096 223 1212 256 sien.
1242 223 1334 258 Amr.
1364 223 1394 254 1.
1565 207 1654 252 189

180 310 311 364 prout
327 310 650 348 sacramentum
671 311 739 348 est
750 338 760 357 ‚
778 311 953 348 constat
968 318 1021 348 ex
1040 302 1096 350 iis
1109 340 1120 359 ,
1139 317 1256 367 quae
1273 300 1391 353 idem
1408 309 1561 348 auctor
1576 317 1659 355 nu-

181 376 317 424 meris
337 376 702 442 praecedentibus
730 376 934 440 exposuit
956 378 1074 425 circa
1107 377 1347 426 discrimen
1371 377 1485 425 inter
1507 376 1660 424 infide-

180 452 288 500 lium
308 463 351 500 et
368 451 568 499 fidelium
603 452 882 516 coniugium,
915 453 1036 517 quod
1060 453 1170 501 illud
1194 453 1374 519 quidem
1399 454 1459 501 sit
1479 470 1651 507 verum,

181 527 261 575 sed
280 545 364 574 non
386 537 549 582 ratum,
575 527 693 574 istud
712 538 939 592 praeterea
958 528 1017 575 sit
1034 529 1165 576 etiam
1187 540 1333 577 ratum
1348 539 1393 576 et
1409 545 1660 577 sacramen-

181 613 293 659 tum,
325 603 481 650 dicens
506 620 551 649 n.
577 605 621 649 3.
657 623 679 648 «
702 604 836 651 Aliud
862 615 930 652 est
955 604 1286 657 matrimonium
1315 616 1482 663 ratum,
1513 605 1653 662 idest,

179 679 235 727 ab
263 679 453 728 ecclesia
480 679 799 744 approbatum,
827 681 948 745 quod
978 680 1094 729 inter
1120 681 1436 730 christifideles
1462 681 1659 746 legitime

181 755 655 804 contrahitur....Nam
679 757 762 804 etsi
786 757 1116 805 matrimonium
1132 774 1285 805 verum
1313 757 1427 805 inter
1452 757 1658 806 infideles

179 832 359 889 existat,
391 849 478 880 non
502 843 649 880 tamen
674 843 740 880 est
757 843 926 880 ratum:
948 833 1061 882 inter
1083 833 1239 881 fideles
1262 844 1408 881 autem
1431 851 1585 881 verum
1615 844 1660 882 et

178 919 325 956 ratum
346 909 513 966 existit,
541 909 649 974 quia
673 920 997 958 sacramentum
1017 909 1144 966 fidei,
1166 910 1287 975 quod
1317 909 1455 958 semel
1483 921 1553 957 est
1578 909 1659 957 ad-

183 986 402 1042 missum,
442 1003 687 1050 numquam
722 986 962 1043 amittitur,
1001 986 1080 1034 sed
1115 996 1258 1034 ratum
1296 985 1432 1034 efficit
1470 987 1663 1050 coniuqii

178 1071 517 1117 sacramentum,
553 1073 603 1110 ut
636 1063 784 1126 ipsum
814 1063 860 1109 in
889 1062 1152 1126 coniugibus
1182 1062 1259 1112 illo
1287 1062 1474 1110 durante
1501 1061 1660 1127 perdu-

183 1148 263 1187 ret.
290 1158 313 1183 »
340 1138 512 1185 Deinde
545 1138 735 1204 explicat
761 1149 964 1186 accurate
985 1139 1095 1203 quid
1125 1139 1276 1187 veniat
1298 1139 1344 1185 in
1367 1138 1557 1202 Eugenii
1586 1138 1660 1186 de-

180 1226 298 1263 creto
325 1214 411 1262 sub
435 1215 571 1262 verbo
595 1216 875 1279 regulariter,
906 1215 1133 1263 scribens:
1165 1235 1187 1261 «
1209 1214 1470 1263 Nullatenus
1501 1214 1567 1262 sic
1594 1214 1659 1261 in-

179 1291 467 1355 telligendum
486 1329 496 1348 ,
542 1292 671 1356 quasi
713 1291 951 1356 aliquando
991 1291 1078 1339 alia
1118 1302 1238 1339 esset
1281 1308 1416 1339 causa
1459 1290 1656 1339 efficiens

179 1369 477 1424 matrimonii,
516 1386 650 1432 quam
699 1378 873 1416 mutuus
923 1386 1172 1423 consensus,
1212 1367 1292 1415 sed
1327 1367 1447 1432 quod
1482 1367 1522 1414 is
1555 1383 1661 1415 con-

179 1462 341 1492 sensus
384 1461 472 1492 non
507 1445 566 1492 sit
604 1444 921 1509 exprimendus
955 1462 1037 1508 per
1076 1444 1235 1499 verba,
1276 1443 1465 1508 ideoque
1498 1443 1657 1491 vocula

175 1523 436 1586 regulariter
468 1539 556 1569 non
590 1522 777 1570 refertur
809 1521 867 1568 ad
902 1531 1104 1568 mutuum
1139 1538 1432 1577 consensum,
1477 1520 1556 1568 sed
1593 1537 1658 1567 re-

179 1598 317 1646 fertur
344 1598 401 1646 ad
429 1614 698 1646 consensum
726 1615 807 1661 per
833 1597 965 1644 verba
994 1598 1051 1645 de
1076 1597 1299 1662 praesenti
1326 1614 1604 1661 expressum.
1633 1616 1655 1641 »

276 1674 445 1722 Eodem
475 1674 615 1722 tendit
643 1674 847 1722 doctrina
872 1674 1047 1722 concilii
1079 1673 1327 1730 tridentini,
1361 1691 1414 1721 ex
1442 1690 1532 1738 qua
1557 1690 1661 1720 con—

179 1762 265 1799 stat
292 1751 530 1800 concilium
560 1751 842 1800 matrimonia
867 1751 1147 1800 clandestina
1173 1751 1374 1799 irritasse
1398 1768 1486 1799 non
1516 1750 1659 1798 solum

179 1838 310 1893 prout
338 1839 637 1884 sacramenta,
668 1828 748 1875 sed
779 1840 909 1893 prout
936 1839 1041 1877 sunt
1070 1838 1345 1885 contractus,
1375 1828 1463 1874 imo
1494 1827 1660 1874 directe

179 1904 352 1952 irritum
385 1905 548 1953 fecisse
575 1922 628 1952 ac
656 1904 937 1967 illegitimum
972 1921 1240 1953 consensum
1269 1903 1519 1951 clanculum
1553 1919 1660 1951 con-

180 1980 469 2038 trahentium,
497 1999 610 2046 quos
633 1981 689 2028 ad
719 1981 1068 2030 contrahendum
1094 1981 1287 2028 reddidit
1314 1981 1508 2044 ineptos,
1529 1990 1580 2026 ut
1595 1979 1661 2027 sic

180 2057 354 2104 irritum
373 2057 536 2105 faceret
552 2068 822 2106 contractum
843 2058 1044 2123 adeoque
1057 2068 1100 2105 et
1116 2068 1459 2105 sacramentum.
1478 2056 1661 2104 Persua-

179 2150 279 2180 sum
303 2133 439 2196 igitur
471 2132 629 2181 habuit
661 2133 898 2181 concilium
923 2133 1000 2181 ubi
1025 2133 1198 2181 nullum
1231 2143 1301 2180 est
1333 2142 1656 2180 sacramentum

178 2209 390 2272 coniugii,
413 2209 584 2256 nullum
610 2209 776 2273 pariter
799 2227 900 2257 esse
922 2220 1212 2266 contractum,
1233 2227 1286 2256 ex
1303 2226 1392 2274 quo
1416 2226 1661 2256 sacramen-

179 2296 271 2333 tum
289 2286 515 2333 enascitur
529 2287 625 2348 (13)
638 2286 709 2332 .Et
726 2302 834 2332 sane
852 2287 963 2333 satis
980 2296 1048 2333 est
1058 2285 1194 2333 verba
1210 2284 1457 2350 expendere
1474 2284 1655 2341 decreti,

276 2420 341 2461 (13)
365 2421 455 2452 Licet
469 2430 506 2452 ex
522 2420 619 2453 dictis
638 2422 823 2453 contractus
837 2421 868 2453 et
881 2421 1118 2453 sacramentum
1135 2420 1167 2452 in
1179 2419 1332 2460 coniugio
1356 2420 1533 2453 christiano
1557 2428 1659 2452 unum

176 2480 289 2504 revera
314 2473 397 2512 sint,
425 2481 495 2513 seu,
514 2474 550 2504 ut
567 2472 677 2513 aiunt,
705 2471 987 2513 identificentur,
1018 2473 1142 2504 ratione
1167 2473 1275 2504 tamen
1297 2479 1352 2503 seu
1375 2471 1480 2512 logice
1499 2471 1590 2512 prius
1611 2473 1660 2504 est

178 2526 365 2557 contractus
387 2533 487 2566 quam
502 2527 758 2565 sacramentum3
775 2525 950 2558 concilium
966 2534 1062 2566 porro
1075 2524 1213 2557 reddens
1227 2525 1379 2566 coniuges
1392 2533 1458 2557 non
1473 2524 1616 2563 idoneos
1617 2524 1659 2557 nd

178 2576 451 2617 contrahendum,
465 2578 547 2609 hoc
538 2587 609 2619 ipso
623 2578 751 2610 irritum
768 2578 845 2610 facit
864 2587 976 2610 eorum
994 2578 1195 2610 contractum
1205 2576 1659 2642 ‚adeoqueetsacramentum

180 2628 333 2670 impedit,
343 2629 438 2671 quod
452 2638 490 2662 ex
507 2629 565 2662 ilio
578 2632 758 2671 exurgeret.
1183 2637 1216 2645 ··¹
1372 2642 1390 2646 ·‘
1470 2635 1473 2645 ²

274 2682 428 2723 Apposite
439 2683 654 2715 Bellarminus
675 2683 738 2715 loc.
753 2684 809 2715 cit.
824 2692 895 2723 cap
911 2685 951 2715 V.
968 2682 1097 2715 scribit·
1112 2682 1265 2715 «Materia
1280 2683 1471 2715 sacramenti
1483 2683 1583 2715 huius
1598 2691 1663 2715 non

178 2733 227 2765 est
250 2733 436 2766 coniunctio
454 2735 518 2767 viri
536 2743 574 2767 ac
590 2734 737 2767 mulieris
758 2735 1010 2777 cuiuscumque,
1025 2734 1082 2768 sed
1095 2734 1534 2779 coniunctioleyitimmm
1541 2743 1659 2777 perso·

178 2794 347 2819 narum...
356 2787 447 2824 Quae
460 2787 527 2819 sint
541 2788 650 2819 autem
668 2787 831 2828 legitimae
844 2795 1001 2828 personae
1011 2788 1161 2822 cui-istus
1171 2796 1238 2831 nou
1251 2787 1417 2832 definivit,
1431 2787 1496 2825 sed
1506 2796 1656 2830 praesup-

176 2838 281 2878 posito
295 2839 462 2871 contractu
477 2840 619 2871 hnmano
634 2839 717 2872 inter
734 2839 894 2879 legitimas
909 2848 1076 2881 personas,
1092 2849 1164 2874 eam
1177 2841 1440 2882 coniunctionem
1461 2840 1568 2874 evexit
1590 2839 1658 2880 ipse
