1912 3180
320 182 409 228 318
572 193 651 224 ιω.
680 191 711 222 1.
741 189 854 222 sacr.
886 188 1058 221 Armini.
1090 188 1141 220 me
1176 187 1351 220 uirium.
1381 188 1523 221 mviii.

315 275 442 322 affert
469 268 698 317 familiae?
722 269 850 332 Ipsos
874 266 1156 314 adversarios
1182 276 1357 314 nostros
1383 266 1784 331 pseudo—politicos

318 348 489 396 iudices
524 346 810 393 advocamus.

411 424 543 470 Sexto
567 422 746 468 demum
763 419 834 467 vel
857 437 910 467 ex
933 436 985 467 eo
1009 419 1156 484 capite
1179 418 1455 483 antipolitica
1478 429 1612 484 atque
1635 436 1788 483 respu-

318 499 437 546 enda
471 499 542 546 lex
582 497 659 544 illa
696 497 787 544 dici
826 496 958 544 debet
978 535 988 553 ,
1032 512 1148 560 quae
1182 495 1314 543 citius
1348 495 1548 543 seriusve
1581 495 1782 551 aboleri,

317 575 386 623 vel
421 575 579 623 saltem
604 575 650 621 in
673 573 1011 622 desuetudinem
1045 570 1193 628 abire,
1232 572 1413 637 vimque
1446 590 1622 620 omnem
1657 572 1786 619 amit—

318 663 408 700 tere
430 651 588 700 debet.v
607 651 701 700 Hoc
724 650 993 716 principium
1018 659 1244 714 tamquam
1269 648 1602 713 irrepugnabile
1624 649 1786 696 lemma

315 746 543 794 suppono,
591 727 700 794 quin
745 726 1005 793 probatione
1045 742 1160 789 opus
1202 725 1274 773 sit.
1321 727 1487 773 Revera
1526 725 1784 788 legislator,

314 806 393 871 qui
440 805 580 869 legem
624 803 926 868 abrogandam
949 839 959 858 ,
1008 812 1085 849 aut
1127 802 1342 850 oblivioni
1389 802 1583 849 dandam
1626 803 1792 850 consti·-

315 892 458 929 tueret
478 919 488 938 ,
527 898 581 929 eo
627 881 726 945 ipso
771 877 1044 942 significaret
1088 878 1314 942 propriam
1362 876 1783 942 improvidentiam,

318 958 478 1006 mentis
511 957 766 1021 angustiam
789 994 799 1012 ,
834 972 887 1002 ac
921 954 1264 1019 imprudentiam
1298 972 1387 1002 non
1422 954 1680 1010 minimam,
1714 965 1792 1002 aut

317 1034 623 1099 impotentiam
647 1043 692 1080 et
720 1032 1047 1089 infirmitatem,
1088 1032 1193 1079 dum
1227 1031 1297 1078 lex
1331 1031 1534 1079 obruitur
1567 1031 1788 1078 contraria

319 1110 561 1158 universim
608 1107 768 1171 agendi
811 1107 1006 1163 ratione,
1057 1125 1173 1172 quae
1212 1107 1357 1172 ipsam
1397 1107 1582 1170 abrogat
1615 1106 1785 1170 legem-;

314 1196 392 1233 aut
426 1186 706 1250 iniquitatem
746 1196 790 1232 et
828 1184 1120 1241 iniustitiam,
1161 1201 1276 1249 quae
1309 1184 1397 1249 ipsi
1432 1183 1518 1247 legi
1553 1183 1784 1239 inhaeret,

321 1280 526 1327 quaeque
564 1262 661 1309 eius
697 1261 1026 1324 abrogationem
1060 1260 1326 1324 expostulat.
1557 1254 1560 1257 ’

417 1339 510 1386 Hoc
537 1338 675 1401 igitur
697 1337 917 1402 principio
941 1347 1197 1401 assumpto,
1228 1337 1294 1383 sic
1318 1353 1472 1401 pergo:
1495 1337 1581 1382 Lex
1605 1335 1662 1382 de
1684 1349 1789 1383 con-

320 1415 454 1478 iugiis
485 1431 605 1461 mere
638 1414 846 1461 civilibus
880 1430 981 1461 cum
1008 1423 1103 1460 orta
1127 1413 1186 1460 sit
1207 1430 1260 1459 ex
1285 1412 1506 1477 principio
1542 1421 1789 1476 protestan-

322 1490 442 1538 tismi
467 1490 524 1536 de
548 1490 828 1554 separatione
862 1488 1135 1553 reipublicae
1169 1487 1225 1534 ab
1260 1505 1307 1534 re
1339 1487 1609 1543 christiana,
1637 1498 1687 1533 ut
1710 1504 1792 1534 suo

319 1567 415 1615 loco
443 1566 751 1622 ostendimus,
792 1576 926 1630 atque
949 1565 1006 1612 ab
1030 1564 1182 1612 hostili
1218 1564 1354 1612 veluti
1391 1565 1559 1629 impetu
1594 1565 1710 1611 facto
1745 1564 1790 1610 in

319 1643 576 1699 ecclesiam,
605 1642 681 1690 ubi
706 1643 817 1689 haec
841 1641 980 1706 impia
1007 1641 1271 1706 phraenesis
1301 1641 1567 1697 cessaverit,
1596 1640 1665 1686 lex
1691 1640 1792 1704 ipsa

320 1730 465 1766 cesset
498 1736 679 1766 necesse
713 1729 796 1766 est.
841 1712 1024 1765 Sublata
1057 1718 1174 1765 enim
1209 1734 1347 1764 causa
1381 1717 1549 1764 tolli'tur
1582 1716 1785 1764 effectus.

322 1796 454 1842 Porro
490 1795 573 1842 etsi
608 1795 813 1842 homines
849 1794 1119 1859 quandoque
1153 1793 1369 1850 delirent,
1410 1793 1455 1838 in
1490 1793 1709 1840 eiusmodi
1735 1803 1797 1839 ta-

320 1889 420 1918 men
457 1870 761 1918 deliramentis
796 1870 874 1917 diu
908 1870 1151 1917 consistere
1185 1880 1433 1934 nequeunt;
1464 1869 1687 1934 siquidem
1718 1868 1796 1914 de-

322 1947 496 1993 lirantis
530 1946 724 1994 conditio
759 1963 848 1993 non
881 1956 950 1993 est
983 1946 1152 1993 homini
1187 1945 1513 2000 connaturalis;
1543 1945 1744 2008 adeoque
1772 1960 1797 1991 a

322 2022 479 2070 morali
520 2023 605 2070 hoc
649 2023 951 2087 religiosoque
994 2022 1284 2070 deliramento
1331 2022 1507 2069 tandem
1554 2020 1798 2086 aliquando

322 2100 445 2148 cives
469 2114 523 2147 'se
552 2100 775 2165 recipiunt
807 2113 860 2147 ac
895 2099 1178 2164 resipiscunt.
1220 2099 1329 2146 Cum
1364 2116 1469 2146 vero
1503 2098 1793 2163 resipuerint,

321 2176 492 2241 riteque
539 2176 760 2223 senserint
802 2176 922 2223 cives
952 2214 960 2231 ,
1008 2176 1120 2223 serre
1160 2175 1351 2239 amplius
1393 2191 1444 2221 ac
1485 2174 1672 2222 tolerare
1711 2190 1799 2220 non

321 2262 526 2318 poterunt
551 2252 693 2315 legem
710 2291 719 2308 ,
748 2270 864 2317 quae
889 2252 1117 2317 propriae,
1145 2268 1280 2316 quam
1305 2251 1590 2315 profitentur,
1621 2249 1798 2312 religio—

323 2328 367 2374 ni
409 2328 576 2376 directe
610 2328 874 2376 adversatur
896 2367 906 2385 ,
945 2346 1044 2376 cum
1081 2346 1225 2393 eaque
1257 2338 1408 2393 aperte
1441 2335 1624 2391 pugnat.
1667 2325 1797 2389 Impii

324 2405 457 2452 etiam
493 2405 857 2470 pseudo-politici
898 2405 1010 2468 legis
1047 2416 1248 2452 auctores
1294 2405 1577 2467 fautoresque
1620 2401 1799 2448 tandem

324 2481 568 2546 aliquando
603 2499 655 2528 ex
691 2481 764 2528 his
798 2481 927 2528 terris
956 2482 1265 2544 commigrant.
1295 2481 1414 2528 Licet
1439 2496 1543 2527 vero
1572 2479 1803 2526 successio

323 2558 543 2605 eiusmodi
581 2558 815 2611 hominum
850 2575 1093 2623 numquam
1128 2557 1330 2612 deficiat,
1362 2558 1406 2602 in
1432 2572 1615 2602 numero
1650 2566 1797 2602 tamen

324 2651 657 2692 successorum,
698 2635 735 2682 si
772 2634 1009 2682 nonnullos
1045 2634 1291 2698 peculiares
1316 2650 1367 2680 ac
1389 2632 1643 2680 eventuales
1667 2648 1801 2679 casus

323 2710 520 2773 excipias
543 2750 553 2767 ,
594 2729 680 2758 non
717 2711 829 2759 solet
858 2711 977 2758 idem
1003 2710 1188 2758 nocendi
1216 2709 1412 2757 studium
1438 2709 1600 2756 durare
1624 2726 1675 2755 ac
1700 2726 1798 2772 per-

327 2786 511 2842 sistere,
549 2798 598 2835 ut
631 2787 801 2853 aliquid
836 2788 892 2835 de
933 2787 1122 2853 pristina
1166 2786 1420 2837 intensitate
1456 2803 1542 2833 non
1589 2785 1796 2833 remittat.
