1918 3186
293 196 384 229 cn.
409 197 438 228 1.
463 196 554 228 Am.
576 196 606 227 1.
629 193 681 226 DE
705 194 903 226 VEm'rA'rE
929 194 1180 228 SAanu.'1·:x
1205 194 1319 227 ECCL'.
1343 195 1487 227 DOCTR.
1579 180 1634 226 21

162 276 419 341 coniugium
443 276 746 337 interseptem
771 285 1046 321 sacramenta
1071 274 1377 322 connumerari
1407 275 1543 336 (64).;1
1565 276 1640 322 aut

165 352 221 399 de
255 350 528 407 Cassandro,
567 349 674 396 dum
699 348 744 394 in
768 347 1090 396 consultatione
1124 366 1347 414 propace
1367 350 1639 398 auctoritate

168 429 303 476 fretus
328 427 610 493 potissimum
633 425 833 472 Durandi
857 425 1055 473 insinuat
1076 426 1404 474 matrimonium
1427 443 1515 475 non
1539 444 1640 475 esse

166 513 488 552 sacramentum
527 502 706 567 proprie
748 500 915 548 dictum
955 503 1082 563 (65);
1123 513 1199 549 aut
1231 502 1289 550 de
1321 503 1638 551 recentioribus

162 579 448 646 quibusdam,
480 579 555 644 qui
581 578 907 626 matrimonium
943 577 1056 624 inter
1097 589 1371 627 sacramenta
1410 590 1640 628 recensent

163 656 219 704 ab
243 655 430 703 ecclesia
447 655 663 701 instituta.
690 654 881 710 Quidam
904 653 1022 701 enim
1042 654 1192 701 nescio
1210 655 1337 702 cuius
1355 655 1501 704 salsae
1511 657 1636 721 pacis

160 750 261 780 cum
284 731 628 797 protestantibus
648 731 951 779 conciliandae
966 730 1134 795 cupidi,
1157 741 1321 779 temere
1338 734 1639 796 excogitarunt

159 808 379 856 ecclesiae
412 807 679 855 institutioni
714 806 991 854 referendum
1014 823 1123 853 esse⁴
1138 817 1463 854 sacramentum
1486 809 1638 855 matri-

159 885 321 941 monii;
350 885 482 950 at'que
516 883 736 931 affirmare
768 900 856 931 non
890 882 1148 930 dubitarunt
1180 882 1487 941 matrimonia,
1527 902 1632 941 seu,

158 973 208 1010 ut
229 961 411 1027 quidam
434 961 703 1026 loquuntur,
732 959 967 1008 sollemnia
991 959 1271 1007 connubialis
1306 970 1555 1009 contractus
1580 962 1637 1010 ab

159 1039 349 1087 ecclesia
373 1039 420 1086 in
443 1055 674 1086 numerum
698 1037 1009 1102 primariamm
1028 1037 1391 1095 ceremoniarum,
1407 1039 1454 1084 in
1467 1049 1636 1103 partem

158 1115 303 1163 cultus
336 1115 417 1163 Dei
450 1114 649 1179 publici,
686 1113 731 1161 in
765 1123 1142 1161 sacramentorum
1174 1124 1373 1179 systema
1405 1127 1636 1182 assumpta

157 1190 319 1247 fuisse,
347 1201 480 1256 atque
504 1190 615 1238 adeo
640 1189 746 1237 hinc
769 1189 1057 1254 conspicuum
1082 1189 1230 1247 reddi,
1254 1189 1477 1256 Christum
1501 1192 1637 1240 eccle-

157 1266 252 1315 siae
286 1277 549 1331 potestatem
583 1266 790 1322 dedisse,
829 1276 878 1313 ut
912 1266 1200 1314 sacramentis
1232 1266 1291 1313 *ab
1324 1267 1424 1331 ipso
1459 1266 1635 1316 Christo

158 1344 373 1392 institutis
386 1382 396 1401 ‚
418 1343 507 1391 alia
524 1343 735 1408 deinceps
754 1342 850 1408 pari
868 1344 1126 1391 auctoritate
1149 1343 1458 1408 pariquelcum
1476 1344 1635 1392 effectu

160 1420 500 1484 superadderet,
527 1429 657 1484 prout
689 1429 935 1483 temporum
967 1419 1177 1466 adiuncta
1211 1419 1486 1484 postularent
1512 1423 1629 1483 (66).

157 1496 374 1543 Nimirum
392 1513 444 1544 eo
468 1495 692 1561 progressi
718 1506 821 1543 sunt
844 1495 1050 1560 quidam,
1071 1506 1120 1561 ut
1135 1499 1390 1544 assererent
1407 1496 1634 1544 Christum

156 1573 409 1620 immediate
442 1572 530 1620 duo
563 1582 733 1619 tantum
779 1582 1055 1619 sacramenta
1098 1572 1373 1630 instituisse,
1410 1573 1634 1638 baptisma

154 1649 327 1697 scilicet
359 1660 401 1697 et
433 1649 776 1704 eucharistiam;
816 1648 984 1704 cetera,
1024 1665 1075 1696 ac
1109 1650 1367 1698 nominatim
1407 1651 1633 1698 matrimo-

155 1726 303 1783 nium,
338 1726 527 1774 mediate
562 1726 706 1774 solum
743 1725 1105 1791 per'ecclesiam.
1145 1724 1210 1773 Ita
1244 1726 1423 1792 quidem
1464 1726 1633 1791 impru-

156 1800 309 1850 dentes
331 1801 650 1867 liberioresque
672 1801 864 1866 theologi
890 1801 1104 1867 putabant
1121 1819 1170 1850 se
1187 1801 1317 1850 facile
1335 1820 1467 1867 posse
1486 1803 1542 1850 ad
1560 1820 1632 1850 ec—

255 1958 322 1999 (84)
342 1962 430 2002 opp..
442 1961 729 2003 ed,Lugd.Batav.
750 1965 839 1995 1705.
856 1963 946 1995 tomo
965 1963 1021 1995 vl.
1038 1961 1102 1994 col.
1119 1966 1193 2001 690,
1208 1961 1264 1994 ubi
1282 1962 1453 2002 postquam
1475 1959 1634 1993 inficiatus

157 2011 206 2043 oet
216 2019 242 2043 s.
251 2012 462 2052 Augustinum
476 2023 590 2057 vocem
608 2017 824 2048 sacramenti
839 2024 1011 2057 usurpasse
1027 2024 1065 2047 eo
1081 2015 1115 2047 in
1133 2023 1228 2047 sensu
1250 2023 1316 2054 quo
1337 2022 1396 2046 nos
1413 2022 1452 2046 ea
1469 2021 1556 2045 nunc
1570 2012 1632 2045 uti-

157 2064 294 2104 mur,·et
306 2065 477 2106 postquam
497 2065 660 2100 silentium
675 2068 816 2100 auctoris
829 2077 962 2110 operum
976 2076 1060 2109 quae
1074 2067 1135 2100 sub
1150 2067 1296 2108 Dionysii
1313 2065 1444 2099 nomine
1462 2066 1630 2098 circumfe-

156 2117 273 2149 runtur
283 2141 293 2158 ,
316 2117 493 2159 notaverit,
509 2119 636 2152 subdit:
660 2133 677 2148 «ι
687 2122 795 2158 Quum
816 2123 866 2153 tot
887 2121 1107 2153 voluminibus
1121 2121 1296 2152 tractatum
1311 2120 1354 2151 sit
1367 2119 1408 2152 de
1422 2119 1629 2152 matrimonio

158 2169 210 2201 vel
230 2178 250 2202 a
271 2170 392 2210 graecis
414 2170 465 2202 vel
487 2179 506 2202 a
527 2170 656 2212 latinis,
678 2172 788 2204 nullus
817 2174 866 2205 est
884 2173 975 2205 locus
997 2173 1086 2205 unde.
1103 2173 1225 2213 liqueat
1244 2172 1319 2204 illos
1339 2172 1524 2213 coniugium
1546 2172 1629 2204 inter

158 2221 280 2262 septem
299 2222 501 2254 sacramenta
517 2231 801 2255 commemorare.»
815 2224 939 2257 Deinde
954 2224 1069 2266 agendi
1088 2225 1246 2256 rationem
1265 2225 1358 2265 urget
1377 2223 1556 2264 Ioviniani,
1573 2223 1630 2266 qui

154 2273 238 2306 inter
254 2274 360 2306 cetera
371 2276 576 2315 argumenta,
594 2274 714 2315 quibus
728 2284 827 2317 supra
839 2276 1057 2317 virginitatem
1075 2276 1221 2309 attollere
1238 2276 1353 2308 nititur
1369 2276 1626 2316 matrimonium,

155 2325 252 2358 huius
265 2325 430 2367 dignitatis
444 2327 639 2359 mentionem
660 2327 784 2359 nullam
801 2327 922 2360 iniecit.
937 2330 1042 2366 Quam
1057 2328 1138 2361 falsa
1156 2328 1199 2361 sit
1217 2328 1321 2370 prima
1341 2328 1410 2360 ffl’us
1430 2328 1563 2360 assertio
1587 2336 1626 2360 ex

156 2377 262 2410 allatis
277 2386 296 2410 a
314 2377 408 2411 nobis
432 2378 635 2411 documentis
663 2379 791 2412 abunde
817 2381 954 2413 constat.
976 2380 1090 2418 Quoad
1111 2379 1314 2413 Iovinianum
1344 2380 1478 2420 attinet,
1507 2379 1627 2411 sufficit

154 2430 430 2472 animadvertere,
453 2431 523 2464 eius
539 2431 790 2473 disputationem
811 2433 971 2465 versatam
991 2432 1091 2466 fuisse
1110 2433 1194 2465 inter
1212 2434 1346 2466 statum
1358 2435 1390 2465 et
1404 2433 1550 2472 statum,
1564 2440 1629 2464 non

153 2484 259 2516 autem
278 2483 365 2516 circa
386 2485 507 2523 ritum,
531 2493 598 2525 quo
618 2486 675 2517 aut
693 2485 860 2526 virginitas
883 2486 941 2518 aut
962 2486 1150 2527 coniugium
1171 2486 1388 2518 consecratur.
1506 2525 1508 2527 Ι

254 2535 320 2578 (65)
339 2537 430 2569 Inter
454 2545 529 2578 opp.
550 2537 656 2570 Grotii
678 2537 864 2579 Theologie.
880 2538 932 2571 ed.
946 2538 1143 2572 Amataelod.
1159 2542 1250 2572 1679.
1266 2539 1346 2570 tom.
1362 2539 1420 2570 111.
1434 2546 1466 2578 p.
1480 2540 1551 2570 579.
1566 2538 1626 2570 'ra-

154 2589 206 2621 cet
219 2598 296 2622 vero
305 2589 486 2623 Cassander
505 2590 567 2623 hac
586 2590 658 2632 ipsa
677 2591 718 2623 de
737 2599 847 2632 causa,
859 2592 896 2624 ut
910 2600 1012 2633 nuper
1027 2591 1181 2632 vidimus,
1193 2590 1383 2623 Durandum
1398 2591 1432 2622 iu
1450 2590 1627 2632 posteriore

154 2640 295 2674 editione
314 2642 434 2675 fassum
456 2651 525 2676 esse
545 2643 788 2676 matrimonium
808 2653 877 2677 esse
894 2645 1143 2685 sacramentum,
1155 2644 1234 2685 quin
1248 2643 1291 2675 de
1306 2642 1440 2677 haeresi
1456 2643 1549 2676 male
1563 2652 1625 2676 au·

156 2692 294 2735 aiebat,
317 2695 354 2727 ut
372 2695 508 2728 testatus
528 2695 659 2728 Domin.
679 2705 699 2729 a
720 2697 798 2730 soto
818 2696 852 2729 in
873 2700 904 2728 4.
923 2696 1000 2729 dist.
1018 2701 1069 2729 26.
1089 2705 1123 2737 q.
1142 2700 1172 2727 2.
1189 2696 1250 2728 art.
1267 2699 1296 2728 3.·

157 2777 162 2780 .
251 2746 316 2788 (66)
337 2747 387 2780 lta
405 2747 567 2782 Oberthur
587 2749 622 2782 in
643 2758 702 2783 sua
722 2749 812 2784 Idea
833 2749 961 2783 biblica
990 2749 1151 2782 ecclesiae
1171 2749 1245 2781 Dei.
1266 2747 1439 2782 Solisbasci
1465 2752 1552 2782 ¹828.
1570 2747 1622 2780 ed.

152 2808 222 2834 sec.
237 2800 303 2833 vol.
320 2801 378 2833 111.
395 2810 468 2843 pag.
485 2807 545 2835 216
559 2811 628 2845 seq.
