<?xml version="1.0" encoding="UTF-8"?>
<!DOCTYPE html PUBLIC "-//W3C//DTD XHTML 1.0 Transitional//EN"
    "http://www.w3.org/TR/xhtml1/DTD/xhtml1-transitional.dtd">
<html xmlns="http://www.w3.org/1999/xhtml" xml:lang="en" lang="en">
 <head>
  <title>
</title>
<meta http-equiv="Content-Type" content="text/html;charset=utf-8" />
  <meta name='ocr-system' content='tesseract 3.04.00' />
  <meta name='ocr-capabilities' content='ocr_page ocr_carea ocr_par ocr_line ocrx_word'/>
</head>
<body>
  <div class='ocr_page' id='page_1' title='image "a603380701perruoft_0038.png"; bbox 0 0 1918 3186; ppageno 0'>
   <div class='ocr_carea' id='block_1_1' title="bbox 310 159 1499 207">
    <p class='ocr_par' dir='ltr' id='par_1_1' title="bbox 310 159 1499 207">
     <span class='ocr_line' id='line_1_1' title="bbox 310 159 1499 207; baseline -0.005 -1"><span class='ocrx_word' id='word_1_1' title='bbox 310 159 366 206; x_wconf 88' lang='grc'><strong>16</strong></span> <span class='ocrx_word' id='word_1_2' title='bbox 572 174 652 207; x_wconf 77' lang='lat' dir='ltr'><strong>un.</strong></span> <span class='ocrx_word' id='word_1_3' title='bbox 682 174 713 206; x_wconf 88' lang='lat'><strong>1.</strong></span> <span class='ocrx_word' id='word_1_4' title='bbox 741 171 853 205; x_wconf 74' lang='lat' dir='ltr'><strong>secr.</strong></span> <span class='ocrx_word' id='word_1_5' title='bbox 878 171 907 203; x_wconf 90' lang='lat'><strong>1.</strong></span> <span class='ocrx_word' id='word_1_6' title='bbox 938 170 990 202; x_wconf 69' lang='lat' dir='ltr'><strong>mi</strong></span> <span class='ocrx_word' id='word_1_7' title='bbox 1013 170 1187 204; x_wconf 72' lang='lat' dir='ltr'><strong>unam.</strong></span> <span class='ocrx_word' id='word_1_8' title='bbox 1217 168 1499 203; x_wconf 59' lang='lat' dir='ltr'><strong>sicaniimo.</strong></span> 
     </span>
    </p>
   </div>
   <div class='ocr_carea' id='block_1_2' title="bbox 306 245 1776 388">
    <p class='ocr_par' dir='ltr' id='par_1_2' title="bbox 306 245 1776 388">
     <span class='ocr_line' id='line_1_2' title="bbox 307 245 1776 313; baseline -0.003 -13"><span class='ocrx_word' id='word_1_9' title='bbox 307 251 461 300; x_wconf 76' lang='lat' dir='ltr'><strong>scribit</strong></span> <span class='ocrx_word' id='word_1_10' title='bbox 482 271 490 298; x_wconf 89' lang='lat'>:</span> <span class='ocrx_word' id='word_1_11' title='bbox 533 271 555 296; x_wconf 74' lang='grc' dir='ltr'><strong>ι(</strong></span> <span class='ocrx_word' id='word_1_12' title='bbox 576 251 684 297; x_wconf 89' lang='lat' dir='ltr'><strong>Nam</strong></span> <span class='ocrx_word' id='word_1_13' title='bbox 716 247 837 313; x_wconf 89' lang='lat' dir='ltr'><strong>quod</strong></span> <span class='ocrx_word' id='word_1_14' title='bbox 870 247 916 293; x_wconf 91' lang='lat' dir='ltr'><strong>in</strong></span> <span class='ocrx_word' id='word_1_15' title='bbox 951 247 1051 312; x_wconf 89' lang='lat' dir='ltr'><strong>ipsa</strong></span> <span class='ocrx_word' id='word_1_16' title='bbox 1081 247 1390 296; x_wconf 89' lang='lat' dir='ltr'><strong>coniunctione</strong></span> <span class='ocrx_word' id='word_1_17' title='bbox 1423 245 1632 294; x_wconf 87' lang='lat' dir='ltr'><strong>connubii</strong></span> <span class='ocrx_word' id='word_1_18' title='bbox 1655 263 1684 294; x_wconf 81' lang='lat' dir='ltr'><strong>a</strong></span> <span class='ocrx_word' id='word_1_19' title='bbox 1705 265 1776 296; x_wconf 77' lang='lat' dir='ltr'><strong>sa-</strong></span> 
     </span>
     <span class='ocr_line' id='line_1_3' title="bbox 306 321 1774 388; baseline -0.004 -13"><span class='ocrx_word' id='word_1_20' title='bbox 306 327 468 375; x_wconf 79' lang='lat' dir='ltr'><strong>cerdote</strong></span> <span class='ocrx_word' id='word_1_21' title='bbox 488 324 772 378; x_wconf 75' lang='lat' dir='ltr'><strong><em>benedicatur,</em></strong></span> <span class='ocrx_word' id='word_1_22' title='bbox 787 322 871 370; x_wconf 91' lang='lat' dir='ltr'><strong>hoc</strong></span> <span class='ocrx_word' id='word_1_23' title='bbox 887 332 956 370; x_wconf 89' lang='lat' dir='ltr'><strong>est</strong></span> <span class='ocrx_word' id='word_1_24' title='bbox 971 340 998 371; x_wconf 94' lang='lat' dir='ltr'><strong>a</strong></span> <span class='ocrx_word' id='word_1_25' title='bbox 1013 324 1104 370; x_wconf 87' lang='lat' dir='ltr'><strong>Deo</strong></span> <span class='ocrx_word' id='word_1_26' title='bbox 1122 323 1266 388; x_wconf 89' lang='lat' dir='ltr'><strong>prima</strong></span> <span class='ocrx_word' id='word_1_27' title='bbox 1282 323 1327 369; x_wconf 90' lang='lat' dir='ltr'><strong>in</strong></span> <span class='ocrx_word' id='word_1_28' title='bbox 1346 322 1447 387; x_wconf 88' lang='lat' dir='ltr'><strong>ipsa</strong></span> <span class='ocrx_word' id='word_1_29' title='bbox 1463 321 1774 370; x_wconf 90' lang='lat' dir='ltr'><strong>coniunctione</strong></span> 
     </span>
    </p>
   </div>
   <div class='ocr_carea' id='block_1_3' title="bbox 301 403 1778 2361">
    <p class='ocr_par' dir='ltr' id='par_1_3' title="bbox 304 403 1775 548">
     <span class='ocr_line' id='line_1_4' title="bbox 305 403 1775 469; baseline -0.002 -15"><span class='ocrx_word' id='word_1_30' title='bbox 305 407 496 456; x_wconf 89' lang='lat' dir='ltr'><strong>hominis</strong></span> <span class='ocrx_word' id='word_1_31' title='bbox 530 406 691 453; x_wconf 87' lang='lat' dir='ltr'><strong>factum</strong></span> <span class='ocrx_word' id='word_1_32' title='bbox 715 414 784 452; x_wconf 91' lang='lat' dir='ltr'><strong>est</strong></span> <span class='ocrx_word' id='word_1_33' title='bbox 810 405 961 467; x_wconf 90' lang='grc'>(44).»</span> <span class='ocrx_word' id='word_1_34' title='bbox 981 405 1038 452; x_wconf 90' lang='lat' dir='ltr'><strong>Et</strong></span> <span class='ocrx_word' id='word_1_35' title='bbox 1059 404 1170 452; x_wconf 91' lang='lat' dir='ltr'><strong>haec</strong></span> <span class='ocrx_word' id='word_1_36' title='bbox 1202 404 1382 469; x_wconf 91' lang='lat' dir='ltr'><strong>quidem</strong></span> <span class='ocrx_word' id='word_1_37' title='bbox 1416 403 1535 468; x_wconf 87' lang='lat' dir='ltr'><strong>quod</strong></span> <span class='ocrx_word' id='word_1_38' title='bbox 1569 403 1625 451; x_wconf 86' lang='lat' dir='ltr'><strong>ad</strong></span> <span class='ocrx_word' id='word_1_39' title='bbox 1660 403 1775 451; x_wconf 89' lang='lat' dir='ltr'><strong>hanc</strong></span> 
     </span>
     <span class='ocr_line' id='line_1_5' title="bbox 304 479 1505 548; baseline -0.003 -18"><span class='ocrx_word' id='word_1_40' title='bbox 304 484 489 548; x_wconf 85' lang='lat' dir='ltr'><strong>primam</strong></span> <span class='ocrx_word' id='word_1_41' title='bbox 526 480 715 529; x_wconf 82' lang='lat' dir='ltr'><strong>classem</strong></span> <span class='ocrx_word' id='word_1_42' title='bbox 750 480 904 528; x_wconf 85' lang='lat' dir='ltr'><strong>attinet</strong></span> <span class='ocrx_word' id='word_1_43' title='bbox 934 479 1138 529; x_wconf 89' lang='lat' dir='ltr'><strong>attulisse</strong></span> <span class='ocrx_word' id='word_1_44' title='bbox 1170 480 1364 529; x_wconf 83' lang='lat' dir='ltr'><strong>sufficiat</strong></span> <span class='ocrx_word' id='word_1_45' title='bbox 1388 481 1505 543; x_wconf 78' lang='lat'>(45).</span> 
     </span>
    </p>

    <p class='ocr_par' dir='ltr' id='par_1_4' title="bbox 301 555 1778 2206">
     <span class='ocr_line' id='line_1_6' title="bbox 397 555 1777 622; baseline -0.001 -17"><span class='ocrx_word' id='word_1_46' title='bbox 397 558 464 605; x_wconf 91' lang='lat' dir='ltr'><strong>Ad</strong></span> <span class='ocrx_word' id='word_1_47' title='bbox 503 556 684 605; x_wconf 89' lang='lat' dir='ltr'><strong>alteram</strong></span> <span class='ocrx_word' id='word_1_48' title='bbox 726 555 915 604; x_wconf 81' lang='lat' dir='ltr'><strong>classem</strong></span> <span class='ocrx_word' id='word_1_49' title='bbox 948 573 1026 604; x_wconf 91' lang='lat' dir='ltr'><strong>eos</strong></span> <span class='ocrx_word' id='word_1_50' title='bbox 1059 567 1207 621; x_wconf 91' lang='lat' dir='ltr'><strong>patres</strong></span> <span class='ocrx_word' id='word_1_51' title='bbox 1250 556 1391 604; x_wconf 86' lang='lat' dir='ltr'><strong>refero</strong></span> <span class='ocrx_word' id='word_1_52' title='bbox 1423 556 1500 621; x_wconf 91' lang='lat' dir='ltr'><strong>qui</strong></span> <span class='ocrx_word' id='word_1_53' title='bbox 1534 556 1777 622; x_wconf 73' lang='lat' dir='ltr'><strong>sanctifica—</strong></span> 
     </span>
     <span class='ocr_line' id='line_1_7' title="bbox 304 632 1776 697; baseline -0.001 -17"><span class='ocrx_word' id='word_1_54' title='bbox 304 635 457 680; x_wconf 72' lang='lat' dir='ltr'><strong>tionem</strong></span> <span class='ocrx_word' id='word_1_55' title='bbox 478 632 682 696; x_wconf 90' lang='lat' dir='ltr'><strong>coniugio</strong></span> <span class='ocrx_word' id='word_1_56' title='bbox 705 632 918 680; x_wconf 88' lang='lat' dir='ltr'><strong>tribuunt.</strong></span> <span class='ocrx_word' id='word_1_57' title='bbox 946 632 1176 680; x_wconf 90' lang='lat' dir='ltr'><strong>Eiusmodi</strong></span> <span class='ocrx_word' id='word_1_58' title='bbox 1200 643 1304 680; x_wconf 88' lang='lat' dir='ltr'><strong>sunt</strong></span> <span class='ocrx_word' id='word_1_59' title='bbox 1326 649 1363 680; x_wconf 90' lang='lat' dir='ltr'><strong>s.</strong></span> <span class='ocrx_word' id='word_1_60' title='bbox 1393 632 1671 689; x_wconf 86' lang='lat' dir='ltr'><strong>Ambrosius,</strong></span> <span class='ocrx_word' id='word_1_61' title='bbox 1699 633 1776 697; x_wconf 91' lang='lat' dir='ltr'><strong>qui</strong></span> 
     </span>
     <span class='ocr_line' id='line_1_8' title="bbox 301 707 1776 773; baseline -0.001 -17"><span class='ocrx_word' id='word_1_62' title='bbox 301 707 565 756; x_wconf 86' lang='lat' dir='ltr'><strong>christianos</strong></span> <span class='ocrx_word' id='word_1_63' title='bbox 602 708 916 756; x_wconf 84' lang='lat' dir='ltr'><strong>dehortatums</strong></span> <span class='ocrx_word' id='word_1_64' title='bbox 950 725 976 756; x_wconf 93' lang='lat' dir='ltr'><strong>a</strong></span> <span class='ocrx_word' id='word_1_65' title='bbox 1009 707 1246 771; x_wconf 87' lang='lat' dir='ltr'><strong>iungendis</strong></span> <span class='ocrx_word' id='word_1_66' title='bbox 1280 709 1452 773; x_wconf 90' lang='lat' dir='ltr'><strong>nuptiis</strong></span> <span class='ocrx_word' id='word_1_67' title='bbox 1485 720 1586 756; x_wconf 88' lang='lat' dir='ltr'><strong>cum</strong></span> <span class='ocrx_word' id='word_1_68' title='bbox 1621 708 1776 755; x_wconf 87' lang='lat' dir='ltr'><strong>infide-</strong></span> 
     </span>
     <span class='ocr_line' id='line_1_9' title="bbox 302 783 1775 849; baseline 0.001 -19"><span class='ocrx_word' id='word_1_69' title='bbox 302 783 443 841; x_wconf 88' lang='lat' dir='ltr'><strong>libus,</strong></span> <span class='ocrx_word' id='word_1_70' title='bbox 479 783 564 832; x_wconf 89' lang='lat' dir='ltr'><strong>hac</strong></span> <span class='ocrx_word' id='word_1_71' title='bbox 597 784 763 832; x_wconf 88' lang='lat' dir='ltr'><strong>ratione</strong></span> <span class='ocrx_word' id='word_1_72' title='bbox 795 784 957 832; x_wconf 87' lang='lat' dir='ltr'><strong>utitur:</strong></span> <span class='ocrx_word' id='word_1_73' title='bbox 1004 803 1027 829; x_wconf 73' lang='grc' dir='ltr'><strong>α</strong></span> <span class='ocrx_word' id='word_1_74' title='bbox 1054 785 1164 831; x_wconf 90' lang='lat' dir='ltr'><strong>Nam</strong></span> <span class='ocrx_word' id='word_1_75' title='bbox 1198 800 1298 831; x_wconf 89' lang='lat' dir='ltr'><strong>cum</strong></span> <span class='ocrx_word' id='word_1_76' title='bbox 1332 784 1481 849; x_wconf 83' lang='lat' dir='ltr'><strong>ipsum</strong></span> <span class='ocrx_word' id='word_1_77' title='bbox 1521 785 1775 848; x_wconf 74' lang='lat' dir='ltr'><strong>coniugium</strong></span> 
     </span>
     <span class='ocr_line' id='line_1_10' title="bbox 302 858 1771 924; baseline 0 -17"><span class='ocrx_word' id='word_1_78' title='bbox 302 858 522 907; x_wconf 80' lang='lat' dir='ltr'><strong>velamine</strong></span> <span class='ocrx_word' id='word_1_79' title='bbox 555 859 817 908; x_wconf 91' lang='lat' dir='ltr'><strong>sacerdotali</strong></span> <span class='ocrx_word' id='word_1_80' title='bbox 850 870 894 907; x_wconf 90' lang='lat' dir='ltr'><strong>et</strong></span> <span class='ocrx_word' id='word_1_81' title='bbox 924 858 1232 907; x_wconf 88' lang='lat' dir='ltr'><strong>benedictione</strong></span> <span class='ocrx_word' id='word_1_82' title='bbox 1264 860 1530 924; x_wconf 75' lang='lat' dir='ltr'><strong>sanctificari</strong></span> <span class='ocrx_word' id='word_1_83' title='bbox 1549 870 1771 924; x_wconf 91' lang='lat' dir='ltr'><strong>oporteat,</strong></span> 
     </span>
     <span class='ocr_line' id='line_1_11' title="bbox 304 934 1776 1001; baseline -0.002 -17"><span class='ocrx_word' id='word_1_84' title='bbox 304 934 527 1001; x_wconf 82' lang='lat' dir='ltr'><strong>quomodo</strong></span> <span class='ocrx_word' id='word_1_85' title='bbox 558 945 703 1000; x_wconf 83' lang='lat' dir='ltr'><strong>potest</strong></span> <span class='ocrx_word' id='word_1_86' title='bbox 734 935 987 998; x_wconf 87' lang='lat' dir='ltr'><strong>coniugium</strong></span> <span class='ocrx_word' id='word_1_87' title='bbox 1019 935 1108 982; x_wconf 91' lang='lat' dir='ltr'><strong>dici</strong></span> <span class='ocrx_word' id='word_1_88' title='bbox 1123 973 1134 992; x_wconf 89' lang='lat'>,</span> <span class='ocrx_word' id='word_1_89' title='bbox 1163 934 1240 983; x_wconf 91' lang='lat' dir='ltr'><strong>ubi</strong></span> <span class='ocrx_word' id='word_1_90' title='bbox 1263 952 1351 983; x_wconf 92' lang='lat' dir='ltr'><strong>non</strong></span> <span class='ocrx_word' id='word_1_91' title='bbox 1374 946 1444 983; x_wconf 86' lang='lat' dir='ltr'><strong>est</strong></span> <span class='ocrx_word' id='word_1_92' title='bbox 1467 934 1571 982; x_wconf 87' lang='lat' dir='ltr'><strong>fidei</strong></span> <span class='ocrx_word' id='word_1_93' title='bbox 1595 951 1776 983; x_wconf 88' lang='lat' dir='ltr'><strong>concor-</strong></span> 
     </span>
     <span class='ocr_line' id='line_1_12' title="bbox 303 1009 1778 1075; baseline -0.001 -18"><span class='ocrx_word' id='word_1_94' title='bbox 303 1009 379 1058; x_wconf 89' lang='lat' dir='ltr'><strong>dia</strong></span> <span class='ocrx_word' id='word_1_95' title='bbox 416 1011 534 1073; x_wconf 83' lang='grc'>(46),</span> <span class='ocrx_word' id='word_1_96' title='bbox 551 1029 575 1056; x_wconf 88' lang='grc'>»</span> <span class='ocrx_word' id='word_1_97' title='bbox 610 1021 655 1059; x_wconf 87' lang='lat' dir='ltr'><strong>et</strong></span> <span class='ocrx_word' id='word_1_98' title='bbox 685 1009 823 1068; x_wconf 88' lang='lat' dir='ltr'><strong>alibi,</strong></span> <span class='ocrx_word' id='word_1_99' title='bbox 866 1030 888 1055; x_wconf 79' lang='grc' dir='ltr'><strong>α</strong></span> <span class='ocrx_word' id='word_1_100' title='bbox 910 1011 1063 1075; x_wconf 81' lang='lat' dir='ltr'><strong>Neque</strong></span> <span class='ocrx_word' id='word_1_101' title='bbox 1094 1027 1197 1058; x_wconf 84' lang='lat' dir='ltr'><strong>vero</strong></span> <span class='ocrx_word' id='word_1_102' title='bbox 1231 1027 1311 1058; x_wconf 91' lang='lat' dir='ltr'><strong>nos</strong></span> <span class='ocrx_word' id='word_1_103' title='bbox 1346 1026 1559 1074; x_wconf 82' lang='lat' dir='ltr'><strong>negamus</strong></span> <span class='ocrx_word' id='word_1_104' title='bbox 1590 1010 1778 1074; x_wconf 77' lang='lat' dir='ltr'><strong>sanctifi-</strong></span> 
     </span>
     <span class='ocr_line' id='line_1_13' title="bbox 304 1084 1770 1149; baseline -0.001 -17"><span class='ocrx_word' id='word_1_105' title='bbox 304 1095 446 1132; x_wconf 81' lang='lat' dir='ltr'><strong>catum</strong></span> <span class='ocrx_word' id='word_1_106' title='bbox 484 1102 511 1133; x_wconf 90' lang='lat' dir='ltr'><strong>a</strong></span> <span class='ocrx_word' id='word_1_107' title='bbox 543 1084 719 1134; x_wconf 85' lang='lat' dir='ltr'><strong>Christo</strong></span> <span class='ocrx_word' id='word_1_108' title='bbox 760 1102 861 1134; x_wconf 88' lang='lat' dir='ltr'><strong>esse</strong></span> <span class='ocrx_word' id='word_1_109' title='bbox 903 1085 1155 1149; x_wconf 85' lang='lat' dir='ltr'><strong>coniugium</strong></span> <span class='ocrx_word' id='word_1_110' title='bbox 1177 1123 1187 1142; x_wconf 91' lang='lat'>‚</span> <span class='ocrx_word' id='word_1_111' title='bbox 1234 1085 1387 1133; x_wconf 87' lang='lat' dir='ltr'><strong>divina</strong></span> <span class='ocrx_word' id='word_1_112' title='bbox 1425 1101 1534 1133; x_wconf 82' lang='lat' dir='ltr'><strong>voce</strong></span> <span class='ocrx_word' id='word_1_113' title='bbox 1572 1084 1770 1132; x_wconf 85' lang='lat' dir='ltr'><strong>dicente:</strong></span> 
     </span>
     <span class='ocr_line' id='line_1_14' title="bbox 305 1160 1775 1224; baseline 0 -17"><span class='ocrx_word' id='word_1_114' title='bbox 305 1170 428 1207; x_wconf 80' lang='lat' dir='ltr'><strong>erunt</strong></span> <span class='ocrx_word' id='word_1_115' title='bbox 460 1160 582 1208; x_wconf 82' lang='lat' dir='ltr'><strong>ambo</strong></span> <span class='ocrx_word' id='word_1_116' title='bbox 607 1162 654 1207; x_wconf 73' lang='lat' dir='ltr'><strong>in</strong></span> <span class='ocrx_word' id='word_1_117' title='bbox 675 1178 806 1208; x_wconf 82' lang='lat' dir='ltr'><strong>unam</strong></span> <span class='ocrx_word' id='word_1_118' title='bbox 837 1178 1007 1208; x_wconf 79' lang='lat' dir='ltr'><strong>carnem</strong></span> <span class='ocrx_word' id='word_1_119' title='bbox 1039 1170 1080 1207; x_wconf 82' lang='lat' dir='ltr'><strong>et</strong></span> <span class='ocrx_word' id='word_1_120' title='bbox 1112 1160 1159 1206; x_wconf 76' lang='lat' dir='ltr'><strong>in</strong></span> <span class='ocrx_word' id='word_1_121' title='bbox 1191 1178 1274 1207; x_wconf 81' lang='lat' dir='ltr'><strong>uno</strong></span> <span class='ocrx_word' id='word_1_122' title='bbox 1306 1161 1466 1224; x_wconf 76' lang='lat' dir='ltr'><strong>spirita</strong></span> <span class='ocrx_word' id='word_1_123' title='bbox 1492 1161 1643 1222; x_wconf 84' lang='grc'>(47).»</span> <span class='ocrx_word' id='word_1_124' title='bbox 1668 1160 1775 1207; x_wconf 89' lang='lat' dir='ltr'><strong>Item</strong></span> 
     </span>
     <span class='ocr_line' id='line_1_15' title="bbox 303 1235 1775 1302; baseline -0.001 -18"><span class='ocrx_word' id='word_1_125' title='bbox 303 1253 342 1284; x_wconf 90' lang='lat' dir='ltr'><strong>s.</strong></span> <span class='ocrx_word' id='word_1_126' title='bbox 371 1235 563 1302; x_wconf 80' lang='lat' dir='ltr'><strong>Cyrillus</strong></span> <span class='ocrx_word' id='word_1_127' title='bbox 596 1236 707 1284; x_wconf 86' lang='lat' dir='ltr'><strong>alex.</strong></span> <span class='ocrx_word' id='word_1_128' title='bbox 750 1256 772 1281; x_wconf 75' lang='grc' dir='ltr'><strong>α</strong></span> <span class='ocrx_word' id='word_1_129' title='bbox 795 1235 1019 1293; x_wconf 87' lang='lat' dir='ltr'><strong>Christus,</strong></span> <span class='ocrx_word' id='word_1_130' title='bbox 1060 1236 1232 1301; x_wconf 89' lang='lat' dir='ltr'><strong>inquit,</strong></span> <span class='ocrx_word' id='word_1_131' title='bbox 1272 1236 1371 1300; x_wconf 90' lang='lat' dir='ltr'><strong>ipse</strong></span> <span class='ocrx_word' id='word_1_132' title='bbox 1403 1253 1503 1284; x_wconf 89' lang='lat' dir='ltr'><strong>cum</strong></span> <span class='ocrx_word' id='word_1_133' title='bbox 1537 1235 1775 1301; x_wconf 85' lang='lat' dir='ltr'><strong>discipulis</strong></span> 
     </span>
     <span class='ocr_line' id='line_1_16' title="bbox 303 1310 1771 1376; baseline -0.001 -17"><span class='ocrx_word' id='word_1_134' title='bbox 303 1311 399 1359; x_wconf 89' lang='lat' dir='ltr'><strong>suis</strong></span> <span class='ocrx_word' id='word_1_135' title='bbox 433 1311 644 1360; x_wconf 81' lang='lat' dir='ltr'><strong>invitatus</strong></span> <span class='ocrx_word' id='word_1_136' title='bbox 676 1310 799 1359; x_wconf 64' lang='lat' dir='ltr'><strong>v‘enit</strong></span> <span class='ocrx_word' id='word_1_137' title='bbox 834 1311 929 1374; x_wconf 90' lang='lat' dir='ltr'><strong>(ad</strong></span> <span class='ocrx_word' id='word_1_138' title='bbox 963 1311 1194 1376; x_wconf 91' lang='lat' dir='ltr'><strong>nuptias),</strong></span> <span class='ocrx_word' id='word_1_139' title='bbox 1234 1329 1322 1359; x_wconf 89' lang='lat' dir='ltr'><strong>non</strong></span> <span class='ocrx_word' id='word_1_140' title='bbox 1357 1323 1444 1359; x_wconf 88' lang='lat' dir='ltr'><strong>tam</strong></span> <span class='ocrx_word' id='word_1_141' title='bbox 1477 1310 1738 1376; x_wconf 87' lang='lat' dir='ltr'><strong>epulaturus</strong></span> <span class='ocrx_word' id='word_1_142' title='bbox 1761 1349 1771 1367; x_wconf 92' lang='lat'>,</span> 
     </span>
     <span class='ocr_line' id='line_1_17' title="bbox 304 1386 1778 1451; baseline 0 -17"><span class='ocrx_word' id='word_1_143' title='bbox 304 1403 438 1451; x_wconf 90' lang='lat' dir='ltr'><strong>quam</strong></span> <span class='ocrx_word' id='word_1_144' title='bbox 461 1397 511 1434; x_wconf 91' lang='lat' dir='ltr'><strong>ut</strong></span> <span class='ocrx_word' id='word_1_145' title='bbox 533 1387 793 1435; x_wconf 85' lang='lat' dir='ltr'><strong>miraculum</strong></span> <span class='ocrx_word' id='word_1_146' title='bbox 827 1386 1011 1443; x_wconf 84' lang='lat' dir='ltr'><strong>faceret,</strong></span> <span class='ocrx_word' id='word_1_147' title='bbox 1039 1403 1091 1434; x_wconf 91' lang='lat' dir='ltr'><strong>ac</strong></span> <span class='ocrx_word' id='word_1_148' title='bbox 1114 1397 1339 1451; x_wconf 88' lang='lat' dir='ltr'><strong>praeterea</strong></span> <span class='ocrx_word' id='word_1_149' title='bbox 1371 1386 1668 1450; x_wconf 82' lang='lat' dir='ltr'><strong>generationis</strong></span> <span class='ocrx_word' id='word_1_150' title='bbox 1692 1386 1778 1434; x_wconf 89' lang='lat' dir='ltr'><strong>hu-</strong></span> 
     </span>
     <span class='ocr_line' id='line_1_18' title="bbox 303 1461 1776 1527; baseline 0 -18"><span class='ocrx_word' id='word_1_151' title='bbox 303 1477 461 1510; x_wconf 87' lang='lat' dir='ltr'><strong>manae</strong></span> <span class='ocrx_word' id='word_1_152' title='bbox 494 1461 762 1527; x_wconf 89' lang='lat' dir='ltr'><strong>principium</strong></span> <span class='ocrx_word' id='word_1_153' title='bbox 795 1462 1104 1526; x_wconf 79' lang='lat' dir='ltr'><strong>sanctificaret,</strong></span> <span class='ocrx_word' id='word_1_154' title='bbox 1136 1461 1255 1526; x_wconf 90' lang='lat' dir='ltr'><strong>quod</strong></span> <span class='ocrx_word' id='word_1_155' title='bbox 1280 1461 1336 1508; x_wconf 87' lang='lat' dir='ltr'><strong>ad</strong></span> <span class='ocrx_word' id='word_1_156' title='bbox 1361 1478 1537 1509; x_wconf 84' lang='lat' dir='ltr'><strong>carnem</strong></span> <span class='ocrx_word' id='word_1_157' title='bbox 1566 1461 1776 1509; x_wconf 85' lang='lat' dir='ltr'><strong>nimirum</strong></span> 
     </span>
     <span class='ocr_line' id='line_1_19' title="bbox 304 1537 1774 1603; baseline 0 -17"><span class='ocrx_word' id='word_1_158' title='bbox 304 1538 472 1586; x_wconf 85' lang='lat' dir='ltr'><strong>attinet.</strong></span> <span class='ocrx_word' id='word_1_159' title='bbox 503 1537 800 1587; x_wconf 83' lang='lat' dir='ltr'><strong>Conveniebat</strong></span> <span class='ocrx_word' id='word_1_160' title='bbox 821 1538 964 1595; x_wconf 89' lang='lat' dir='ltr'><strong>enim,</strong></span> <span class='ocrx_word' id='word_1_161' title='bbox 993 1549 1042 1586; x_wconf 93' lang='lat' dir='ltr'><strong>ut</strong></span> <span class='ocrx_word' id='word_1_162' title='bbox 1064 1538 1140 1603; x_wconf 91' lang='lat' dir='ltr'><strong>qui</strong></span> <span class='ocrx_word' id='word_1_163' title='bbox 1166 1549 1366 1585; x_wconf 90' lang='lat' dir='ltr'><strong>naturam</strong></span> <span class='ocrx_word' id='word_1_164' title='bbox 1401 1538 1546 1602; x_wconf 87' lang='lat' dir='ltr'><strong>ipsam</strong></span> <span class='ocrx_word' id='word_1_165' title='bbox 1579 1538 1774 1586; x_wconf 90' lang='lat' dir='ltr'><strong>hominis</strong></span> 
     </span>
     <span class='ocr_line' id='line_1_20' title="bbox 304 1613 1773 1679; baseline -0.001 -18"><span class='ocrx_word' id='word_1_166' title='bbox 304 1624 591 1662; x_wconf 85' lang='lat' dir='ltr'><strong>renovaturus</strong></span> <span class='ocrx_word' id='word_1_167' title='bbox 623 1625 738 1672; x_wconf 88' lang='lat' dir='ltr'><strong>erat,</strong></span> <span class='ocrx_word' id='word_1_168' title='bbox 777 1631 866 1663; x_wconf 91' lang='lat' dir='ltr'><strong>non</strong></span> <span class='ocrx_word' id='word_1_169' title='bbox 899 1613 1042 1663; x_wconf 89' lang='lat' dir='ltr'><strong>solum</strong></span> <span class='ocrx_word' id='word_1_170' title='bbox 1076 1614 1154 1671; x_wconf 89' lang='lat' dir='ltr'><strong>iis,</strong></span> <span class='ocrx_word' id='word_1_171' title='bbox 1181 1614 1259 1679; x_wconf 90' lang='lat' dir='ltr'><strong>qui</strong></span> <span class='ocrx_word' id='word_1_172' title='bbox 1283 1614 1371 1662; x_wconf 92' lang='lat' dir='ltr'><strong>iam</strong></span> <span class='ocrx_word' id='word_1_173' title='bbox 1395 1614 1441 1660; x_wconf 90' lang='lat' dir='ltr'><strong>in</strong></span> <span class='ocrx_word' id='word_1_174' title='bbox 1464 1625 1607 1662; x_wconf 91' lang='lat' dir='ltr'><strong>ortum</strong></span> <span class='ocrx_word' id='word_1_175' title='bbox 1632 1615 1773 1662; x_wconf 84' lang='lat' dir='ltr'><strong>vocati</strong></span> 
     </span>
     <span class='ocr_line' id='line_1_21' title="bbox 304 1687 1771 1754; baseline -0.001 -18"><span class='ocrx_word' id='word_1_176' title='bbox 304 1699 452 1743; x_wconf 83' lang='lat' dir='ltr'><strong>erant.</strong></span> <span class='ocrx_word' id='word_1_177' title='bbox 489 1687 839 1737; x_wconf 86' lang='lat' dir='ltr'><strong>benedictionem</strong></span> <span class='ocrx_word' id='word_1_178' title='bbox 873 1689 1170 1754; x_wconf 88' lang='lat' dir='ltr'><strong>impertiretur</strong></span> <span class='ocrx_word' id='word_1_179' title='bbox 1186 1727 1196 1746; x_wconf 95' lang='lat'>,</span> <span class='ocrx_word' id='word_1_180' title='bbox 1235 1689 1315 1736; x_wconf 90' lang='lat' dir='ltr'><strong>sed</strong></span> <span class='ocrx_word' id='word_1_181' title='bbox 1338 1700 1382 1737; x_wconf 88' lang='lat' dir='ltr'><strong>et</strong></span> <span class='ocrx_word' id='word_1_182' title='bbox 1406 1688 1462 1737; x_wconf 89' lang='lat' dir='ltr'><strong>iis</strong></span> <span class='ocrx_word' id='word_1_183' title='bbox 1486 1706 1664 1754; x_wconf 89' lang='lat' dir='ltr'><strong>quoque</strong></span> <span class='ocrx_word' id='word_1_184' title='bbox 1694 1689 1771 1754; x_wconf 89' lang='lat' dir='ltr'><strong>qui</strong></span> 
     </span>
     <span class='ocr_line' id='line_1_22' title="bbox 304 1764 1774 1829; baseline -0.001 -17"><span class='ocrx_word' id='word_1_185' title='bbox 304 1774 459 1828; x_wconf 84' lang='lat' dir='ltr'><strong>postea</strong></span> <span class='ocrx_word' id='word_1_186' title='bbox 498 1764 712 1812; x_wconf 88' lang='lat' dir='ltr'><strong>nascituri</strong></span> <span class='ocrx_word' id='word_1_187' title='bbox 751 1775 903 1813; x_wconf 89' lang='lat' dir='ltr'><strong>essent</strong></span> <span class='ocrx_word' id='word_1_188' title='bbox 941 1766 1131 1829; x_wconf 79' lang='lat' dir='ltr'><strong>qratiam</strong></span> <span class='ocrx_word' id='word_1_189' title='bbox 1173 1765 1483 1829; x_wconf 85' lang='lat' dir='ltr'><strong>praestitueret</strong></span> <span class='ocrx_word' id='word_1_190' title='bbox 1498 1803 1508 1822; x_wconf 95' lang='lat'>‚</span> <span class='ocrx_word' id='word_1_191' title='bbox 1548 1775 1592 1812; x_wconf 89' lang='lat' dir='ltr'><strong>et</strong></span> <span class='ocrx_word' id='word_1_192' title='bbox 1623 1781 1774 1813; x_wconf 86' lang='lat' dir='ltr'><strong>eorum</strong></span> 
     </span>
     <span class='ocr_line' id='line_1_23' title="bbox 304 1840 1775 1906; baseline 0 -19"><span class='ocrx_word' id='word_1_193' title='bbox 304 1849 448 1887; x_wconf 88' lang='lat' dir='ltr'><strong>ortum</strong></span> <span class='ocrx_word' id='word_1_194' title='bbox 476 1849 671 1887; x_wconf 81' lang='lat' dir='ltr'><strong>sanctum</strong></span> <span class='ocrx_word' id='word_1_195' title='bbox 696 1840 889 1888; x_wconf 87' lang='lat' dir='ltr'><strong>efficeret</strong></span> <span class='ocrx_word' id='word_1_196' title='bbox 915 1842 1064 1904; x_wconf 85' lang='grc'>(48).»</span> <span class='ocrx_word' id='word_1_197' title='bbox 1086 1841 1130 1887; x_wconf 94' lang='lat' dir='ltr'><strong>S.</strong></span> <span class='ocrx_word' id='word_1_198' title='bbox 1153 1840 1428 1904; x_wconf 83' lang='lat' dir='ltr'><strong>Augustinus</strong></span> <span class='ocrx_word' id='word_1_199' title='bbox 1453 1852 1678 1906; x_wconf 89' lang='lat' dir='ltr'><strong>praeterea</strong></span> <span class='ocrx_word' id='word_1_200' title='bbox 1700 1840 1775 1887; x_wconf 91' lang='lat' dir='ltr'><strong>ad-</strong></span> 
     </span>
     <span class='ocr_line' id='line_1_24' title="bbox 304 1914 1770 1981; baseline 0.001 -20"><span class='ocrx_word' id='word_1_201' title='bbox 304 1914 392 1963; x_wconf 89' lang='lat' dir='ltr'><strong>dit:</strong></span> <span class='ocrx_word' id='word_1_202' title='bbox 425 1934 448 1960; x_wconf 83' lang='lat'><strong><em>«</em></strong></span> <span class='ocrx_word' id='word_1_203' title='bbox 467 1915 637 1964; x_wconf 90' lang='lat' dir='ltr'><strong>Bonum</strong></span> <span class='ocrx_word' id='word_1_204' title='bbox 671 1916 925 1981; x_wconf 88' lang='lat' dir='ltr'><strong>nuptiarum</strong></span> <span class='ocrx_word' id='word_1_205' title='bbox 959 1934 1039 1981; x_wconf 93' lang='lat' dir='ltr'><strong>per</strong></span> <span class='ocrx_word' id='word_1_206' title='bbox 1070 1934 1224 1965; x_wconf 89' lang='lat' dir='ltr'><strong>omnes</strong></span> <span class='ocrx_word' id='word_1_207' title='bbox 1257 1927 1431 1980; x_wconf 78' lang='lat' dir='ltr'><strong>gentes,</strong></span> <span class='ocrx_word' id='word_1_208' title='bbox 1461 1928 1593 1981; x_wconf 88' lang='lat' dir='ltr'><strong>atque</strong></span> <span class='ocrx_word' id='word_1_209' title='bbox 1616 1932 1770 1963; x_wconf 88' lang='lat' dir='ltr'><strong>omnes</strong></span> 
     </span>
     <span class='ocr_line' id='line_1_25' title="bbox 305 1990 1773 2056; baseline 0.002 -19"><span class='ocrx_word' id='word_1_210' title='bbox 305 1990 505 2039; x_wconf 89' lang='lat' dir='ltr'><strong>homines</strong></span> <span class='ocrx_word' id='word_1_211' title='bbox 540 1992 586 2039; x_wconf 92' lang='lat' dir='ltr'><strong>in</strong></span> <span class='ocrx_word' id='word_1_212' title='bbox 619 2009 755 2040; x_wconf 91' lang='lat' dir='ltr'><strong>causa</strong></span> <span class='ocrx_word' id='word_1_213' title='bbox 787 1992 1025 2056; x_wconf 88' lang='lat' dir='ltr'><strong>generandi</strong></span> <span class='ocrx_word' id='word_1_214' title='bbox 1049 2003 1140 2050; x_wconf 88' lang='lat' dir='ltr'><strong>est,</strong></span> <span class='ocrx_word' id='word_1_215' title='bbox 1168 2004 1211 2040; x_wconf 90' lang='lat' dir='ltr'><strong>et</strong></span> <span class='ocrx_word' id='word_1_216' title='bbox 1234 1993 1280 2040; x_wconf 90' lang='lat' dir='ltr'><strong>in</strong></span> <span class='ocrx_word' id='word_1_217' title='bbox 1304 1992 1392 2040; x_wconf 88' lang='lat' dir='ltr'><strong>fide</strong></span> <span class='ocrx_word' id='word_1_218' title='bbox 1415 1992 1629 2040; x_wconf 87' lang='lat' dir='ltr'><strong>castitatis</strong></span> <span class='ocrx_word' id='word_1_219' title='bbox 1654 1991 1773 2056; x_wconf 90' lang='lat' dir='ltr'><strong>quod</strong></span> 
     </span>
     <span class='ocr_line' id='line_1_26' title="bbox 304 2067 1774 2134; baseline 0.001 -21"><span class='ocrx_word' id='word_1_220' title='bbox 304 2077 449 2114; x_wconf 87' lang='lat' dir='ltr'><strong>autem</strong></span> <span class='ocrx_word' id='word_1_221' title='bbox 481 2067 536 2115; x_wconf 90' lang='lat' dir='ltr'><strong>ad</strong></span> <span class='ocrx_word' id='word_1_222' title='bbox 571 2067 783 2133; x_wconf 89' lang='lat' dir='ltr'><strong>populum</strong></span> <span class='ocrx_word' id='word_1_223' title='bbox 816 2069 897 2116; x_wconf 92' lang='lat' dir='ltr'><strong>Dei</strong></span> <span class='ocrx_word' id='word_1_224' title='bbox 931 2069 1143 2134; x_wconf 87' lang='lat' dir='ltr'><strong>pertinet,</strong></span> <span class='ocrx_word' id='word_1_225' title='bbox 1182 2070 1315 2117; x_wconf 90' lang='lat' dir='ltr'><strong>etiam</strong></span> <span class='ocrx_word' id='word_1_226' title='bbox 1356 2069 1400 2114; x_wconf 89' lang='lat' dir='ltr'><strong>in</strong></span> <span class='ocrx_word' id='word_1_227' title='bbox 1441 2069 1670 2115; x_wconf 75' lang='lat' dir='ltr'><strong>sanctitate</strong></span> <span class='ocrx_word' id='word_1_228' title='bbox 1707 2085 1774 2115; x_wconf 87' lang='lat' dir='ltr'><strong>sa-</strong></span> 
     </span>
     <span class='ocr_line' id='line_1_27' title="bbox 305 2143 687 2206; baseline -0.003 -16"><span class='ocrx_word' id='word_1_229' title='bbox 305 2143 515 2190; x_wconf 87' lang='lat' dir='ltr'><strong>cramenti</strong></span> <span class='ocrx_word' id='word_1_230' title='bbox 537 2145 651 2206; x_wconf 89' lang='grc'>(49).</span> <span class='ocrx_word' id='word_1_231' title='bbox 666 2164 687 2189; x_wconf 87' lang='grc'>»</span> 
     </span>
    </p>

    <p class='ocr_par' dir='ltr' id='par_1_5' title="bbox 306 2217 1771 2361">
     <span class='ocr_line' id='line_1_28' title="bbox 400 2217 1771 2286; baseline 0.001 -22"><span class='ocrx_word' id='word_1_232' title='bbox 400 2217 543 2266; x_wconf 88' lang='lat' dir='ltr'><strong>Tertia</strong></span> <span class='ocrx_word' id='word_1_233' title='bbox 585 2218 744 2267; x_wconf 88' lang='lat' dir='ltr'><strong>classis</strong></span> <span class='ocrx_word' id='word_1_234' title='bbox 776 2237 829 2267; x_wconf 87' lang='lat' dir='ltr'><strong>ex</strong></span> <span class='ocrx_word' id='word_1_235' title='bbox 863 2220 918 2268; x_wconf 83' lang='lat' dir='ltr'><strong>iis</strong></span> <span class='ocrx_word' id='word_1_236' title='bbox 951 2220 1161 2268; x_wconf 88' lang='lat' dir='ltr'><strong>coalescit</strong></span> <span class='ocrx_word' id='word_1_237' title='bbox 1202 2220 1424 2286; x_wconf 81' lang='lat' dir='ltr'><strong>patribus,</strong></span> <span class='ocrx_word' id='word_1_238' title='bbox 1466 2220 1542 2284; x_wconf 92' lang='lat' dir='ltr'><strong>qui</strong></span> <span class='ocrx_word' id='word_1_239' title='bbox 1587 2219 1771 2282; x_wconf 80' lang='lat' dir='ltr'><strong>gratiam</strong></span> 
     </span>
     <span class='ocr_line' id='line_1_29' title="bbox 306 2294 1762 2361; baseline -0.001 -20"><span class='ocrx_word' id='word_1_240' title='bbox 306 2311 385 2358; x_wconf 88' lang='lat' dir='ltr'><strong>per</strong></span> <span class='ocrx_word' id='word_1_241' title='bbox 416 2294 669 2358; x_wconf 90' lang='lat' dir='ltr'><strong>coniugium</strong></span> <span class='ocrx_word' id='word_1_242' title='bbox 702 2296 890 2344; x_wconf 86' lang='lat' dir='ltr'><strong>conferri</strong></span> <span class='ocrx_word' id='word_1_243' title='bbox 914 2308 1063 2361; x_wconf 88' lang='lat' dir='ltr'><strong>aperte</strong></span> <span class='ocrx_word' id='word_1_244' title='bbox 1085 2297 1363 2361; x_wconf 88' lang='lat' dir='ltr'><strong>significant,</strong></span> <span class='ocrx_word' id='word_1_245' title='bbox 1392 2306 1467 2344; x_wconf 89' lang='lat' dir='ltr'><strong>aut</strong></span> <span class='ocrx_word' id='word_1_246' title='bbox 1490 2305 1762 2361; x_wconf 87' lang='lat' dir='ltr'><strong>supponunt.</strong></span> 
     </span>
    </p>
   </div>
   <div class='ocr_carea' id='block_1_4' title="bbox 306 2457 1771 2815">
    <p class='ocr_par' dir='ltr' id='par_1_6' title="bbox 398 2457 1090 2500">
     <span class='ocr_line' id='line_1_30' title="bbox 398 2457 1090 2500; baseline 0.003 -11"><span class='ocrx_word' id='word_1_247' title='bbox 398 2457 466 2498; x_wconf 79' lang='grc'>(44)</span> <span class='ocrx_word' id='word_1_248' title='bbox 485 2459 536 2490; x_wconf 84' lang='lat' dir='ltr'><strong>De</strong></span> <span class='ocrx_word' id='word_1_249' title='bbox 550 2459 674 2499; x_wconf 73' lang='lat' dir='ltr'><strong>ortqtn.</strong></span> <span class='ocrx_word' id='word_1_250' title='bbox 690 2458 806 2491; x_wconf 80' lang='lat' dir='ltr'><strong>eccles.</strong></span> <span class='ocrx_word' id='word_1_251' title='bbox 822 2459 878 2491; x_wconf 87' lang='lat' dir='ltr'><strong>lib.</strong></span> <span class='ocrx_word' id='word_1_252' title='bbox 895 2461 936 2492; x_wconf 86' lang='grc' dir='ltr'><strong>Ιι.</strong></span> <span class='ocrx_word' id='word_1_253' title='bbox 952 2468 1024 2500; x_wconf 81' lang='lat' dir='ltr'><strong>cap.</strong></span> <span class='ocrx_word' id='word_1_254' title='bbox 1042 2465 1090 2493; x_wconf 87' lang='lat'><strong>19.</strong></span> 
     </span>
    </p>

    <p class='ocr_par' dir='ltr' id='par_1_7' title="bbox 400 2510 1391 2553">
     <span class='ocr_line' id='line_1_31' title="bbox 400 2510 1391 2553; baseline 0.001 -11"><span class='ocrx_word' id='word_1_255' title='bbox 400 2510 465 2550; x_wconf 74' lang='grc'>(45)</span> <span class='ocrx_word' id='word_1_256' title='bbox 487 2510 558 2543; x_wconf 86' lang='lat' dir='ltr'><strong>Alia</strong></span> <span class='ocrx_word' id='word_1_257' title='bbox 572 2510 676 2548; x_wconf 82' lang='lat' dir='ltr'><strong>videri</strong></span> <span class='ocrx_word' id='word_1_258' title='bbox 692 2513 826 2553; x_wconf 81' lang='lat' dir='ltr'><strong>possunt</strong></span> <span class='ocrx_word' id='word_1_259' title='bbox 841 2512 926 2553; x_wconf 83' lang='lat' dir='ltr'><strong>apud</strong></span> <span class='ocrx_word' id='word_1_260' title='bbox 943 2513 1028 2553; x_wconf 80' lang='lat' dir='ltr'><strong>Hug.</strong></span> <span class='ocrx_word' id='word_1_261' title='bbox 1044 2512 1232 2545; x_wconf 83' lang='lat' dir='ltr'><strong>Menardum</strong></span> <span class='ocrx_word' id='word_1_262' title='bbox 1255 2513 1316 2544; x_wconf 77' lang='lat' dir='ltr'><strong>loc.</strong></span> <span class='ocrx_word' id='word_1_263' title='bbox 1338 2513 1391 2545; x_wconf 85' lang='lat' dir='ltr'><strong>cit.</strong></span> 
     </span>
    </p>

    <p class='ocr_par' dir='ltr' id='par_1_8' title="bbox 398 2561 1216 2604">
     <span class='ocr_line' id='line_1_32' title="bbox 398 2561 1216 2604; baseline 0.002 -10"><span class='ocrx_word' id='word_1_264' title='bbox 398 2561 464 2601; x_wconf 81' lang='grc'>(46)</span> <span class='ocrx_word' id='word_1_265' title='bbox 486 2562 585 2603; x_wconf 80' lang='lat' dir='ltr'><strong>Epist.</strong></span> <span class='ocrx_word' id='word_1_266' title='bbox 601 2564 685 2595; x_wconf 82' lang='lat' dir='ltr'><strong>Xlx.</strong></span> <span class='ocrx_word' id='word_1_267' title='bbox 706 2563 748 2595; x_wconf 85' lang='lat' dir='ltr'><strong>ad</strong></span> <span class='ocrx_word' id='word_1_268' title='bbox 764 2563 860 2604; x_wconf 84' lang='lat' dir='ltr'><strong>Vigil.</strong></span> <span class='ocrx_word' id='word_1_269' title='bbox 878 2564 929 2596; x_wconf 84' lang='lat' dir='ltr'><strong>ed.</strong></span> <span class='ocrx_word' id='word_1_270' title='bbox 946 2565 1049 2596; x_wconf 83' lang='lat' dir='ltr'><strong>Maur.</strong></span> <span class='ocrx_word' id='word_1_271' title='bbox 1065 2564 1127 2596; x_wconf 86' lang='lat' dir='ltr'><strong>col.</strong></span> <span class='ocrx_word' id='word_1_272' title='bbox 1146 2567 1216 2596; x_wconf 71' lang='grc'><strong>844.</strong></span> 
     </span>
    </p>

    <p class='ocr_par' dir='ltr' id='par_1_9' title="bbox 401 2613 1771 2658">
     <span class='ocr_line' id='line_1_33' title="bbox 401 2613 1771 2658; baseline 0.004 -13"><span class='ocrx_word' id='word_1_273' title='bbox 401 2613 467 2654; x_wconf 83' lang='grc'>(47)</span> <span class='ocrx_word' id='word_1_274' title='bbox 481 2616 516 2646; x_wconf 89' lang='lat' dir='ltr'><strong>ln</strong></span> <span class='ocrx_word' id='word_1_275' title='bbox 523 2615 616 2656; x_wconf 86' lang='lat' dir='ltr'><strong>epist.</strong></span> <span class='ocrx_word' id='word_1_276' title='bbox 627 2615 669 2647; x_wconf 83' lang='lat' dir='ltr'><strong>ad</strong></span> <span class='ocrx_word' id='word_1_277' title='bbox 679 2616 828 2649; x_wconf 83' lang='lat' dir='ltr'><strong>siricium</strong></span> <span class='ocrx_word' id='word_1_278' title='bbox 834 2625 950 2658; x_wconf 84' lang='lat' dir='ltr'><strong>papam</strong></span> <span class='ocrx_word' id='word_1_279' title='bbox 959 2625 991 2648; x_wconf 90' lang='lat' dir='ltr'><strong>n.</strong></span> <span class='ocrx_word' id='word_1_280' title='bbox 1002 2621 1032 2649; x_wconf 80' lang='lat'><strong>5.</strong></span> <span class='ocrx_word' id='word_1_281' title='bbox 1041 2616 1126 2657; x_wconf 86' lang='lat' dir='ltr'><strong>apud</strong></span> <span class='ocrx_word' id='word_1_282' title='bbox 1133 2618 1299 2649; x_wconf 82' lang='lat' dir='ltr'><strong>coustant.</strong></span> <span class='ocrx_word' id='word_1_283' title='bbox 1313 2617 1689 2658; x_wconf 73' lang='lat' dir='ltr'><strong>Episc.rom.pont.c01.</strong></span> <span class='ocrx_word' id='word_1_284' title='bbox 1699 2620 1771 2651; x_wconf 83' lang='grc'><strong>670.</strong></span> 
     </span>
    </p>

    <p class='ocr_par' dir='ltr' id='par_1_10' title="bbox 306 2666 1768 2758">
     <span class='ocr_line' id='line_1_34' title="bbox 400 2666 1768 2711; baseline 0.003 -13"><span class='ocrx_word' id='word_1_285' title='bbox 400 2666 466 2706; x_wconf 85' lang='grc'>(48)</span> <span class='ocrx_word' id='word_1_286' title='bbox 487 2668 670 2700; x_wconf 76' lang='lat' dir='ltr'><strong>Comment.</strong></span> <span class='ocrx_word' id='word_1_287' title='bbox 692 2671 728 2701; x_wconf 76' lang='lat' dir='ltr'><strong>in</strong></span> <span class='ocrx_word' id='word_1_288' title='bbox 748 2671 847 2702; x_wconf 84' lang='lat' dir='ltr'><strong>Ioan.</strong></span> <span class='ocrx_word' id='word_1_289' title='bbox 863 2669 917 2701; x_wconf 89' lang='lat' dir='ltr'><strong>lib.</strong></span> <span class='ocrx_word' id='word_1_290' title='bbox 935 2671 977 2702; x_wconf 91' lang='lat'><strong>11.</strong></span> <span class='ocrx_word' id='word_1_291' title='bbox 993 2677 1064 2710; x_wconf 85' lang='lat' dir='ltr'><strong>cap.</strong></span> <span class='ocrx_word' id='word_1_292' title='bbox 1085 2674 1114 2702; x_wconf 77' lang='lat'><strong>2.</strong></span> <span class='ocrx_word' id='word_1_293' title='bbox 1132 2678 1165 2700; x_wconf 88' lang='lat' dir='ltr'><strong>v.</strong></span> <span class='ocrx_word' id='word_1_294' title='bbox 1185 2674 1211 2702; x_wconf 84' lang='grc'><strong>1.</strong></span> <span class='ocrx_word' id='word_1_295' title='bbox 1230 2679 1304 2711; x_wconf 89' lang='lat' dir='ltr'><strong>opp.</strong></span> <span class='ocrx_word' id='word_1_296' title='bbox 1322 2670 1372 2703; x_wconf 84' lang='lat' dir='ltr'><strong>ed.</strong></span> <span class='ocrx_word' id='word_1_297' title='bbox 1392 2671 1492 2703; x_wconf 78' lang='lat' dir='ltr'><strong>Paris.</strong></span> <span class='ocrx_word' id='word_1_298' title='bbox 1514 2674 1602 2702; x_wconf 78' lang='grc'>1638.</span> <span class='ocrx_word' id='word_1_299' title='bbox 1615 2671 1694 2702; x_wconf 86' lang='lat' dir='ltr'><strong>tom.</strong></span> <span class='ocrx_word' id='word_1_300' title='bbox 1712 2672 1768 2702; x_wconf 83' lang='lat' dir='ltr'><strong>lv.</strong></span> 
     </span>
     <span class='ocr_line' id='line_1_35' title="bbox 306 2722 469 2758; baseline 0 -10"><span class='ocrx_word' id='word_1_301' title='bbox 306 2726 376 2758; x_wconf 83' lang='lat' dir='ltr'><strong>pag.</strong></span> <span class='ocrx_word' id='word_1_302' title='bbox 401 2722 469 2750; x_wconf 80' lang='lat'><strong>155.</strong></span> 
     </span>
    </p>

    <p class='ocr_par' dir='ltr' id='par_1_11' title="bbox 401 2770 1174 2815">
     <span class='ocr_line' id='line_1_36' title="bbox 401 2770 1174 2815; baseline 0.001 -12"><span class='ocrx_word' id='word_1_303' title='bbox 401 2770 466 2811; x_wconf 80' lang='lat'>(49)</span> <span class='ocrx_word' id='word_1_304' title='bbox 486 2773 536 2804; x_wconf 87' lang='lat' dir='ltr'><strong>De</strong></span> <span class='ocrx_word' id='word_1_305' title='bbox 559 2771 642 2804; x_wconf 85' lang='lat' dir='ltr'><strong>bono</strong></span> <span class='ocrx_word' id='word_1_306' title='bbox 658 2774 831 2814; x_wconf 70' lang='lat' dir='ltr'><strong>contuqala&#39;</strong></span> <span class='ocrx_word' id='word_1_307' title='bbox 850 2783 921 2815; x_wconf 64' lang='grc' dir='ltr'>(κιρ,</span> <span class='ocrx_word' id='word_1_308' title='bbox 938 2776 1053 2807; x_wconf 81' lang='grc' dir='ltr'><strong><em>ΧΧΝ.</em></strong></span> <span class='ocrx_word' id='word_1_309' title='bbox 1074 2783 1104 2806; x_wconf 90' lang='lat' dir='ltr'><strong>n.</strong></span> <span class='ocrx_word' id='word_1_310' title='bbox 1127 2779 1174 2806; x_wconf 82' lang='lat'><strong>32.</strong></span> 
     </span>
    </p>
   </div>
  </div>
 </body>
</html>
