<?xml version="1.0" encoding="UTF-8"?>
<!DOCTYPE html PUBLIC "-//W3C//DTD XHTML 1.0 Transitional//EN"
    "http://www.w3.org/TR/xhtml1/DTD/xhtml1-transitional.dtd">
<html xmlns="http://www.w3.org/1999/xhtml" xml:lang="en" lang="en">
 <head>
  <title>
</title>
<meta http-equiv="Content-Type" content="text/html;charset=utf-8" />
  <meta name='ocr-system' content='tesseract 3.04.00' />
  <meta name='ocr-capabilities' content='ocr_page ocr_carea ocr_par ocr_line ocrx_word'/>
</head>
<body>
  <div class='ocr_page' id='page_1' title='image "a603380701perruoft_0304.png"; bbox 0 0 1912 3180; ppageno 0'>
   <div class='ocr_carea' id='block_1_1' title="bbox 347 191 1536 237">
    <p class='ocr_par' dir='ltr' id='par_1_1' title="bbox 347 191 1536 237">
     <span class='ocr_line' id='line_1_1' title="bbox 347 191 1536 237; baseline -0.003 0"><span class='ocrx_word' id='word_1_1' title='bbox 347 191 436 237; x_wconf 81' lang='lat'><strong>282</strong></span> <span class='ocrx_word' id='word_1_2' title='bbox 596 205 677 236; x_wconf 78' lang='lat' dir='ltr'><strong>un.</strong></span> <span class='ocrx_word' id='word_1_3' title='bbox 707 203 735 234; x_wconf 88' lang='lat'><strong>1.</strong></span> <span class='ocrx_word' id='word_1_4' title='bbox 764 201 876 234; x_wconf 70' lang='lat' dir='ltr'><strong>secr.</strong></span> <span class='ocrx_word' id='word_1_5' title='bbox 905 202 1074 235; x_wconf 72' lang='lat' dir='ltr'><strong>ALTERA.</strong></span> <span class='ocrx_word' id='word_1_6' title='bbox 1103 202 1154 233; x_wconf 69' lang='lat' dir='ltr'><strong>ni:</strong></span> <span class='ocrx_word' id='word_1_7' title='bbox 1189 202 1364 235; x_wconf 74' lang='lat' dir='ltr'><strong>iuram.</strong></span> <span class='ocrx_word' id='word_1_8' title='bbox 1394 203 1536 236; x_wconf 79' lang='lat' dir='ltr'><strong>olvm.</strong></span> 
     </span>
    </p>
   </div>
   <div class='ocr_carea' id='block_1_2' title="bbox 342 278 1810 1334">
    <p class='ocr_par' dir='ltr' id='par_1_2' title="bbox 342 278 1810 1334">
     <span class='ocr_line' id='line_1_2' title="bbox 346 278 1805 347; baseline 0.003 -19"><span class='ocrx_word' id='word_1_9' title='bbox 346 282 550 330; x_wconf 83' lang='lat' dir='ltr'><strong>invadere</strong></span> <span class='ocrx_word' id='word_1_10' title='bbox 572 290 615 325; x_wconf 92' lang='lat' dir='ltr'><strong>et</strong></span> <span class='ocrx_word' id='word_1_11' title='bbox 631 278 866 331; x_wconf 67' lang='lat' dir='ltr'><strong>‚corrodere</strong></span> <span class='ocrx_word' id='word_1_12' title='bbox 894 279 1071 326; x_wconf 88' lang='lat' dir='ltr'><strong>infimae</strong></span> <span class='ocrx_word' id='word_1_13' title='bbox 1094 278 1238 344; x_wconf 90' lang='lat' dir='ltr'><strong>plebis</strong></span> <span class='ocrx_word' id='word_1_14' title='bbox 1270 280 1443 327; x_wconf 89' lang='lat' dir='ltr'><strong>viscera</strong></span> <span class='ocrx_word' id='word_1_15' title='bbox 1458 318 1468 337; x_wconf 89' lang='lat'><strong>‚</strong></span> <span class='ocrx_word' id='word_1_16' title='bbox 1497 298 1686 347; x_wconf 90' lang='lat' dir='ltr'><strong>eumque</strong></span> <span class='ocrx_word' id='word_1_17' title='bbox 1709 301 1805 332; x_wconf 89' lang='lat' dir='ltr'><strong>sen-</strong></span> 
     </span>
     <span class='ocr_line' id='line_1_3' title="bbox 345 355 1805 420; baseline 0.002 -16"><span class='ocrx_word' id='word_1_18' title='bbox 345 373 442 404; x_wconf 90' lang='lat' dir='ltr'><strong>sum</strong></span> <span class='ocrx_word' id='word_1_19' title='bbox 461 355 676 403; x_wconf 82' lang='lat' dir='ltr'><strong>sofsocare</strong></span> <span class='ocrx_word' id='word_1_20' title='bbox 690 393 700 412; x_wconf 88' lang='lat'>,</span> <span class='ocrx_word' id='word_1_21' title='bbox 722 372 812 420; x_wconf 90' lang='lat' dir='ltr'><strong>quo</strong></span> <span class='ocrx_word' id='word_1_22' title='bbox 827 355 952 419; x_wconf 88' lang='lat' dir='ltr'><strong>prius</strong></span> <span class='ocrx_word' id='word_1_23' title='bbox 970 355 1259 403; x_wconf 78' lang='lat' dir='ltr'><strong>cohibebatur</strong></span> <span class='ocrx_word' id='word_1_24' title='bbox 1281 374 1307 403; x_wconf 89' lang='lat' dir='ltr'><strong>a</strong></span> <span class='ocrx_word' id='word_1_25' title='bbox 1330 374 1377 403; x_wconf 92' lang='lat' dir='ltr'><strong>re</strong></span> <span class='ocrx_word' id='word_1_26' title='bbox 1394 357 1541 404; x_wconf 86' lang='lat' dir='ltr'><strong>aliena</strong></span> <span class='ocrx_word' id='word_1_27' title='bbox 1566 358 1652 404; x_wconf 90' lang='lat' dir='ltr'><strong>sibi</strong></span> <span class='ocrx_word' id='word_1_28' title='bbox 1676 377 1805 407; x_wconf 88' lang='lat' dir='ltr'><strong>usur-</strong></span> 
     </span>
     <span class='ocr_line' id='line_1_4' title="bbox 343 430 1801 499; baseline 0.004 -22"><span class='ocrx_word' id='word_1_29' title='bbox 343 431 517 496; x_wconf 83' lang='lat' dir='ltr'><strong>panda;</strong></span> <span class='ocrx_word' id='word_1_30' title='bbox 554 432 645 479; x_wconf 87' lang='lat' dir='ltr'><strong>imo</strong></span> <span class='ocrx_word' id='word_1_31' title='bbox 678 430 851 496; x_wconf 83' lang='lat' dir='ltr'>plebem</span> <span class='ocrx_word' id='word_1_32' title='bbox 884 431 1110 488; x_wconf 84' lang='lat' dir='ltr'><strong>excitavit,</strong></span> <span class='ocrx_word' id='word_1_33' title='bbox 1149 433 1323 497; x_wconf 91' lang='lat' dir='ltr'><strong>quoties</strong></span> <span class='ocrx_word' id='word_1_34' title='bbox 1358 433 1539 498; x_wconf 90' lang='lat' dir='ltr'><strong>impune</strong></span> <span class='ocrx_word' id='word_1_35' title='bbox 1563 434 1607 480; x_wconf 90' lang='lat' dir='ltr'><strong>id</strong></span> <span class='ocrx_word' id='word_1_36' title='bbox 1633 436 1801 499; x_wconf 86' lang='lat' dir='ltr'><strong>possit,</strong></span> 
     </span>
     <span class='ocr_line' id='line_1_5' title="bbox 343 507 1806 572; baseline 0.004 -18"><span class='ocrx_word' id='word_1_37' title='bbox 343 507 400 554; x_wconf 89' lang='lat' dir='ltr'><strong>ad</strong></span> <span class='ocrx_word' id='word_1_38' title='bbox 432 508 690 572; x_wconf 88' lang='lat' dir='ltr'><strong>usurpanda</strong></span> <span class='ocrx_word' id='word_1_39' title='bbox 731 508 916 556; x_wconf 88' lang='lat' dir='ltr'><strong>divitum</strong></span> <span class='ocrx_word' id='word_1_40' title='bbox 953 508 1070 555; x_wconf 90' lang='lat' dir='ltr'><strong>bona</strong></span> <span class='ocrx_word' id='word_1_41' title='bbox 1092 546 1102 564; x_wconf 87' lang='lat'>‚</span> <span class='ocrx_word' id='word_1_42' title='bbox 1140 509 1249 572; x_wconf 90' lang='lat' dir='ltr'><strong>quin</strong></span> <span class='ocrx_word' id='word_1_43' title='bbox 1283 510 1580 558; x_wconf 89' lang='lat' dir='ltr'><strong>conscientiae</strong></span> <span class='ocrx_word' id='word_1_44' title='bbox 1614 511 1806 560; x_wconf 88' lang='lat' dir='ltr'><strong>stimulis</strong></span> 
     </span>
     <span class='ocr_line' id='line_1_6' title="bbox 343 583 1808 648; baseline 0.004 -19"><span class='ocrx_word' id='word_1_45' title='bbox 343 592 546 646; x_wconf 82' lang='lat' dir='ltr'><strong>angatur.</strong></span> <span class='ocrx_word' id='word_1_46' title='bbox 575 583 774 630; x_wconf 83' lang='lat' dir='ltr'>Pessima</span> <span class='ocrx_word' id='word_1_47' title='bbox 800 601 903 631; x_wconf 91' lang='lat' dir='ltr'><strong>vero</strong></span> <span class='ocrx_word' id='word_1_48' title='bbox 938 583 1049 629; x_wconf 84' lang='lat' dir='ltr'><strong>haec</strong></span> <span class='ocrx_word' id='word_1_49' title='bbox 1082 583 1220 629; x_wconf 89' lang='lat' dir='ltr'><strong>animi</strong></span> <span class='ocrx_word' id='word_1_50' title='bbox 1245 583 1482 648; x_wconf 86' lang='lat' dir='ltr'><strong>dispositio</strong></span> <span class='ocrx_word' id='word_1_51' title='bbox 1510 586 1556 632; x_wconf 92' lang='lat' dir='ltr'><strong>in</strong></span> <span class='ocrx_word' id='word_1_52' title='bbox 1586 586 1683 635; x_wconf 90' lang='lat' dir='ltr'><strong>dies</strong></span> <span class='ocrx_word' id='word_1_53' title='bbox 1713 605 1808 635; x_wconf 88' lang='lat' dir='ltr'><strong>cre-</strong></span> 
     </span>
     <span class='ocr_line' id='line_1_7' title="bbox 344 658 1806 727; baseline 0.004 -23"><span class='ocrx_word' id='word_1_54' title='bbox 344 658 454 714; x_wconf 88' lang='lat' dir='ltr'><strong>scit,</strong></span> <span class='ocrx_word' id='word_1_55' title='bbox 481 668 571 723; x_wconf 84' lang='lat' dir='ltr'><strong>quo&#39;</strong></span> <span class='ocrx_word' id='word_1_56' title='bbox 604 677 762 723; x_wconf 83' lang='lat' dir='ltr'>nempe</span> <span class='ocrx_word' id='word_1_57' title='bbox 796 659 939 722; x_wconf 78' lang='lat' dir='ltr'><strong>magis</strong></span> <span class='ocrx_word' id='word_1_58' title='bbox 974 658 1113 722; x_wconf 84' lang='lat' dir='ltr'><strong>serpit</strong></span> <span class='ocrx_word' id='word_1_59' title='bbox 1137 675 1190 706; x_wconf 87' lang='lat' dir='ltr'><strong>ac</strong></span> <span class='ocrx_word' id='word_1_60' title='bbox 1211 659 1422 708; x_wconf 85' lang='lat' dir='ltr'><strong>dilatatur</strong></span> <span class='ocrx_word' id='word_1_61' title='bbox 1444 661 1558 709; x_wconf 90' lang='lat' dir='ltr'><strong>inter</strong></span> <span class='ocrx_word' id='word_1_62' title='bbox 1580 662 1806 727; x_wconf 89' lang='lat' dir='ltr'><strong>popellum</strong></span> 
     </span>
     <span class='ocr_line' id='line_1_8' title="bbox 343 733 1808 801; baseline 0.003 -21"><span class='ocrx_word' id='word_1_63' title='bbox 343 734 430 781; x_wconf 91' lang='lat' dir='ltr'><strong>hoc</strong></span> <span class='ocrx_word' id='word_1_64' title='bbox 462 735 850 782; x_wconf 86' lang='lat' dir='ltr'><strong>communistarum</strong></span> <span class='ocrx_word' id='word_1_65' title='bbox 885 733 1168 798; x_wconf 88' lang='lat' dir='ltr'><strong>principium.</strong></span> <span class='ocrx_word' id='word_1_66' title='bbox 1198 735 1279 781; x_wconf 91' lang='lat' dir='ltr'><strong>Per</strong></span> <span class='ocrx_word' id='word_1_67' title='bbox 1311 735 1394 783; x_wconf 89' lang='lat' dir='ltr'><strong>has</strong></span> <span class='ocrx_word' id='word_1_68' title='bbox 1428 737 1649 801; x_wconf 89' lang='lat' dir='ltr'><strong>siquidem</strong></span> <span class='ocrx_word' id='word_1_69' title='bbox 1683 737 1808 786; x_wconf 90' lang='lat' dir='ltr'><strong>theo-</strong></span> 
     </span>
     <span class='ocr_line' id='line_1_9' title="bbox 342 810 1807 879; baseline 0.005 -24"><span class='ocrx_word' id='word_1_70' title='bbox 342 810 433 857; x_wconf 89' lang='lat' dir='ltr'><strong>rias</strong></span> <span class='ocrx_word' id='word_1_71' title='bbox 467 811 786 859; x_wconf 87' lang='lat' dir='ltr'><strong>communistae</strong></span> <span class='ocrx_word' id='word_1_72' title='bbox 824 820 1089 857; x_wconf 87' lang='lat' dir='ltr'><strong>exacuerunt</strong></span> <span class='ocrx_word' id='word_1_73' title='bbox 1115 810 1362 869; x_wconf 83' lang='lat' dir='ltr'><strong>desideria,</strong></span> <span class='ocrx_word' id='word_1_74' title='bbox 1400 830 1515 877; x_wconf 88' lang='lat' dir='ltr'><strong>quae</strong></span> <span class='ocrx_word' id='word_1_75' title='bbox 1542 813 1669 879; x_wconf 85' lang='lat' dir='ltr'><strong>plebs</strong></span> <span class='ocrx_word' id='word_1_76' title='bbox 1701 814 1807 862; x_wconf 91' lang='lat' dir='ltr'><strong>olim</strong></span> 
     </span>
     <span class='ocr_line' id='line_1_10' title="bbox 342 885 1809 950; baseline 0.005 -19"><span class='ocrx_word' id='word_1_77' title='bbox 342 886 598 949; x_wconf 82' lang='lat' dir='ltr'><strong>ignorabat;</strong></span> <span class='ocrx_word' id='word_1_78' title='bbox 628 905 715 934; x_wconf 92' lang='lat' dir='ltr'><strong>non</strong></span> <span class='ocrx_word' id='word_1_79' title='bbox 744 885 936 950; x_wconf 87' lang='lat' dir='ltr'><strong>amplius</strong></span> <span class='ocrx_word' id='word_1_80' title='bbox 972 903 1053 934; x_wconf 88' lang='lat' dir='ltr'><strong>sua</strong></span> <span class='ocrx_word' id='word_1_81' title='bbox 1086 897 1204 934; x_wconf 83' lang='lat' dir='ltr'><strong>sorte</strong></span> <span class='ocrx_word' id='word_1_82' title='bbox 1236 898 1442 935; x_wconf 90' lang='lat' dir='ltr'><strong>contenta</strong></span> <span class='ocrx_word' id='word_1_83' title='bbox 1474 889 1693 938; x_wconf 83' lang='lat' dir='ltr'><strong>novitates</strong></span> <span class='ocrx_word' id='word_1_84' title='bbox 1715 907 1809 938; x_wconf 90' lang='lat' dir='ltr'><strong>mo-</strong></span> 
     </span>
     <span class='ocr_line' id='line_1_11' title="bbox 342 962 1807 1029; baseline 0.003 -20"><span class='ocrx_word' id='word_1_85' title='bbox 342 962 472 1020; x_wconf 86' lang='lat' dir='ltr'><strong>litur,</strong></span> <span class='ocrx_word' id='word_1_86' title='bbox 506 981 558 1012; x_wconf 91' lang='lat' dir='ltr'><strong>ac</strong></span> <span class='ocrx_word' id='word_1_87' title='bbox 589 981 762 1028; x_wconf 85' lang='lat' dir='ltr'><strong>semper</strong></span> <span class='ocrx_word' id='word_1_88' title='bbox 790 972 964 1028; x_wconf 89' lang='lat' dir='ltr'><strong>praesto</strong></span> <span class='ocrx_word' id='word_1_89' title='bbox 992 972 1061 1010; x_wconf 91' lang='lat' dir='ltr'><strong>est</strong></span> <span class='ocrx_word' id='word_1_90' title='bbox 1093 963 1151 1010; x_wconf 88' lang='lat' dir='ltr'><strong>ad</strong></span> <span class='ocrx_word' id='word_1_91' title='bbox 1185 980 1284 1011; x_wconf 91' lang='lat' dir='ltr'><strong>sese</strong></span> <span class='ocrx_word' id='word_1_92' title='bbox 1318 965 1672 1029; x_wconf 82' lang='lat' dir='ltr'><strong>coniungendam</strong></span> <span class='ocrx_word' id='word_1_93' title='bbox 1706 984 1807 1014; x_wconf 90' lang='lat' dir='ltr'><strong>cum</strong></span> 
     </span>
     <span class='ocr_line' id='line_1_12' title="bbox 342 1039 1810 1106; baseline 0.004 -21"><span class='ocrx_word' id='word_1_94' title='bbox 342 1039 603 1087; x_wconf 86' lang='lat' dir='ltr'><strong>facinorosis</strong></span> <span class='ocrx_word' id='word_1_95' title='bbox 631 1040 739 1086; x_wconf 86' lang='lat' dir='ltr'><strong>freta</strong></span> <span class='ocrx_word' id='word_1_96' title='bbox 769 1056 849 1103; x_wconf 92' lang='lat' dir='ltr'><strong>spe</strong></span> <span class='ocrx_word' id='word_1_97' title='bbox 884 1039 971 1086; x_wconf 89' lang='lat' dir='ltr'><strong>sibi</strong></span> <span class='ocrx_word' id='word_1_98' title='bbox 1002 1039 1149 1087; x_wconf 87' lang='lat' dir='ltr'><strong>aliena</strong></span> <span class='ocrx_word' id='word_1_99' title='bbox 1170 1039 1286 1088; x_wconf 89' lang='lat' dir='ltr'><strong>bona</strong></span> <span class='ocrx_word' id='word_1_100' title='bbox 1314 1042 1589 1106; x_wconf 86' lang='lat' dir='ltr'><strong>acquirendi.</strong></span> <span class='ocrx_word' id='word_1_101' title='bbox 1619 1042 1810 1091; x_wconf 90' lang='lat' dir='ltr'><strong>Pseudo-</strong></span> 
     </span>
     <span class='ocr_line' id='line_1_13' title="bbox 343 1115 1808 1182; baseline 0.003 -20"><span class='ocrx_word' id='word_1_102' title='bbox 343 1115 509 1178; x_wconf 92' lang='lat' dir='ltr'><strong>politici</strong></span> <span class='ocrx_word' id='word_1_103' title='bbox 530 1126 638 1163; x_wconf 67' lang='lat' dir='ltr'><strong>&#39;sua&#39;</strong></span> <span class='ocrx_word' id='word_1_104' title='bbox 658 1116 816 1178; x_wconf 80' lang='lat' dir='ltr'><strong>agendi</strong></span> <span class='ocrx_word' id='word_1_105' title='bbox 851 1115 1021 1163; x_wconf 87' lang='lat' dir='ltr'><strong>ratione</strong></span> <span class='ocrx_word' id='word_1_106' title='bbox 1055 1134 1211 1164; x_wconf 84' lang='lat' dir='ltr'><strong>ansam</strong></span> <span class='ocrx_word' id='word_1_107' title='bbox 1244 1117 1419 1164; x_wconf 87' lang='lat' dir='ltr'><strong>facilem</strong></span> <span class='ocrx_word' id='word_1_108' title='bbox 1455 1118 1670 1182; x_wconf 87' lang='lat' dir='ltr'><strong>praebent</strong></span> <span class='ocrx_word' id='word_1_109' title='bbox 1703 1119 1808 1166; x_wconf 88' lang='lat' dir='ltr'><strong>huic</strong></span> 
     </span>
     <span class='ocr_line' id='line_1_14' title="bbox 343 1191 1810 1260; baseline 0.003 -24"><span class='ocrx_word' id='word_1_110' title='bbox 343 1191 589 1255; x_wconf 84' lang='lat' dir='ltr'><strong>principio,</strong></span> <span class='ocrx_word' id='word_1_111' title='bbox 639 1203 715 1243; x_wconf 82' lang='lat' dir='ltr'><strong>seu</strong></span> <span class='ocrx_word' id='word_1_112' title='bbox 752 1191 877 1238; x_wconf 88' lang='lat' dir='ltr'><strong>hisce</strong></span> <span class='ocrx_word' id='word_1_113' title='bbox 916 1192 1099 1240; x_wconf 89' lang='lat' dir='ltr'><strong>theoriis</strong></span> <span class='ocrx_word' id='word_1_114' title='bbox 1143 1193 1441 1258; x_wconf 81' lang='lat' dir='ltr'><strong>propagandis</strong></span> <span class='ocrx_word' id='word_1_115' title='bbox 1487 1205 1619 1259; x_wconf 88' lang='lat' dir='ltr'><strong>atque</strong></span> <span class='ocrx_word' id='word_1_116' title='bbox 1652 1195 1810 1260; x_wconf 88' lang='lat' dir='ltr'><strong>ampli-</strong></span> 
     </span>
     <span class='ocr_line' id='line_1_15' title="bbox 343 1266 1808 1334; baseline 0.003 -22"><span class='ocrx_word' id='word_1_117' title='bbox 343 1266 545 1316; x_wconf 87' lang='lat' dir='ltr'><strong>ficandis.</strong></span> <span class='ocrx_word' id='word_1_118' title='bbox 585 1268 694 1314; x_wconf 86' lang='lat' dir='ltr'><strong>Nam</strong></span> <span class='ocrx_word' id='word_1_119' title='bbox 733 1267 836 1315; x_wconf 85' lang='lat' dir='ltr'><strong>licet</strong></span> <span class='ocrx_word' id='word_1_120' title='bbox 874 1268 959 1333; x_wconf 92' lang='lat' dir='ltr'><strong>ipsi</strong></span> <span class='ocrx_word' id='word_1_121' title='bbox 998 1269 1194 1316; x_wconf 90' lang='lat' dir='ltr'><strong>nondum</strong></span> <span class='ocrx_word' id='word_1_122' title='bbox 1227 1287 1279 1316; x_wconf 90' lang='lat' dir='ltr'><strong>eo</strong></span> <span class='ocrx_word' id='word_1_123' title='bbox 1313 1270 1624 1334; x_wconf 89' lang='lat' dir='ltr'><strong>pervenerint,</strong></span> <span class='ocrx_word' id='word_1_124' title='bbox 1662 1281 1712 1318; x_wconf 95' lang='lat' dir='ltr'><strong>ut</strong></span> <span class='ocrx_word' id='word_1_125' title='bbox 1745 1271 1808 1317; x_wconf 89' lang='lat' dir='ltr'><strong>di-</strong></span> 
     </span>
    </p>
   </div>
   <div class='ocr_carea' id='block_1_3' title="bbox 337 1454 1817 2871">
    <p class='ocr_par' dir='ltr' id='par_1_3' title="bbox 338 1454 1815 2134">
     <span class='ocr_line' id='line_1_16' title="bbox 344 1454 1811 1499; baseline 0.001 -12"><span class='ocrx_word' id='word_1_126' title='bbox 344 1454 511 1488; x_wconf 74' lang='lat' dir='ltr'><strong>dessnition</strong></span> <span class='ocrx_word' id='word_1_127' title='bbox 527 1456 567 1488; x_wconf 84' lang='lat' dir='ltr'><strong>(le</strong></span> <span class='ocrx_word' id='word_1_128' title='bbox 588 1456 619 1488; x_wconf 83' lang='lat' dir='ltr'><strong>la</strong></span> <span class='ocrx_word' id='word_1_129' title='bbox 633 1456 793 1498; x_wconf 74' lang='lat' dir='ltr'><strong>propriete</strong></span> <span class='ocrx_word' id='word_1_130' title='bbox 812 1459 860 1489; x_wconf 85' lang='lat' dir='ltr'><strong>est</strong></span> <span class='ocrx_word' id='word_1_131' title='bbox 885 1457 1011 1489; x_wconf 88' lang='lat' dir='ltr'><strong>mienne</strong></span> <span class='ocrx_word' id='word_1_132' title='bbox 1022 1481 1031 1497; x_wconf 93' lang='lat'><strong><em>‚</em></strong></span> <span class='ocrx_word' id='word_1_133' title='bbox 1047 1463 1080 1489; x_wconf 81' lang='lat' dir='ltr'><strong>et</strong></span> <span class='ocrx_word' id='word_1_134' title='bbox 1092 1459 1182 1490; x_wconf 83' lang='lat' dir='ltr'><strong>toute</strong></span> <span class='ocrx_word' id='word_1_135' title='bbox 1207 1467 1282 1490; x_wconf 92' lang='lat' dir='ltr'><strong>mon</strong></span> <span class='ocrx_word' id='word_1_136' title='bbox 1305 1457 1460 1490; x_wconf 84' lang='lat' dir='ltr'><strong>ambition</strong></span> <span class='ocrx_word' id='word_1_137' title='bbox 1475 1459 1524 1490; x_wconf 84' lang='lat' dir='ltr'><strong>est</strong></span> <span class='ocrx_word' id='word_1_138' title='bbox 1537 1457 1578 1490; x_wconf 89' lang='lat' dir='ltr'><strong>de</strong></span> <span class='ocrx_word' id='word_1_139' title='bbox 1595 1466 1733 1499; x_wconf 86' lang='lat' dir='ltr'><strong>prouver</strong></span> <span class='ocrx_word' id='word_1_140' title='bbox 1747 1466 1811 1498; x_wconf 86' lang='lat' dir='ltr'><strong>que</strong></span> 
     </span>
     <span class='ocr_line' id='line_1_17' title="bbox 338 1509 1812 1552; baseline 0.002 -12"><span class='ocrx_word' id='word_1_141' title='bbox 338 1509 405 1548; x_wconf 85' lang='lat' dir='ltr'><strong>j’en</strong></span> <span class='ocrx_word' id='word_1_142' title='bbox 426 1509 456 1541; x_wconf 81' lang='lat' dir='ltr'><strong>ai</strong></span> <span class='ocrx_word' id='word_1_143' title='bbox 470 1509 610 1550; x_wconf 84' lang='lat' dir='ltr'><strong>compris</strong></span> <span class='ocrx_word' id='word_1_144' title='bbox 622 1510 652 1542; x_wconf 90' lang='lat' dir='ltr'><strong>le</strong></span> <span class='ocrx_word' id='word_1_145' title='bbox 662 1518 735 1543; x_wconf 79' lang='lat' dir='ltr'><strong>sens</strong></span> <span class='ocrx_word' id='word_1_146' title='bbox 748 1512 780 1542; x_wconf 86' lang='lat' dir='ltr'><strong>et</strong></span> <span class='ocrx_word' id='word_1_147' title='bbox 794 1510 963 1543; x_wconf 69' lang='lat' dir='ltr'><strong>l&#39;etendue.</strong></span> <span class='ocrx_word' id='word_1_148' title='bbox 982 1513 1031 1545; x_wconf 82' lang='lat' dir='ltr'><strong>La</strong></span> <span class='ocrx_word' id='word_1_149' title='bbox 1045 1511 1238 1552; x_wconf 63' lang='lat' dir='ltr'><strong>propriae,</strong></span> <span class='ocrx_word' id='word_1_150' title='bbox 1252 1511 1333 1544; x_wconf 78' lang='lat' dir='ltr'><strong>c’est</strong></span> <span class='ocrx_word' id='word_1_151' title='bbox 1353 1511 1384 1542; x_wconf 84' lang='lat' dir='ltr'><strong>le</strong></span> <span class='ocrx_word' id='word_1_152' title='bbox 1400 1511 1457 1543; x_wconf 80' lang='lat' dir='ltr'><strong>vol</strong></span> <span class='ocrx_word' id='word_1_153' title='bbox 1469 1511 1481 1542; x_wconf 83' lang='lat'><em>!</em></span> <span class='ocrx_word' id='word_1_154' title='bbox 1495 1510 1522 1543; x_wconf 91' lang='lat' dir='ltr'><strong>ll</strong></span> <span class='ocrx_word' id='word_1_155' title='bbox 1537 1519 1578 1543; x_wconf 88' lang='lat' dir='ltr'><strong>ne</strong></span> <span class='ocrx_word' id='word_1_156' title='bbox 1591 1519 1626 1543; x_wconf 82' lang='lat' dir='ltr'><strong>se</strong></span> <span class='ocrx_word' id='word_1_157' title='bbox 1638 1511 1687 1543; x_wconf 89' lang='lat' dir='ltr'><strong>dit</strong></span> <span class='ocrx_word' id='word_1_158' title='bbox 1701 1519 1758 1552; x_wconf 81' lang='lat' dir='ltr'><strong>pas</strong></span> <span class='ocrx_word' id='word_1_159' title='bbox 1771 1519 1812 1543; x_wconf 87' lang='lat' dir='ltr'><strong>en</strong></span> 
     </span>
     <span class='ocr_line' id='line_1_18' title="bbox 340 1561 1814 1605; baseline 0.001 -12"><span class='ocrx_word' id='word_1_160' title='bbox 340 1561 430 1593; x_wconf 87' lang='lat' dir='ltr'><strong>mille</strong></span> <span class='ocrx_word' id='word_1_161' title='bbox 445 1571 503 1594; x_wconf 85' lang='lat' dir='ltr'><strong>ans</strong></span> <span class='ocrx_word' id='word_1_162' title='bbox 516 1562 601 1595; x_wconf 83' lang='lat' dir='ltr'><strong>deux</strong></span> <span class='ocrx_word' id='word_1_163' title='bbox 616 1564 701 1595; x_wconf 73' lang='lat' dir='ltr'><strong>mois</strong></span> <span class='ocrx_word' id='word_1_164' title='bbox 717 1572 842 1595; x_wconf 86' lang='lat' dir='ltr'><strong>comme</strong></span> <span class='ocrx_word' id='word_1_165' title='bbox 855 1563 995 1595; x_wconf 79' lang='lat' dir='ltr'><strong>celui-la.</strong></span> <span class='ocrx_word' id='word_1_166' title='bbox 1009 1565 1048 1595; x_wconf 86' lang='lat' dir='ltr'><strong>Je</strong></span> <span class='ocrx_word' id='word_1_167' title='bbox 1063 1564 1126 1595; x_wconf 88' lang='lat' dir='ltr'><strong>n’ai</strong></span> <span class='ocrx_word' id='word_1_168' title='bbox 1144 1564 1270 1596; x_wconf 84' lang='lat' dir='ltr'><strong>d’autre</strong></span> <span class='ocrx_word' id='word_1_169' title='bbox 1280 1563 1354 1595; x_wconf 85' lang='lat' dir='ltr'><strong>bien</strong></span> <span class='ocrx_word' id='word_1_170' title='bbox 1367 1572 1422 1595; x_wconf 87' lang='lat' dir='ltr'><strong>sur</strong></span> <span class='ocrx_word' id='word_1_171' title='bbox 1438 1564 1471 1595; x_wconf 88' lang='lat' dir='ltr'><strong>la</strong></span> <span class='ocrx_word' id='word_1_172' title='bbox 1488 1565 1573 1595; x_wconf 79' lang='lat' dir='ltr'><strong>terre</strong></span> <span class='ocrx_word' id='word_1_173' title='bbox 1585 1573 1649 1605; x_wconf 89' lang='lat' dir='ltr'><strong>que</strong></span> <span class='ocrx_word' id='word_1_174' title='bbox 1665 1565 1748 1596; x_wconf 80' lang='lat' dir='ltr'><strong>cette</strong></span> <span class='ocrx_word' id='word_1_175' title='bbox 1765 1563 1814 1595; x_wconf 73' lang='lat' dir='ltr'><strong>de-</strong></span> 
     </span>
     <span class='ocr_line' id='line_1_19' title="bbox 342 1614 1812 1657; baseline 0.001 -11"><span class='ocrx_word' id='word_1_176' title='bbox 342 1614 469 1647; x_wconf 85' lang='lat' dir='ltr'><strong>finition</strong></span> <span class='ocrx_word' id='word_1_177' title='bbox 483 1615 522 1647; x_wconf 90' lang='lat' dir='ltr'><strong>de</strong></span> <span class='ocrx_word' id='word_1_178' title='bbox 536 1616 567 1647; x_wconf 91' lang='lat' dir='ltr'><strong>la</strong></span> <span class='ocrx_word' id='word_1_179' title='bbox 578 1616 750 1657; x_wconf 75' lang='lat' dir='ltr'><strong>propriete;</strong></span> <span class='ocrx_word' id='word_1_180' title='bbox 765 1616 846 1648; x_wconf 89' lang='lat' dir='ltr'><strong>mais</strong></span> <span class='ocrx_word' id='word_1_181' title='bbox 853 1617 886 1657; x_wconf 76' lang='lat' dir='ltr'><strong>Je</strong></span> <span class='ocrx_word' id='word_1_182' title='bbox 896 1616 927 1648; x_wconf 82' lang='lat' dir='ltr'><strong>la</strong></span> <span class='ocrx_word' id='word_1_183' title='bbox 937 1617 1019 1648; x_wconf 80' lang='lat' dir='ltr'><strong>tiens</strong></span> <span class='ocrx_word' id='word_1_184' title='bbox 1031 1617 1104 1657; x_wconf 87' lang='lat' dir='ltr'><strong>plus</strong></span> <span class='ocrx_word' id='word_1_185' title='bbox 1114 1616 1276 1657; x_wconf 77' lang='lat' dir='ltr'><strong>precieuse</strong></span> <span class='ocrx_word' id='word_1_186' title='bbox 1286 1625 1349 1657; x_wconf 91' lang='lat' dir='ltr'><strong>que</strong></span> <span class='ocrx_word' id='word_1_187' title='bbox 1358 1616 1405 1648; x_wconf 89' lang='lat' dir='ltr'><strong>les</strong></span> <span class='ocrx_word' id='word_1_188' title='bbox 1415 1616 1559 1648; x_wconf 88' lang='lat' dir='ltr'><strong>millions</strong></span> <span class='ocrx_word' id='word_1_189' title='bbox 1567 1616 1623 1648; x_wconf 89' lang='lat' dir='ltr'><strong>des</strong></span> <span class='ocrx_word' id='word_1_190' title='bbox 1633 1617 1812 1656; x_wconf 85' lang='lat' dir='ltr'><strong>Rotschild,</strong></span> 
     </span>
     <span class='ocr_line' id='line_1_20' title="bbox 342 1668 1812 1711; baseline 0.002 -12"><span class='ocrx_word' id='word_1_191' title='bbox 342 1669 376 1700; x_wconf 83' lang='lat' dir='ltr'><strong>et</strong></span> <span class='ocrx_word' id='word_1_192' title='bbox 396 1668 476 1708; x_wconf 84' lang='lat' dir='ltr'><strong>j’ose</strong></span> <span class='ocrx_word' id='word_1_193' title='bbox 496 1668 566 1700; x_wconf 88' lang='lat' dir='ltr'><strong>dire</strong></span> <span class='ocrx_word' id='word_1_194' title='bbox 587 1669 705 1709; x_wconf 90' lang='lat' dir='ltr'><strong>qu’elle</strong></span> <span class='ocrx_word' id='word_1_195' title='bbox 725 1679 797 1702; x_wconf 75' lang='lat' dir='ltr'><strong>sera</strong></span> <span class='ocrx_word' id='word_1_196' title='bbox 822 1669 1033 1702; x_wconf 76' lang='lat' dir='ltr'><strong>l&#39;evenement</strong></span> <span class='ocrx_word' id='word_1_197' title='bbox 1055 1669 1085 1701; x_wconf 91' lang='lat' dir='ltr'><strong>le</strong></span> <span class='ocrx_word' id='word_1_198' title='bbox 1108 1670 1181 1711; x_wconf 86' lang='lat' dir='ltr'><strong>plus</strong></span> <span class='ocrx_word' id='word_1_199' title='bbox 1201 1669 1423 1702; x_wconf 75' lang='lat' dir='ltr'><strong>considerable</strong></span> <span class='ocrx_word' id='word_1_200' title='bbox 1452 1669 1496 1701; x_wconf 90' lang='lat' dir='ltr'><strong>du</strong></span> <span class='ocrx_word' id='word_1_201' title='bbox 1525 1669 1622 1709; x_wconf 82' lang='lat' dir='ltr'><strong>regne</strong></span> <span class='ocrx_word' id='word_1_202' title='bbox 1644 1670 1685 1702; x_wconf 90' lang='lat' dir='ltr'><strong>de</strong></span> <span class='ocrx_word' id='word_1_203' title='bbox 1705 1670 1812 1702; x_wconf 89' lang='lat' dir='ltr'><strong>Louis-</strong></span> 
     </span>
     <span class='ocr_line' id='line_1_21' title="bbox 341 1720 1812 1763; baseline 0.002 -12"><span class='ocrx_word' id='word_1_204' title='bbox 341 1720 521 1762; x_wconf 82' lang='lat' dir='ltr'><strong>Philippe.»</strong></span> <span class='ocrx_word' id='word_1_205' title='bbox 537 1723 595 1754; x_wconf 84' lang='lat' dir='ltr'><strong>Ast</strong></span> <span class='ocrx_word' id='word_1_206' title='bbox 612 1722 786 1754; x_wconf 76' lang='lat' dir='ltr'><strong>Proudlion</strong></span> <span class='ocrx_word' id='word_1_207' title='bbox 808 1731 974 1763; x_wconf 84' lang='lat' dir='ltr'><strong>perperam</strong></span> <span class='ocrx_word' id='word_1_208' title='bbox 994 1722 1055 1754; x_wconf 90' lang='lat' dir='ltr'><strong>sibi</strong></span> <span class='ocrx_word' id='word_1_209' title='bbox 1074 1723 1229 1763; x_wconf 79' lang='lat' dir='ltr'><strong>gloriatur</strong></span> <span class='ocrx_word' id='word_1_210' title='bbox 1245 1722 1285 1754; x_wconf 91' lang='lat' dir='ltr'><strong>de</strong></span> <span class='ocrx_word' id='word_1_211' title='bbox 1304 1723 1366 1754; x_wconf 87' lang='lat' dir='ltr'><strong>hoc</strong></span> <span class='ocrx_word' id='word_1_212' title='bbox 1381 1723 1532 1763; x_wconf 82' lang='lat' dir='ltr'><strong>invento,</strong></span> <span class='ocrx_word' id='word_1_213' title='bbox 1550 1722 1711 1763; x_wconf 75' lang='lat' dir='ltr'><strong>siquidem</strong></span> <span class='ocrx_word' id='word_1_214' title='bbox 1738 1724 1812 1754; x_wconf 85' lang='lat' dir='ltr'><strong>ante</strong></span> 
     </span>
     <span class='ocr_line' id='line_1_22' title="bbox 341 1773 1812 1816; baseline 0.002 -12"><span class='ocrx_word' id='word_1_215' title='bbox 341 1773 446 1813; x_wconf 86' lang='lat' dir='ltr'><strong>ipsum</strong></span> <span class='ocrx_word' id='word_1_216' title='bbox 462 1773 605 1806; x_wconf 87' lang='lat' dir='ltr'><strong>eamdem</strong></span> <span class='ocrx_word' id='word_1_217' title='bbox 621 1775 826 1816; x_wconf 81' lang='lat' dir='ltr'><strong>proprietatis</strong></span> <span class='ocrx_word' id='word_1_218' title='bbox 841 1776 1060 1808; x_wconf 84' lang='lat' dir='ltr'><strong>definitionem</strong></span> <span class='ocrx_word' id='word_1_219' title='bbox 1078 1775 1209 1808; x_wconf 83' lang='lat' dir='ltr'><strong>dederat</strong></span> <span class='ocrx_word' id='word_1_220' title='bbox 1225 1784 1277 1807; x_wconf 85' lang='lat' dir='ltr'><strong>an.</strong></span> <span class='ocrx_word' id='word_1_221' title='bbox 1299 1778 1386 1807; x_wconf 76' lang='lat'>1780.</span> <span class='ocrx_word' id='word_1_222' title='bbox 1402 1775 1535 1816; x_wconf 88' lang='lat' dir='ltr'><strong>quidem</strong></span> <span class='ocrx_word' id='word_1_223' title='bbox 1550 1775 1690 1816; x_wconf 83' lang='lat' dir='ltr'><strong>Brissot,</strong></span> <span class='ocrx_word' id='word_1_224' title='bbox 1707 1777 1763 1816; x_wconf 89' lang='lat' dir='ltr'><strong>qui</strong></span> <span class='ocrx_word' id='word_1_225' title='bbox 1778 1776 1812 1807; x_wconf 87' lang='lat' dir='ltr'><strong>in</strong></span> 
     </span>
     <span class='ocr_line' id='line_1_23' title="bbox 341 1825 1810 1870; baseline 0.001 -14"><span class='ocrx_word' id='word_1_226' title='bbox 341 1825 409 1857; x_wconf 82' lang='lat' dir='ltr'><strong>suis</strong></span> <span class='ocrx_word' id='word_1_227' title='bbox 424 1825 631 1859; x_wconf 75' lang='lat' dir='ltr'><strong>Recherches</strong></span> <span class='ocrx_word' id='word_1_228' title='bbox 645 1827 925 1869; x_wconf 71' lang='lat' dir='ltr'><strong>philosophiques</strong></span> <span class='ocrx_word' id='word_1_229' title='bbox 941 1835 1004 1859; x_wconf 78' lang='lat' dir='ltr'><strong>sur</strong></span> <span class='ocrx_word' id='word_1_230' title='bbox 1019 1828 1050 1859; x_wconf 83' lang='lat' dir='ltr'><strong>le</strong></span> <span class='ocrx_word' id='word_1_231' title='bbox 1062 1827 1155 1859; x_wconf 79' lang='lat' dir='ltr'><strong>droit</strong></span> <span class='ocrx_word' id='word_1_232' title='bbox 1168 1827 1210 1859; x_wconf 88' lang='lat' dir='ltr'><strong>de</strong></span> <span class='ocrx_word' id='word_1_233' title='bbox 1220 1827 1399 1870; x_wconf 63' lang='lat' dir='ltr'><strong>propriae</strong></span> <span class='ocrx_word' id='word_1_234' title='bbox 1409 1829 1441 1859; x_wconf 82' lang='lat' dir='ltr'><strong>ec</strong></span> <span class='ocrx_word' id='word_1_235' title='bbox 1458 1827 1489 1859; x_wconf 82' lang='lat' dir='ltr'><strong>le</strong></span> <span class='ocrx_word' id='word_1_236' title='bbox 1502 1827 1578 1866; x_wconf 84' lang='lat' dir='ltr'><strong>vol,</strong></span> <span class='ocrx_word' id='word_1_237' title='bbox 1594 1827 1658 1858; x_wconf 87' lang='lat' dir='ltr'><strong>iam</strong></span> <span class='ocrx_word' id='word_1_238' title='bbox 1673 1827 1810 1859; x_wconf 76' lang='lat' dir='ltr'><strong>dixerat:</strong></span> 
     </span>
     <span class='ocr_line' id='line_1_24' title="bbox 344 1879 1814 1922; baseline 0.001 -12"><span class='ocrx_word' id='word_1_239' title='bbox 344 1892 358 1905; x_wconf 92' lang='lat'>«</span> <span class='ocrx_word' id='word_1_240' title='bbox 373 1880 423 1911; x_wconf 87' lang='lat' dir='ltr'><strong>La</strong></span> <span class='ocrx_word' id='word_1_241' title='bbox 431 1879 610 1921; x_wconf 66' lang='lat' dir='ltr'><strong>propriete</strong></span> <span class='ocrx_word' id='word_1_242' title='bbox 623 1882 676 1912; x_wconf 80' lang='lat' dir='ltr'><strong>est</strong></span> <span class='ocrx_word' id='word_1_243' title='bbox 688 1889 737 1912; x_wconf 80' lang='lat' dir='ltr'><strong>nn</strong></span> <span class='ocrx_word' id='word_1_244' title='bbox 755 1881 813 1912; x_wconf 88' lang='lat' dir='ltr'><strong>vol</strong></span> <span class='ocrx_word' id='word_1_245' title='bbox 829 1880 917 1913; x_wconf 84' lang='lat' dir='ltr'><strong>dans</strong></span> <span class='ocrx_word' id='word_1_246' title='bbox 938 1880 974 1912; x_wconf 88' lang='lat' dir='ltr'><strong>la</strong></span> <span class='ocrx_word' id='word_1_247' title='bbox 991 1882 1121 1913; x_wconf 77' lang='lat' dir='ltr'><strong>nature</strong></span> <span class='ocrx_word' id='word_1_248' title='bbox 1133 1905 1143 1921; x_wconf 91' lang='lat'><em>,</em></span> <span class='ocrx_word' id='word_1_249' title='bbox 1165 1881 1196 1913; x_wconf 85' lang='lat' dir='ltr'><strong>le</strong></span> <span class='ocrx_word' id='word_1_250' title='bbox 1213 1882 1444 1922; x_wconf 75' lang='lat' dir='ltr'><strong>proprietaire</strong></span> <span class='ocrx_word' id='word_1_251' title='bbox 1460 1882 1509 1912; x_wconf 75' lang='lat' dir='ltr'><strong>est</strong></span> <span class='ocrx_word' id='word_1_252' title='bbox 1525 1888 1576 1912; x_wconf 82' lang='lat' dir='ltr'><strong>un</strong></span> <span class='ocrx_word' id='word_1_253' title='bbox 1595 1879 1730 1913; x_wconf 83' lang='lat' dir='ltr'><strong>voleur.</strong></span> <span class='ocrx_word' id='word_1_254' title='bbox 1751 1880 1814 1912; x_wconf 88' lang='lat' dir='ltr'><strong>Sed</strong></span> 
     </span>
     <span class='ocr_line' id='line_1_25' title="bbox 338 1932 1815 1973; baseline 0.001 -10"><span class='ocrx_word' id='word_1_255' title='bbox 338 1939 443 1972; x_wconf 87' lang='lat' dir='ltr'><strong>neque</strong></span> <span class='ocrx_word' id='word_1_256' title='bbox 455 1932 579 1964; x_wconf 85' lang='lat' dir='ltr'><strong>Brissot</strong></span> <span class='ocrx_word' id='word_1_257' title='bbox 591 1932 654 1964; x_wconf 90' lang='lat' dir='ltr'><strong>sibi</strong></span> <span class='ocrx_word' id='word_1_258' title='bbox 667 1932 848 1965; x_wconf 83' lang='lat' dir='ltr'><strong>adscribere</strong></span> <span class='ocrx_word' id='word_1_259' title='bbox 861 1933 967 1973; x_wconf 80' lang='lat' dir='ltr'><strong>potuit</strong></span> <span class='ocrx_word' id='word_1_260' title='bbox 979 1932 1138 1965; x_wconf 89' lang='lat' dir='ltr'><strong>eiusmodi</strong></span> <span class='ocrx_word' id='word_1_261' title='bbox 1153 1933 1341 1973; x_wconf 82' lang='lat' dir='ltr'><strong>inventum3</strong></span> <span class='ocrx_word' id='word_1_262' title='bbox 1362 1941 1436 1964; x_wconf 89' lang='lat' dir='ltr'><strong>nam</strong></span> <span class='ocrx_word' id='word_1_263' title='bbox 1453 1933 1594 1972; x_wconf 83' lang='lat' dir='ltr'><strong>quatuor</strong></span> <span class='ocrx_word' id='word_1_264' title='bbox 1610 1932 1727 1964; x_wconf 87' lang='lat' dir='ltr'><strong>seculis</strong></span> <span class='ocrx_word' id='word_1_265' title='bbox 1742 1933 1815 1965; x_wconf 84' lang='lat' dir='ltr'><strong>ante</strong></span> 
     </span>
     <span class='ocr_line' id='line_1_26' title="bbox 341 1983 1812 2027; baseline 0.001 -12"><span class='ocrx_word' id='word_1_266' title='bbox 341 1983 550 2016; x_wconf 80' lang='lat' dir='ltr'><strong>christianam</strong></span> <span class='ocrx_word' id='word_1_267' title='bbox 573 1993 681 2017; x_wconf 85' lang='lat' dir='ltr'><strong>aeram</strong></span> <span class='ocrx_word' id='word_1_268' title='bbox 693 2010 702 2025; x_wconf 92' lang='lat'>,</span> <span class='ocrx_word' id='word_1_269' title='bbox 720 1985 805 2018; x_wconf 85' lang='lat' dir='ltr'><strong>idem</strong></span> <span class='ocrx_word' id='word_1_270' title='bbox 823 1985 1017 2027; x_wconf 86' lang='lat' dir='ltr'><strong>principium</strong></span> <span class='ocrx_word' id='word_1_271' title='bbox 1044 1985 1280 2027; x_wconf 83' lang='lat' dir='ltr'><strong>proclamatum</strong></span> <span class='ocrx_word' id='word_1_272' title='bbox 1302 1985 1407 2017; x_wconf 79' lang='lat' dir='ltr'><strong>suerat</strong></span> <span class='ocrx_word' id='word_1_273' title='bbox 1420 1986 1454 2017; x_wconf 91' lang='lat' dir='ltr'><strong>in</strong></span> <span class='ocrx_word' id='word_1_274' title='bbox 1466 1985 1594 2017; x_wconf 82' lang='lat' dir='ltr'><strong>theatro</strong></span> <span class='ocrx_word' id='word_1_275' title='bbox 1609 1985 1789 2017; x_wconf 81' lang='lat' dir='ltr'><strong>atheniensi</strong></span> <span class='ocrx_word' id='word_1_276' title='bbox 1802 2010 1812 2025; x_wconf 95' lang='lat'>,</span> 
     </span>
     <span class='ocr_line' id='line_1_27' title="bbox 340 2037 1814 2080; baseline 0.001 -11"><span class='ocrx_word' id='word_1_277' title='bbox 340 2038 452 2078; x_wconf 70' lang='lat' dir='ltr'><strong>postea</strong></span> <span class='ocrx_word' id='word_1_278' title='bbox 466 2038 543 2070; x_wconf 73' lang='lat' dir='ltr'><strong>vero</strong></span> <span class='ocrx_word' id='word_1_279' title='bbox 557 2037 746 2080; x_wconf 82' lang='lat' dir='ltr'><strong>adoptatum</strong></span> <span class='ocrx_word' id='word_1_280' title='bbox 764 2048 783 2071; x_wconf 87' lang='lat' dir='ltr'><strong>a</strong></span> <span class='ocrx_word' id='word_1_281' title='bbox 797 2039 962 2071; x_wconf 87' lang='lat' dir='ltr'><strong>nonnullis</strong></span> <span class='ocrx_word' id='word_1_282' title='bbox 984 2039 1216 2073; x_wconf 83' lang='lat' dir='ltr'><strong>haeresiarchis</strong></span> <span class='ocrx_word' id='word_1_283' title='bbox 1230 2038 1426 2071; x_wconf 84' lang='lat' dir='ltr'><strong>christianis.</strong></span> <span class='ocrx_word' id='word_1_284' title='bbox 1445 2038 1495 2070; x_wconf 77' lang='lat' dir='ltr'><strong>Cf.</strong></span> <span class='ocrx_word' id='word_1_285' title='bbox 1509 2038 1690 2071; x_wconf 85' lang='lat' dir='ltr'><strong>Thonissen</strong></span> <span class='ocrx_word' id='word_1_286' title='bbox 1704 2040 1749 2070; x_wconf 85' lang='lat' dir='ltr'><strong>Le</strong></span> <span class='ocrx_word' id='word_1_287' title='bbox 1762 2046 1814 2070; x_wconf 78' lang='lat' dir='ltr'><strong>so-</strong></span> 
     </span>
     <span class='ocr_line' id='line_1_28' title="bbox 343 2091 869 2134; baseline 0.004 -12"><span class='ocrx_word' id='word_1_288' title='bbox 343 2091 500 2124; x_wconf 67' lang='lat' dir='ltr'><strong>cialisnae</strong></span> <span class='ocrx_word' id='word_1_289' title='bbox 515 2094 595 2123; x_wconf 83' lang='lat' dir='ltr'><strong>tom.</strong></span> <span class='ocrx_word' id='word_1_290' title='bbox 611 2094 652 2124; x_wconf 87' lang='grc' dir='ltr'><strong>Π.</strong></span> <span class='ocrx_word' id='word_1_291' title='bbox 668 2101 739 2133; x_wconf 81' lang='lat' dir='ltr'><strong>pag.</strong></span> <span class='ocrx_word' id='word_1_292' title='bbox 756 2097 824 2125; x_wconf 84' lang='lat'>155.</span> <span class='ocrx_word' id='word_1_293' title='bbox 868 2130 869 2134; x_wconf 13' lang='grc' dir='ltr'><strong>Ἰ</strong></span> 
     </span>
    </p>

    <p class='ocr_par' dir='ltr' id='par_1_4' title="bbox 337 2144 1817 2871">
     <span class='ocr_line' id='line_1_29' title="bbox 437 2144 1812 2186; baseline 0.001 -10"><span class='ocrx_word' id='word_1_294' title='bbox 437 2144 593 2186; x_wconf 84' lang='lat' dir='ltr'><strong>Quisquis</strong></span> <span class='ocrx_word' id='word_1_295' title='bbox 611 2154 688 2177; x_wconf 85' lang='lat' dir='ltr'><strong>vero</strong></span> <span class='ocrx_word' id='word_1_296' title='bbox 708 2145 804 2178; x_wconf 75' lang='lat' dir='ltr'><strong>fuerit</strong></span> <span class='ocrx_word' id='word_1_297' title='bbox 820 2146 917 2178; x_wconf 89' lang='lat' dir='ltr'><strong>huius</strong></span> <span class='ocrx_word' id='word_1_298' title='bbox 931 2146 1096 2178; x_wconf 82' lang='lat' dir='ltr'><strong>doctrinae</strong></span> <span class='ocrx_word' id='word_1_299' title='bbox 1119 2146 1329 2186; x_wconf 80' lang='lat' dir='ltr'><strong>adinventor,</strong></span> <span class='ocrx_word' id='word_1_300' title='bbox 1346 2145 1452 2177; x_wconf 82' lang='lat' dir='ltr'><strong>facilis</strong></span> <span class='ocrx_word' id='word_1_301' title='bbox 1465 2144 1527 2177; x_wconf 83' lang='lat' dir='ltr'><strong>suit</strong></span> <span class='ocrx_word' id='word_1_302' title='bbox 1543 2146 1612 2178; x_wconf 88' lang='lat' dir='ltr'><strong>eius</strong></span> <span class='ocrx_word' id='word_1_303' title='bbox 1625 2145 1812 2186; x_wconf 81' lang='lat' dir='ltr'><strong>applicatio.</strong></span> 
     </span>
     <span class='ocr_line' id='line_1_30' title="bbox 337 2196 1814 2239; baseline 0.001 -10"><span class='ocrx_word' id='word_1_304' title='bbox 337 2196 422 2234; x_wconf 79' lang='lat' dir='ltr'><strong>Hinc</strong></span> <span class='ocrx_word' id='word_1_305' title='bbox 432 2197 590 2238; x_wconf 75' lang='lat' dir='ltr'><strong>Weitling</strong></span> <span class='ocrx_word' id='word_1_306' title='bbox 603 2197 885 2239; x_wconf 76' lang='lat' dir='ltr'><strong>magdeburgensis</strong></span> <span class='ocrx_word' id='word_1_307' title='bbox 899 2197 932 2230; x_wconf 89' lang='lat' dir='ltr'><strong>in</strong></span> <span class='ocrx_word' id='word_1_308' title='bbox 944 2208 997 2239; x_wconf 84' lang='lat' dir='ltr'><strong>op.</strong></span> <span class='ocrx_word' id='word_1_309' title='bbox 1009 2200 1191 2231; x_wconf 78' lang='lat' dir='ltr'><strong>Garanties</strong></span> <span class='ocrx_word' id='word_1_310' title='bbox 1205 2197 1396 2230; x_wconf 77' lang='lat' dir='ltr'><strong>d’armonie</strong></span> <span class='ocrx_word' id='word_1_311' title='bbox 1409 2197 1496 2230; x_wconf 83' lang='lat' dir='ltr'><strong>etde</strong></span> <span class='ocrx_word' id='word_1_312' title='bbox 1510 2197 1644 2237; x_wconf 68' lang='lat' dir='ltr'><strong>liberte,</strong></span> <span class='ocrx_word' id='word_1_313' title='bbox 1655 2197 1720 2230; x_wconf 83' lang='lat' dir='ltr'><strong>iam</strong></span> <span class='ocrx_word' id='word_1_314' title='bbox 1729 2197 1814 2230; x_wconf 81' lang='lat' dir='ltr'><strong>exci-</strong></span> 
     </span>
     <span class='ocr_line' id='line_1_31' title="bbox 342 2249 1813 2292; baseline 0.001 -11"><span class='ocrx_word' id='word_1_315' title='bbox 342 2249 433 2281; x_wconf 76' lang='lat' dir='ltr'><strong>tabat</strong></span> <span class='ocrx_word' id='word_1_316' title='bbox 447 2249 641 2290; x_wconf 86' lang='lat' dir='ltr'><strong>cupiditates</strong></span> <span class='ocrx_word' id='word_1_317' title='bbox 662 2250 792 2282; x_wconf 79' lang='lat' dir='ltr'><strong>infimae</strong></span> <span class='ocrx_word' id='word_1_318' title='bbox 810 2251 914 2292; x_wconf 87' lang='lat' dir='ltr'><strong>plebis</strong></span> <span class='ocrx_word' id='word_1_319' title='bbox 927 2250 959 2282; x_wconf 90' lang='lat' dir='ltr'><strong>in</strong></span> <span class='ocrx_word' id='word_1_320' title='bbox 972 2251 1165 2290; x_wconf 87' lang='lat' dir='ltr'><strong>Germania,</strong></span> <span class='ocrx_word' id='word_1_321' title='bbox 1179 2250 1213 2282; x_wconf 89' lang='lat' dir='ltr'><strong>in</strong></span> <span class='ocrx_word' id='word_1_322' title='bbox 1226 2250 1372 2282; x_wconf 83' lang='lat' dir='ltr'><strong>Helvetia</strong></span> <span class='ocrx_word' id='word_1_323' title='bbox 1385 2251 1416 2282; x_wconf 91' lang='lat' dir='ltr'><strong>et</strong></span> <span class='ocrx_word' id='word_1_324' title='bbox 1426 2249 1504 2281; x_wconf 89' lang='lat' dir='ltr'><strong>alibi</strong></span> <span class='ocrx_word' id='word_1_325' title='bbox 1515 2273 1525 2289; x_wconf 93' lang='lat'>,</span> <span class='ocrx_word' id='word_1_326' title='bbox 1542 2249 1598 2281; x_wconf 90' lang='lat' dir='ltr'><strong>ubi</strong></span> <span class='ocrx_word' id='word_1_327' title='bbox 1612 2250 1695 2281; x_wconf 83' lang='lat' dir='ltr'><strong>inter</strong></span> <span class='ocrx_word' id='word_1_328' title='bbox 1708 2251 1813 2282; x_wconf 80' lang='lat' dir='ltr'><strong>cetera</strong></span> 
     </span>
     <span class='ocr_line' id='line_1_32' title="bbox 340 2301 1812 2344; baseline -0.001 -10"><span class='ocrx_word' id='word_1_329' title='bbox 340 2302 502 2335; x_wconf 75' lang='lat' dir='ltr'><strong>scribebat</strong></span> <span class='ocrx_word' id='word_1_330' title='bbox 511 2307 521 2334; x_wconf 73' lang='grc' dir='ltr'><strong>ε’</strong></span> <span class='ocrx_word' id='word_1_331' title='bbox 532 2304 600 2334; x_wconf 82' lang='lat' dir='ltr'><strong>«On</strong></span> <span class='ocrx_word' id='word_1_332' title='bbox 616 2304 768 2344; x_wconf 78' lang='lat' dir='ltr'><strong>prechera</strong></span> <span class='ocrx_word' id='word_1_333' title='bbox 781 2313 843 2336; x_wconf 90' lang='lat' dir='ltr'><strong>une</strong></span> <span class='ocrx_word' id='word_1_334' title='bbox 852 2305 986 2344; x_wconf 89' lang='lat' dir='ltr'><strong>morale,</strong></span> <span class='ocrx_word' id='word_1_335' title='bbox 999 2305 1054 2344; x_wconf 88' lang='lat' dir='ltr'><strong>qui</strong></span> <span class='ocrx_word' id='word_1_336' title='bbox 1070 2312 1152 2335; x_wconf 87' lang='lat' dir='ltr'><strong>nous</strong></span> <span class='ocrx_word' id='word_1_337' title='bbox 1166 2312 1316 2335; x_wconf 89' lang='lat' dir='ltr'><strong>amenera</strong></span> <span class='ocrx_word' id='word_1_338' title='bbox 1326 2302 1382 2335; x_wconf 87' lang='lat' dir='ltr'><strong>des</strong></span> <span class='ocrx_word' id='word_1_339' title='bbox 1396 2302 1518 2343; x_wconf 85' lang='lat' dir='ltr'><strong>legions</strong></span> <span class='ocrx_word' id='word_1_340' title='bbox 1529 2301 1570 2334; x_wconf 89' lang='lat' dir='ltr'><strong>de</strong></span> <span class='ocrx_word' id='word_1_341' title='bbox 1583 2302 1812 2343; x_wconf 82' lang='lat' dir='ltr'><strong>combattants,</strong></span> 
     </span>
     <span class='ocr_line' id='line_1_33' title="bbox 341 2355 1813 2399; baseline -0.001 -11"><span class='ocrx_word' id='word_1_342' title='bbox 341 2355 423 2388; x_wconf 79' lang='lat' dir='ltr'><strong>dont</strong></span> <span class='ocrx_word' id='word_1_343' title='bbox 436 2365 519 2388; x_wconf 83' lang='lat' dir='ltr'><strong>nous</strong></span> <span class='ocrx_word' id='word_1_344' title='bbox 532 2356 745 2389; x_wconf 72' lang='lat' dir='ltr'><strong>detester-ione</strong></span> <span class='ocrx_word' id='word_1_345' title='bbox 767 2358 967 2389; x_wconf 82' lang='lat' dir='ltr'><strong>maintenant</strong></span> <span class='ocrx_word' id='word_1_346' title='bbox 978 2358 1010 2389; x_wconf 89' lang='lat' dir='ltr'><strong>la</strong></span> <span class='ocrx_word' id='word_1_347' title='bbox 1024 2358 1231 2399; x_wconf 74' lang='lat' dir='ltr'><strong>cooperation</strong></span> <span class='ocrx_word' id='word_1_348' title='bbox 1239 2369 1249 2398; x_wconf 88' lang='lat'>;</span> <span class='ocrx_word' id='word_1_349' title='bbox 1264 2365 1329 2389; x_wconf 87' lang='lat' dir='ltr'><strong>une</strong></span> <span class='ocrx_word' id='word_1_350' title='bbox 1346 2356 1470 2389; x_wconf 89' lang='lat' dir='ltr'><strong>morale</strong></span> <span class='ocrx_word' id='word_1_351' title='bbox 1484 2356 1542 2396; x_wconf 89' lang='lat' dir='ltr'><strong>qui</strong></span> <span class='ocrx_word' id='word_1_352' title='bbox 1557 2363 1598 2388; x_wconf 92' lang='lat' dir='ltr'><strong>ne</strong></span> <span class='ocrx_word' id='word_1_353' title='bbox 1609 2355 1705 2387; x_wconf 84' lang='lat' dir='ltr'><strong>laisse</strong></span> <span class='ocrx_word' id='word_1_354' title='bbox 1718 2355 1738 2387; x_wconf 77' lang='lat' dir='ltr'><strong>a</strong></span> <span class='ocrx_word' id='word_1_355' title='bbox 1753 2364 1813 2387; x_wconf 91' lang='lat' dir='ltr'><strong>nos</strong></span> 
     </span>
     <span class='ocr_line' id='line_1_34' title="bbox 343 2408 1816 2452; baseline -0.001 -11"><span class='ocrx_word' id='word_1_356' title='bbox 343 2408 544 2441; x_wconf 84' lang='lat' dir='ltr'><strong>adversaires</strong></span> <span class='ocrx_word' id='word_1_357' title='bbox 559 2409 684 2443; x_wconf 82' lang='lat' dir='ltr'><strong>d’autre</strong></span> <span class='ocrx_word' id='word_1_358' title='bbox 694 2410 833 2452; x_wconf 80' lang='lat' dir='ltr'><strong>planche</strong></span> <span class='ocrx_word' id='word_1_359' title='bbox 846 2410 887 2442; x_wconf 85' lang='lat' dir='ltr'><strong>de</strong></span> <span class='ocrx_word' id='word_1_360' title='bbox 900 2410 1002 2451; x_wconf 83' lang='lat' dir='ltr'><strong>salut,</strong></span> <span class='ocrx_word' id='word_1_361' title='bbox 1016 2419 1081 2450; x_wconf 89' lang='lat' dir='ltr'><strong>que</strong></span> <span class='ocrx_word' id='word_1_362' title='bbox 1095 2410 1176 2442; x_wconf 88' lang='lat' dir='ltr'><strong>celle</strong></span> <span class='ocrx_word' id='word_1_363' title='bbox 1190 2409 1231 2443; x_wconf 90' lang='lat' dir='ltr'><strong>de</strong></span> <span class='ocrx_word' id='word_1_364' title='bbox 1245 2411 1338 2442; x_wconf 80' lang='lat' dir='ltr'><strong>notre</strong></span> <span class='ocrx_word' id='word_1_365' title='bbox 1351 2409 1514 2451; x_wconf 84' lang='lat' dir='ltr'><strong>principe,</strong></span> <span class='ocrx_word' id='word_1_366' title='bbox 1524 2408 1624 2449; x_wconf 81' lang='lat' dir='ltr'><strong>etqui</strong></span> <span class='ocrx_word' id='word_1_367' title='bbox 1635 2409 1816 2440; x_wconf 76' lang='lat' dir='ltr'><strong>entralnera</strong></span> 
     </span>
     <span class='ocr_line' id='line_1_35' title="bbox 340 2461 1817 2504; baseline -0.001 -10"><span class='ocrx_word' id='word_1_368' title='bbox 340 2461 434 2502; x_wconf 76' lang='lat' dir='ltr'><strong>apres</strong></span> <span class='ocrx_word' id='word_1_369' title='bbox 444 2462 507 2500; x_wconf 84' lang='lat' dir='ltr'><strong>elle</strong></span> <span class='ocrx_word' id='word_1_370' title='bbox 520 2461 553 2494; x_wconf 90' lang='lat' dir='ltr'><strong>la</strong></span> <span class='ocrx_word' id='word_1_371' title='bbox 565 2461 758 2495; x_wconf 88' lang='lat' dir='ltr'><strong>dissolution</strong></span> <span class='ocrx_word' id='word_1_372' title='bbox 771 2462 815 2494; x_wconf 88' lang='lat' dir='ltr'><strong>du</strong></span> <span class='ocrx_word' id='word_1_373' title='bbox 830 2463 927 2503; x_wconf 75' lang='lat' dir='ltr'><strong>regne</strong></span> <span class='ocrx_word' id='word_1_374' title='bbox 936 2462 993 2495; x_wconf 89' lang='lat' dir='ltr'><strong>des</strong></span> <span class='ocrx_word' id='word_1_375' title='bbox 1005 2462 1138 2496; x_wconf 76' lang='lat' dir='ltr'><strong>interets</strong></span> <span class='ocrx_word' id='word_1_376' title='bbox 1152 2462 1349 2504; x_wconf 88' lang='lat' dir='ltr'><strong>personnels.</strong></span> <span class='ocrx_word' id='word_1_377' title='bbox 1365 2463 1456 2494; x_wconf 82' lang='lat' dir='ltr'><strong>cette</strong></span> <span class='ocrx_word' id='word_1_378' title='bbox 1468 2461 1593 2494; x_wconf 80' lang='lat' dir='ltr'><strong>morale</strong></span> <span class='ocrx_word' id='word_1_379' title='bbox 1606 2469 1646 2493; x_wconf 87' lang='lat' dir='ltr'><strong>ne</strong></span> <span class='ocrx_word' id='word_1_380' title='bbox 1659 2462 1737 2502; x_wconf 82' lang='lat' dir='ltr'><strong>peut</strong></span> <span class='ocrx_word' id='word_1_381' title='bbox 1748 2461 1817 2493; x_wconf 78' lang='lat' dir='ltr'><strong>etre</strong></span> 
     </span>
     <span class='ocr_line' id='line_1_36' title="bbox 339 2513 1814 2558; baseline 0.001 -12"><span class='ocrx_word' id='word_1_382' title='bbox 339 2515 475 2554; x_wconf 75' lang='lat' dir='ltr'><strong>prechee</strong></span> <span class='ocrx_word' id='word_1_383' title='bbox 483 2523 562 2548; x_wconf 85' lang='lat' dir='ltr'><strong>avec</strong></span> <span class='ocrx_word' id='word_1_384' title='bbox 573 2515 651 2555; x_wconf 70' lang='lat' dir='ltr'><strong>estet</strong></span> <span class='ocrx_word' id='word_1_385' title='bbox 658 2523 726 2558; x_wconf 81' lang='lat' dir='ltr'><strong>que</strong></span> <span class='ocrx_word' id='word_1_386' title='bbox 737 2515 759 2548; x_wconf 86' lang='grc' dir='ltr'>ὰ</span> <span class='ocrx_word' id='word_1_387' title='bbox 770 2525 823 2548; x_wconf 79' lang='lat' dir='ltr'><strong>ces</strong></span> <span class='ocrx_word' id='word_1_388' title='bbox 834 2515 984 2557; x_wconf 59' lang='lat' dir='ltr'><strong>grandes</strong></span> <span class='ocrx_word' id='word_1_389' title='bbox 997 2517 1205 2556; x_wconf 76' lang='lat' dir='ltr'><strong>masses‚qui</strong></span> <span class='ocrx_word' id='word_1_390' title='bbox 1211 2515 1441 2555; x_wconf 77' lang='lat' dir='ltr'><strong>sourmillent</strong></span> <span class='ocrx_word' id='word_1_391' title='bbox 1450 2514 1539 2547; x_wconf 79' lang='lat' dir='ltr'><strong>dans</strong></span> <span class='ocrx_word' id='word_1_392' title='bbox 1549 2513 1598 2546; x_wconf 73' lang='lat' dir='ltr'><strong>les</strong></span> <span class='ocrx_word' id='word_1_393' title='bbox 1608 2513 1709 2546; x_wconf 68' lang='lat' dir='ltr'><strong>villos</strong></span> <span class='ocrx_word' id='word_1_394' title='bbox 1717 2514 1814 2547; x_wconf 65' lang='lat' dir='ltr'><strong>exce·</strong></span> 
     </span>
     <span class='ocr_line' id='line_1_37' title="bbox 340 2565 1812 2610; baseline -0.001 -11"><span class='ocrx_word' id='word_1_395' title='bbox 340 2565 417 2599; x_wconf 69' lang='lat' dir='ltr'><strong>dees</strong></span> <span class='ocrx_word' id='word_1_396' title='bbox 431 2567 473 2599; x_wconf 85' lang='lat' dir='ltr'><strong>de</strong></span> <span class='ocrx_word' id='word_1_397' title='bbox 487 2567 610 2600; x_wconf 72' lang='lat' dir='ltr'><strong>misere</strong></span> <span class='ocrx_word' id='word_1_398' title='bbox 623 2570 657 2600; x_wconf 83' lang='lat' dir='ltr'><strong>et</strong></span> <span class='ocrx_word' id='word_1_399' title='bbox 670 2568 712 2600; x_wconf 86' lang='lat' dir='ltr'><strong>de</strong></span> <span class='ocrx_word' id='word_1_400' title='bbox 722 2568 906 2610; x_wconf 65' lang='lat' dir='ltr'><strong>desespoir.</strong></span> <span class='ocrx_word' id='word_1_401' title='bbox 920 2570 992 2600; x_wconf 90' lang='lat' dir='ltr'><strong>Une</strong></span> <span class='ocrx_word' id='word_1_402' title='bbox 1006 2568 1052 2600; x_wconf 81' lang='lat' dir='ltr'><strong>soi</strong></span> <span class='ocrx_word' id='word_1_403' title='bbox 1067 2568 1167 2608; x_wconf 88' lang='lat' dir='ltr'><strong>qu&#39;on</strong></span> <span class='ocrx_word' id='word_1_404' title='bbox 1183 2571 1262 2600; x_wconf 74' lang='lat' dir='ltr'><strong>aura·</strong></span> <span class='ocrx_word' id='word_1_405' title='bbox 1277 2568 1440 2608; x_wconf 77' lang='lat' dir='ltr'><strong>prononce</strong></span> <span class='ocrx_word' id='word_1_406' title='bbox 1455 2568 1486 2599; x_wconf 91' lang='lat' dir='ltr'><strong>le</strong></span> <span class='ocrx_word' id='word_1_407' title='bbox 1499 2568 1584 2607; x_wconf 88' lang='lat' dir='ltr'><strong>mot,</strong></span> <span class='ocrx_word' id='word_1_408' title='bbox 1601 2566 1625 2598; x_wconf 91' lang='lat' dir='ltr'><strong>il</strong></span> <span class='ocrx_word' id='word_1_409' title='bbox 1641 2575 1712 2599; x_wconf 84' lang='lat' dir='ltr'><strong>sera</strong></span> <span class='ocrx_word' id='word_1_410' title='bbox 1726 2567 1757 2599; x_wconf 88' lang='lat' dir='ltr'><strong>le</strong></span> <span class='ocrx_word' id='word_1_411' title='bbox 1771 2566 1812 2599; x_wconf 80' lang='lat' dir='ltr'><strong>si·</strong></span> 
     </span>
     <span class='ocr_line' id='line_1_38' title="bbox 346 2619 1811 2663; baseline 0.001 -12"><span class='ocrx_word' id='word_1_412' title='bbox 346 2620 420 2659; x_wconf 80' lang='lat' dir='ltr'><strong>gnal</strong></span> <span class='ocrx_word' id='word_1_413' title='bbox 441 2620 537 2654; x_wconf 86' lang='lat' dir='ltr'><strong>d’une</strong></span> <span class='ocrx_word' id='word_1_414' title='bbox 562 2622 705 2663; x_wconf 71' lang='lat' dir='ltr'><strong>tectique</strong></span> <span class='ocrx_word' id='word_1_415' title='bbox 725 2622 876 2654; x_wconf 87' lang='lat' dir='ltr'><strong>nouvelle</strong></span> <span class='ocrx_word' id='word_1_416' title='bbox 894 2623 1006 2655; x_wconf 89' lang='lat' dir='ltr'><strong>contre</strong></span> <span class='ocrx_word' id='word_1_417' title='bbox 1018 2621 1158 2662; x_wconf 83' lang='lat' dir='ltr'><strong>laquelle</strong></span> <span class='ocrx_word' id='word_1_418' title='bbox 1171 2629 1231 2653; x_wconf 85' lang='lat' dir='ltr'><strong>nos</strong></span> <span class='ocrx_word' id='word_1_419' title='bbox 1247 2621 1391 2653; x_wconf 85' lang='lat' dir='ltr'><strong>ennemis</strong></span> <span class='ocrx_word' id='word_1_420' title='bbox 1404 2629 1445 2652; x_wconf 86' lang='lat' dir='ltr'><strong>ne</strong></span> <span class='ocrx_word' id='word_1_421' title='bbox 1458 2620 1567 2652; x_wconf 89' lang='lat' dir='ltr'><strong>seront</strong></span> <span class='ocrx_word' id='word_1_422' title='bbox 1585 2619 1703 2660; x_wconf 80' lang='lat' dir='ltr'><strong>jamais</strong></span> <span class='ocrx_word' id='word_1_423' title='bbox 1726 2620 1811 2652; x_wconf 81' lang='lat' dir='ltr'><strong>aussi</strong></span> 
     </span>
     <span class='ocr_line' id='line_1_39' title="bbox 344 2672 1811 2715; baseline 0.001 -11"><span class='ocrx_word' id='word_1_424' title='bbox 344 2673 435 2705; x_wconf 76' lang='lat' dir='ltr'><strong>forts.</strong></span> <span class='ocrx_word' id='word_1_425' title='bbox 465 2675 644 2715; x_wconf 82' lang='lat' dir='ltr'><strong>Lorsqu’on</strong></span> <span class='ocrx_word' id='word_1_426' title='bbox 657 2675 736 2707; x_wconf 76' lang='lat' dir='ltr'><strong>tend</strong></span> <span class='ocrx_word' id='word_1_427' title='bbox 751 2676 782 2708; x_wconf 84' lang='lat' dir='ltr'><strong>le</strong></span> <span class='ocrx_word' id='word_1_428' title='bbox 798 2677 915 2709; x_wconf 84' lang='lat' dir='ltr'><strong>ressort</strong></span> <span class='ocrx_word' id='word_1_429' title='bbox 928 2675 948 2707; x_wconf 72' lang='lat' dir='ltr'><strong>a</strong></span> <span class='ocrx_word' id='word_1_430' title='bbox 962 2675 1127 2708; x_wconf 73' lang='lat' dir='ltr'><strong>l&#39;extreme</strong></span> <span class='ocrx_word' id='word_1_431' title='bbox 1137 2698 1147 2715; x_wconf 90' lang='lat'>,</span> <span class='ocrx_word' id='word_1_432' title='bbox 1162 2674 1185 2706; x_wconf 91' lang='lat' dir='ltr'><strong>il</strong></span> <span class='ocrx_word' id='word_1_433' title='bbox 1198 2674 1246 2706; x_wconf 83' lang='lat' dir='ltr'><strong>est</strong></span> <span class='ocrx_word' id='word_1_434' title='bbox 1260 2673 1301 2706; x_wconf 87' lang='lat' dir='ltr'><strong>de</strong></span> <span class='ocrx_word' id='word_1_435' title='bbox 1316 2675 1409 2706; x_wconf 84' lang='lat' dir='ltr'><strong>notre</strong></span> <span class='ocrx_word' id='word_1_436' title='bbox 1421 2673 1535 2705; x_wconf 87' lang='lat' dir='ltr'><strong>devoir</strong></span> <span class='ocrx_word' id='word_1_437' title='bbox 1547 2673 1633 2706; x_wconf 85' lang='lat' dir='ltr'><strong>dele</strong></span> <span class='ocrx_word' id='word_1_438' title='bbox 1648 2672 1728 2705; x_wconf 77' lang='lat' dir='ltr'><strong>faire</strong></span> <span class='ocrx_word' id='word_1_439' title='bbox 1740 2681 1811 2706; x_wconf 80' lang='lat' dir='ltr'><strong>sau·</strong></span> 
     </span>
     <span class='ocr_line' id='line_1_40' title="bbox 345 2724 1813 2767; baseline 0 -11"><span class='ocrx_word' id='word_1_440' title='bbox 345 2726 410 2765; x_wconf 77' lang='lat' dir='ltr'><strong>ter,</strong></span> <span class='ocrx_word' id='word_1_441' title='bbox 425 2726 537 2766; x_wconf 84' lang='lat' dir='ltr'><strong>quand</strong></span> <span class='ocrx_word' id='word_1_442' title='bbox 550 2728 655 2760; x_wconf 73' lang='lat' dir='ltr'><strong>meme</strong></span> <span class='ocrx_word' id='word_1_443' title='bbox 672 2728 696 2760; x_wconf 88' lang='lat' dir='ltr'><strong>il</strong></span> <span class='ocrx_word' id='word_1_444' title='bbox 711 2727 838 2760; x_wconf 83' lang='lat' dir='ltr'><strong>devrait</strong></span> <span class='ocrx_word' id='word_1_445' title='bbox 854 2736 894 2760; x_wconf 86' lang='lat' dir='ltr'><strong>en</strong></span> <span class='ocrx_word' id='word_1_446' title='bbox 909 2727 1045 2761; x_wconf 75' lang='lat' dir='ltr'><strong>resulter</strong></span> <span class='ocrx_word' id='word_1_447' title='bbox 1057 2735 1102 2759; x_wconf 91' lang='lat' dir='ltr'><strong>un</strong></span> <span class='ocrx_word' id='word_1_448' title='bbox 1115 2726 1268 2759; x_wconf 74' lang='lat' dir='ltr'><strong>desordre</strong></span> <span class='ocrx_word' id='word_1_449' title='bbox 1281 2726 1322 2758; x_wconf 87' lang='lat' dir='ltr'><strong>de</strong></span> <span class='ocrx_word' id='word_1_450' title='bbox 1335 2726 1428 2766; x_wconf 83' lang='lat' dir='ltr'><strong>vingt</strong></span> <span class='ocrx_word' id='word_1_451' title='bbox 1440 2733 1497 2757; x_wconf 88' lang='lat' dir='ltr'><strong>ans</strong></span> <span class='ocrx_word' id='word_1_452' title='bbox 1508 2738 1524 2754; x_wconf 76' lang='grc' dir='ltr'><strong>ι»</strong></span> <span class='ocrx_word' id='word_1_453' title='bbox 1538 2734 1610 2767; x_wconf 85' lang='lat' dir='ltr'><strong>pag.</strong></span> <span class='ocrx_word' id='word_1_454' title='bbox 1629 2728 1701 2758; x_wconf 78' lang='lat'>240.</span> <span class='ocrx_word' id='word_1_455' title='bbox 1714 2724 1813 2762; x_wconf 38' lang='lat' dir='ltr'><strong>Trad(</strong></span> 
     </span>
     <span class='ocr_line' id='line_1_41' title="bbox 343 2776 1812 2822; baseline -0.001 -13"><span class='ocrx_word' id='word_1_456' title='bbox 343 2776 386 2810; x_wconf 81' lang='lat' dir='ltr'><strong>dc</strong></span> <span class='ocrx_word' id='word_1_457' title='bbox 396 2778 441 2810; x_wconf 85' lang='grc' dir='ltr'><strong>Μ.</strong></span> <span class='ocrx_word' id='word_1_458' title='bbox 456 2779 658 2820; x_wconf 82' lang='lat' dir='ltr'><strong>Hennequin.</strong></span> <span class='ocrx_word' id='word_1_459' title='bbox 673 2780 767 2822; x_wconf 79' lang='lat' dir='ltr'><strong>Apud</strong></span> <span class='ocrx_word' id='word_1_460' title='bbox 780 2781 958 2814; x_wconf 82' lang='lat' dir='ltr'><strong>Thonissen</strong></span> <span class='ocrx_word' id='word_1_461' title='bbox 972 2789 1026 2822; x_wconf 82' lang='lat' dir='ltr'><strong>op.</strong></span> <span class='ocrx_word' id='word_1_462' title='bbox 1042 2780 1099 2813; x_wconf 87' lang='lat' dir='ltr'><strong>cit.</strong></span> <span class='ocrx_word' id='word_1_463' title='bbox 1115 2788 1187 2821; x_wconf 82' lang='lat' dir='ltr'><strong>pag.</strong></span> <span class='ocrx_word' id='word_1_464' title='bbox 1203 2783 1263 2814; x_wconf 77' lang='lat'><strong>263</strong></span> <span class='ocrx_word' id='word_1_465' title='bbox 1278 2787 1346 2820; x_wconf 79' lang='lat' dir='ltr'><strong>seq.</strong></span> <span class='ocrx_word' id='word_1_466' title='bbox 1364 2778 1450 2815; x_wconf 85' lang='lat' dir='ltr'><strong>Quid</strong></span> <span class='ocrx_word' id='word_1_467' title='bbox 1467 2779 1552 2811; x_wconf 77' lang='lat' dir='ltr'><strong>foret</strong></span> <span class='ocrx_word' id='word_1_468' title='bbox 1564 2778 1605 2811; x_wconf 85' lang='lat' dir='ltr'><strong>de</strong></span> <span class='ocrx_word' id='word_1_469' title='bbox 1618 2778 1772 2812; x_wconf 77' lang='lat' dir='ltr'><strong>societate</strong></span> <span class='ocrx_word' id='word_1_470' title='bbox 1785 2779 1812 2809; x_wconf 83' lang='lat' dir='ltr'><strong>si</strong></span> 
     </span>
     <span class='ocr_line' id='line_1_42' title="bbox 344 2829 860 2871; baseline 0.008 -10"><span class='ocrx_word' id='word_1_471' title='bbox 344 2829 423 2862; x_wconf 71' lang='lat' dir='ltr'><strong>haec</strong></span> <span class='ocrx_word' id='word_1_472' title='bbox 438 2830 594 2871; x_wconf 83' lang='lat' dir='ltr'><strong>principia</strong></span> <span class='ocrx_word' id='word_1_473' title='bbox 611 2832 860 2865; x_wconf 78' lang='lat' dir='ltr'><strong>invalescerent?</strong></span> 
     </span>
    </p>
   </div>
  </div>
 </body>
</html>
