1912 3180
335 174 424 219 382
588 187 668 218 un.
699 186 727 216 ι.
758 185 872 216 sacr.
901 184 1073 216 Auum.
1105 185 1156 216 nr:
1183 184 1358 217 uirium.
1387 185 1529 217 civim.

332 264 478 327 deque
510 271 804 319 verterentur,
838 277 939 309 cum
972 262 1046 309 vix
1080 261 1274 325 coniugii
1300 278 1459 310 nomen
1483 279 1535 310 ac
1559 262 1699 310 forma
1721 271 1799 312 su-

334 347 552 403 peresset3
582 354 683 384 cum
707 336 943 385 divortium
961 349 1081 386 esset
1097 338 1342 395 sancitum;
1371 356 1423 385 ea
1446 338 1616 386 scilicet
1639 349 1796 397 aetate,

333 431 438 478 qua,
479 413 705 478 impietate
738 413 869 478 longe
901 414 1076 479 lateque
1110 425 1367 478 grassante,
1397 414 1617 480 quidquid
1651 426 1803 464 contra

334 490 593 555 religionem
628 508 680 539 ao
712 491 854 540 bonos
888 509 1033 540 mores
1068 491 1113 538 in
1148 502 1339 539 mentem
1373 492 1599 548 veniebat,
1639 502 1803 541 statue·

332 566 461 614 batur
482 568 600 630 (58).
625 569 867 632 Progressu
902 568 1084 633 quidem
1114 567 1326 632 temporis
1353 567 1438 615 sub
1467 568 1700 616 consulatu
1716 608 1725 626 ,
1754 585 1805 616 ac

334 654 488 708 postea
517 644 602 692 sub
630 645 815 710 imperio
850 644 1010 709 gallico
1043 643 1172 708 plura
1194 662 1246 691 ex
1271 644 1327 691 iis
1346 682 1356 700 ,
1386 662 1501 709 quae
1523 645 1699 692 fuerant
1721 645 1803 692 im-

335 720 408 785 pie
431 721 668 769 constituta
684 759 693 777 ,
722 721 956 769 reformata
984 730 1110 776 sunt,
1137 720 1377 785 pluresque
1399 720 1519 784 leges
1544 720 1798 784 abrogatae.

334 797 538 863 Spectata
561 809 707 845 tamen
731 815 783 844 ea
807 797 1054 844 animorum
1078 796 1372 861 dispositione
1389 835 1399 852 ‚
1435 796 1630 844 nondum
1666 796 1807 862 potuit

334 873 421 930 lex,
449 874 505 922 de
528 891 616 939 qua
640 874 831 938 agimus,
860 873 1054 938 expungi
1087 873 1145 920 ab
1179 872 1255 920 illo
1289 872 1466 929 codice,
1498 873 1543 919 in
1577 889 1666 937 quo
1699 871 1805 919 dum

336 950 627 1013 permanebit,
645 968 731 998 non
751 949 832 996 erit
850 949 947 996 sine
964 949 1147 996 minimo
1166 949 1365 996 eiusdem
1383 949 1526 1012 gentis
1544 948 1800 996 infortunio.

433 1027 495 1073 Ex
525 1026 667 1074 Gallia
700 1026 745 1072 in
769 1025 991 1088 Belgium,
1030 1025 1150 1090 quod
1186 1025 1269 1073 sub
1304 1025 1471 1073 ditione
1505 1024 1666 1088 gallica
1700 1034 1804 1071 tunc

333 1102 533 1158 vivebat,
570 1100 725 1149 eadem
760 1101 828 1150 lex
863 1119 963 1149 cum
998 1101 1150 1149 codice
1184 1102 1465 1168 pertransiit,
1494 1112 1537 1149 et
1559 1101 1615 1149 ob
1648 1101 1804 1148 eadem

335 1177 513 1234 motiva,
542 1177 746 1242 abrogari
784 1195 871 1226 non
907 1178 1075 1243 potuit;
1105 1189 1226 1226 tanto
1250 1178 1393 1241 magis
1427 1177 1546 1243 quod
1581 1177 1665 1225 sub
1699 1177 1807 1224 hae-

337 1253 472 1302 retico
488 1254 706 1318 gubernio
729 1272 912 1318 regnum
936 1252 1046 1301 illud
1071 1272 1245 1318 gemere
1268 1254 1485 1301 debuerit.
1505 1255 1663 1300 Postea
1678 1270 1799 1308 vero,

335 1331 419 1379 etsi
463 1332 764 1379 autonomiam
800 1331 886 1378 sibi
921 1331 1251 1386 vindicaverit,
1297 1341 1442 1377 tamen
1485 1328 1806 1396 alternantibus

335 1407 640 1455 ministrorum
668 1408 946 1476 politicorum
975 1407 1318 1463 mutationibus,
1352 1424 1541 1471 quorum
1566 1423 1654 1453 non
1678 1406 1806 1471 pauci

338 1482 570 1547 principiis
608 1501 696 1531 non
725 1484 835 1531 adeo
865 1483 1086 1547 religiosis
1117 1482 1274 1529 imbuti
1309 1492 1457 1538 erant,
1495 1481 1609 1528 nihil
1642 1481 1727 1528 hac
1760 1482 1806 1527 in

337 1576 384 1605 re
406 1558 606 1606 innovari
630 1560 797 1624 potuit,
826 1559 960 1607 immo
984 1569 1027 1606 et
1050 1559 1095 1605 in
1119 1558 1310 1605 comitiis
1345 1558 1402 1605 ob
1435 1557 1554 1605 leves
1580 1557 1806 1622 salsasque

338 1651 499 1683 causas
533 1646 714 1701 accepta
748 1647 815 1683 est
849 1637 966 1697 (59).
1519 1634 1523 1637 ’

434 1808 500 1846 (58)
518 1806 569 1838 Cf.
584 1808 716 1849 sauzet,
733 1808 789 1848 qui
805 1816 858 1849 op.
873 1808 929 1839 oIt.
948 1816 1019 1849 pag.
1035 1810 1081 1840 17.
1094 1807 1326 1840 animadvertit
1343 1807 1444 1848 legem
1459 1806 1500 1838 de
1514 1814 1580 1847 qua
1595 1805 1760 1846 loquimur
1777 1806 1809 1837 in

337 1860 440 1893 Gallis
453 1861 594 1901 primum
610 1860 805 1893 obtinuisse:
831 1873 846 1888 ιι
858 1861 882 1893 11
898 1861 981 1893 m'en
999 1862 1094 1893 coute
1107 1861 1147 1893 de
1162 1861 1193 1892 le
1208 1860 1296 1901 dire,
1316 1860 1393 1892 c'est
1414 1860 1447 1891 la
1466 1858 1510 1891 loi
1530 1859 1704 1899 sranoaise,
1720 1859 1752 1891 la
1767 1859 1811 1891 loi

335 1912 381 1944 du
404 1913 520 1955 peuple
541 1914 571 1945 le
591 1914 663 1954 plus
683 1914 859 1954 jiistement
882 1913 939 1945 fier
961 1913 1002 1945 de
1023 1922 1059 1946 sa
1080 1913 1277 1945 civilisation
1302 1911 1456 1952 delicate,
1476 1912 1507 1944 la
1521 1912 1563 1944 ioi
1581 1912 1624 1943 du
1639 1920 1718 1952 pays
1732 1911 1810 1943 tres·

339 1965 483 1998 ciiretien
493 1990 502 2007 ‚
523 1966 580 2007 qui
600 1966 786 1999 meconnait
797 1966 844 1998 les
855 1965 1027 1998 traditions
1039 1965 1083 1998 du
1099 1965 1186 1998 droit
1201 1965 1257 1998 des
1270 1973 1364 2006 gens,
1378 1964 1515 2006 adoptee
1528 1965 1632 1996 meme
1641 1972 1699 2005 par
1713 1964 1743 1996 le
1755 1972 1811 2004 pa·

337 2018 499 2060 ganisme,
517 2022 550 2051 et
567 2019 708 2052 rehaisse
723 2020 754 2052 le
766 2019 909 2060 mariage
922 2028 962 2051 au
981 2019 1096 2051 niveau
1111 2019 1168 2051 des
1181 2019 1255 2059 plus
1271 2018 1430 2059 vulgaires
1444 2018 1622 2058 eontracts,
1638 2025 1701 2058 que
1716 2017 1746 2049 le
1759 2025 1811 2049 ca-

339 2072 428 2113 price
443 2073 619 2114 improvise
630 2098 639 2114 ,
655 2074 687 2122 et
702 2082 765 2114 que
778 2072 1014 2106 l’inconstance
1026 2072 1158 2104 detruit.
1172 2071 1339 2103 L’homme
1349 2080 1366 2112 y
1381 2071 1461 2103 tient
1474 2071 1505 2103 la
1518 2071 1610 2112 place
1622 2069 1663 2102 de
1676 2070 1768 2110 Dieu,
1782 2071 1815 2101 et

336 2126 368 2158 la
392 2126 481 2159 table
505 2126 548 2158 du
578 2125 748 2167 magistrat
775 2126 936 2167 reniplace
950 2125 1058 2158 l’autel
1078 2124 1120 2156 du
1135 2125 1252 2166 preire.
1265 2126 1335 2161 Que
1348 2124 1462 2163 dis-je?
1476 2126 1522 2156 La
1533 2124 1576 2156 loi
1591 2124 1649 2165 qui
1666 2122 1771 2155 reduit
1783 2123 1813 2154 le

337 2179 480 2220 mariage
494 2179 513 2211 a
526 2189 570 2212 un
587 2181 734 2212 contract
747 2180 845 2220 civil,
861 2179 962 2212 efface
978 2179 1058 2211 Dien
1069 2203 1077 2218 ,
1093 2180 1125 2210 et
1143 2177 1268 2210 sacrifie
1287 2178 1332 2209 les
1353 2177 1567 2210 consciences.
1583 2178 1683 2217 Apros
1695 2177 1742 2209 les
1757 2185 1811 2218 pa-

338 2233 422 2265 roles
451 2233 493 2265 de
515 2233 667 2266 l’osficier
689 2233 730 2265 de
752 2232 931 2265 l'etat-civii
943 2257 951 2272 ,
970 2233 999 2264 le
1014 2231 1156 2271 mariage
1167 2232 1216 2263 est
1226 2232 1301 2262 tenu
1318 2239 1399 2272 pour
1411 2230 1574 2268 consacre,
1589 2230 1661 2262 etsi
1678 2230 1814 2270 laJeune

334 2287 367 2318 et
386 2286 501 2318 timide
514 2287 624 2327 vierge
638 2285 747 2319 attend
764 2294 826 2318 une
841 2287 932 2318 autre
949 2285 1096 2317 sanction
1117 2293 1200 2325 pour
1213 2286 1265 2316 cet
1279 2282 1476 2315 irrevocable
1491 2283 1704 2322 changement
1724 2281 1764 2314 de
1777 2290 1812 2313 sa

336 2339 481 2373 destinae
492 2365 502 2381 ,
518 2341 545 2373 si
562 2341 640 2372 c‘est
655 2348 696 2371 au
711 2339 772 2372 ciel
786 2340 907 2380 meme,
922 2339 1041 2380 qu’elle
1056 2337 1215 2371 demande
1230 2337 1261 2369 le
1275 2337 1376 2378 signal
1391 2336 1475 2368 dela
1486 2335 1749 2368 transformation
1773 2335 1814 2366 de

335 2401 387 2425 ses
402 2393 531 2426 devoirs
546 2395 578 2426 et
591 2393 623 2425 la
637 2393 862 2425 consecrationi
878 2392 919 2424 de
934 2391 1088 2431 l’avenir,
1105 2400 1148 2422 on
1164 2399 1283 2432 pourra
1308 2398 1343 2422 se
1364 2389 1427 2422 rire
1451 2388 1671 2430 impunement
1693 2387 1734 2420 de
1759 2396 1811 2420 ses

335 2446 514 2487 scrupules,
524 2447 557 2479 et
570 2446 692 2479 refuser
704 2445 722 2477 a
736 2455 772 2478 sa
786 2445 931 2488 pndique
946 2444 1033 2486 pieta
1046 2444 1076 2476 le
1089 2452 1183 2476 sceau
1198 2443 1279 2475 dela
1294 2442 1497 2475 benediction
1506 2441 1657 2483 promise.
1666 2453 1679 2468 υ

441 2501 554 2532 Postea
563 2508 636 2541 pag.
645 2502 696 2532 27.
706 2499 827 2540 detegit
839 2499 1008 2540 epocham,
1023 2497 1057 2529 in
1068 2505 1133 2538 qua
1147 2497 1198 2528 lex
1212 2496 1254 2528 de
1266 2495 1417 2536 coniugio
1429 2494 1518 2526 civili
1533 2493 1685 2534 adoptata
1695 2493 1757 2527 fuit
1765 2494 1816 2526 his

339 2553 465 2585 verbis:
477 2566 497 2581 n
509 2555 590 2586 Sans
604 2553 706 2586 doute
718 2553 749 2586 le
764 2553 845 2585 code
857 2552 952 2593 civil,
968 2550 1159 2593 promulgue
1170 2549 1190 2582 a
1200 2558 1263 2582 une
1271 2557 1396 2590 epoque
1408 2548 1449 2580 de
1461 2548 1651 2588 transition,
1668 2547 1698 2579 le
1713 2547 1817 2580 lende-

341 2606 428 2637 main
443 2606 531 2639 dela
543 2607 714 2640 confusion
734 2606 1029 2646 revolutionnaire‚
1053 2604 1095 2636 οὺ
1117 2604 1190 2636 tout
1212 2604 1302 2636 avait
1322 2601 1407 2643 peri,
1429 2602 1460 2633 le
1476 2601 1610 2640 throne,
1632 2601 1742 2633 l'autel
1755 2625 1765 2640 ,
1784 2601 1817 2632 et

341 2659 388 2691 les
403 2668 540 2700 moeurs,
560 2662 613 2693 n'a
632 2661 666 2693 ni
684 2660 752 2700 ose,
768 2660 802 2692 ni
816 2669 858 2701 pu
874 2659 1033 2701 professe·-
1045 2666 1125 2690 avec
1140 2666 1203 2690 une
1216 2657 1339 2690 sincere
1353 2658 1385 2688 et
1397 2663 1592 2695 courageuse
1606 2653 1732 2695 enei-gie
1741 2655 1817 2686 tous

339 2711 385 2743 les
401 2711 533 2752 dogmes
552 2713 827 2754 regendi-aiente.»

439 2764 504 2804 (59)
529 2766 617 2798 Haec
639 2766 695 2798 lex·
713 2766 776 2798 fuit
803 2765 955 2805 adoptata
975 2765 1010 2797 in
1032 2764 1141 2805 Belgio
1159 2771 1269 2796 mense
1289 2761 1406 2794 Martio
1422 2769 1474 2792 an.
1495 2764 1584 2793 1815.
1600 2759 1750 2801 gratuitis
1763 2758 1814 2790 his

341 2818 507 2858 principiis
525 2818 634 2850 innixa
651 2833 656 2849 z
676 2833 690 2845 α
704 2819 936 2856 considerant,
951 2827 1014 2859 que
1027 2818 1057 2848 le
1074 2817 1214 2855 mariage
1234 2824 1360 2846 comme
1381 2815 1524 2845 contract
1542 2813 1616 2844 civil
1641 2812 1721 2844 n'est
1740 2820 1813 2842 nou-

1900 3123 1912 3180 ‘ev
