<?xml version="1.0" encoding="UTF-8"?>
<!DOCTYPE html PUBLIC "-//W3C//DTD XHTML 1.0 Transitional//EN"
    "http://www.w3.org/TR/xhtml1/DTD/xhtml1-transitional.dtd">
<html xmlns="http://www.w3.org/1999/xhtml" xml:lang="en" lang="en">
 <head>
  <title>
</title>
<meta http-equiv="Content-Type" content="text/html;charset=utf-8" />
  <meta name='ocr-system' content='tesseract 3.04.00' />
  <meta name='ocr-capabilities' content='ocr_page ocr_carea ocr_par ocr_line ocrx_word'/>
</head>
<body>
  <div class='ocr_page' id='page_1' title='image "a603380701perruoft_0375.png"; bbox 0 0 1912 3180; ppageno 0'>
   <div class='ocr_carea' id='block_1_1' title="bbox 303 166 1626 213">
    <p class='ocr_par' dir='ltr' id='par_1_1' title="bbox 303 166 1626 213">
     <span class='ocr_line' id='line_1_1' title="bbox 303 166 1626 213; baseline -0.001 0"><span class='ocrx_word' id='word_1_1' title='bbox 303 182 395 213; x_wconf 69' lang='lat' dir='ltr'>cn».</span> <span class='ocrx_word' id='word_1_2' title='bbox 414 181 470 213; x_wconf 80' lang='lat' dir='ltr'>iv.</span> <span class='ocrx_word' id='word_1_3' title='bbox 490 181 541 213; x_wconf 75' lang='lat' dir='ltr'>nn</span> <span class='ocrx_word' id='word_1_4' title='bbox 558 180 716 213; x_wconf 71' lang='lat' dir='ltr'>Ancum.</span> <span class='ocrx_word' id='word_1_5' title='bbox 736 181 814 212; x_wconf 71' lang='lat' dir='ltr'>ruo</span> <span class='ocrx_word' id='word_1_6' title='bbox 840 180 945 212; x_wconf 71' lang='lat' dir='ltr'>mes</span> <span class='ocrx_word' id='word_1_7' title='bbox 971 180 1023 212; x_wconf 79' lang='lat' dir='ltr'>nr.</span> <span class='ocrx_word' id='word_1_8' title='bbox 1048 180 1174 213; x_wconf 71' lang='lat' dir='ltr'>nnn.</span> <span class='ocrx_word' id='word_1_9' title='bbox 1192 179 1276 212; x_wconf 78' lang='lat' dir='ltr'>mv.</span> <span class='ocrx_word' id='word_1_10' title='bbox 1299 180 1391 212; x_wconf 73' lang='grc' dir='ltr'><strong>Αιιτ.</strong></span> <span class='ocrx_word' id='word_1_11' title='bbox 1410 180 1440 212; x_wconf 87' lang='lat'>1.</span> <span class='ocrx_word' id='word_1_12' title='bbox 1537 166 1626 212; x_wconf 78' lang='lat'>353</span> 
     </span>
    </p>
   </div>
   <div class='ocr_carea' id='block_1_2' title="bbox 150 259 1632 2908">
    <p class='ocr_par' dir='ltr' id='par_1_2' title="bbox 152 259 1632 629">
     <span class='ocr_line' id='line_1_2' title="bbox 153 259 1631 324; baseline 0 -17"><span class='ocrx_word' id='word_1_13' title='bbox 153 272 201 307; x_wconf 90' lang='lat' dir='ltr'>ut</span> <span class='ocrx_word' id='word_1_14' title='bbox 224 277 273 308; x_wconf 87' lang='lat' dir='ltr'>se</span> <span class='ocrx_word' id='word_1_15' title='bbox 296 260 492 324; x_wconf 85' lang='lat' dir='ltr'>legitime</span> <span class='ocrx_word' id='word_1_16' title='bbox 515 276 616 307; x_wconf 90' lang='lat' dir='ltr'>cum</span> <span class='ocrx_word' id='word_1_17' title='bbox 640 259 743 307; x_wconf 91' lang='lat' dir='ltr'>aliis</span> <span class='ocrx_word' id='word_1_18' title='bbox 768 259 1102 321; x_wconf 87' lang='lat' dir='ltr'>coniungerent.</span> <span class='ocrx_word' id='word_1_19' title='bbox 1126 259 1182 307; x_wconf 89' lang='lat' dir='ltr'>Et</span> <span class='ocrx_word' id='word_1_20' title='bbox 1205 259 1244 307; x_wconf 88' lang='lat' dir='ltr'>si</span> <span class='ocrx_word' id='word_1_21' title='bbox 1269 268 1471 322; x_wconf 81' lang='lat' dir='ltr'>ageretur</span> <span class='ocrx_word' id='word_1_22' title='bbox 1504 276 1631 324; x_wconf 88' lang='lat' dir='ltr'>prae-</span> 
     </span>
     <span class='ocr_line' id='line_1_3' title="bbox 155 333 1632 399; baseline -0.001 -15"><span class='ocrx_word' id='word_1_23' title='bbox 155 349 275 384; x_wconf 89' lang='lat' dir='ltr'>terea</span> <span class='ocrx_word' id='word_1_24' title='bbox 303 336 359 383; x_wconf 91' lang='lat' dir='ltr'>de</span> <span class='ocrx_word' id='word_1_25' title='bbox 393 335 625 383; x_wconf 81' lang='lat' dir='ltr'>collisione</span> <span class='ocrx_word' id='word_1_26' title='bbox 660 334 1079 399; x_wconf 85' lang='lat' dir='ltr'>impedimentorum</span> <span class='ocrx_word' id='word_1_27' title='bbox 1115 334 1313 382; x_wconf 87' lang='lat' dir='ltr'>civilium</span> <span class='ocrx_word' id='word_1_28' title='bbox 1347 344 1391 382; x_wconf 93' lang='lat' dir='ltr'>et</span> <span class='ocrx_word' id='word_1_29' title='bbox 1421 333 1632 383; x_wconf 85' lang='lat' dir='ltr'>ecclesia—</span> 
     </span>
     <span class='ocr_line' id='line_1_4' title="bbox 154 408 1626 477; baseline 0 -18"><span class='ocrx_word' id='word_1_30' title='bbox 154 412 392 468; x_wconf 89' lang='lat' dir='ltr'>sticorum,</span> <span class='ocrx_word' id='word_1_31' title='bbox 431 429 547 477; x_wconf 89' lang='lat' dir='ltr'>quae</span> <span class='ocrx_word' id='word_1_32' title='bbox 587 410 634 456; x_wconf 92' lang='lat' dir='ltr'>in</span> <span class='ocrx_word' id='word_1_33' title='bbox 674 409 885 456; x_wconf 89' lang='lat' dir='ltr'>alterutro</span> <span class='ocrx_word' id='word_1_34' title='bbox 921 408 1016 456; x_wconf 88' lang='lat' dir='ltr'>soro</span> <span class='ocrx_word' id='word_1_35' title='bbox 1049 410 1308 459; x_wconf 87' lang='lat' dir='ltr'>dirimerent</span> <span class='ocrx_word' id='word_1_36' title='bbox 1339 411 1594 475; x_wconf 87' lang='lat' dir='ltr'>coniugium</span> <span class='ocrx_word' id='word_1_37' title='bbox 1615 449 1626 468; x_wconf 97' lang='lat'>,</span> 
     </span>
     <span class='ocr_line' id='line_1_5' title="bbox 154 484 1631 553; baseline 0.001 -19"><span class='ocrx_word' id='word_1_38' title='bbox 154 505 295 536; x_wconf 89' lang='lat' dir='ltr'>novae</span> <span class='ocrx_word' id='word_1_39' title='bbox 339 488 558 535; x_wconf 88' lang='lat' dir='ltr'>orirentur</span> <span class='ocrx_word' id='word_1_40' title='bbox 590 486 845 550; x_wconf 81' lang='lat' dir='ltr'>angustiae,</span> <span class='ocrx_word' id='word_1_41' title='bbox 892 484 1058 549; x_wconf 91' lang='lat' dir='ltr'>quibus</span> <span class='ocrx_word' id='word_1_42' title='bbox 1096 486 1216 535; x_wconf 88' lang='lat' dir='ltr'>cives</span> <span class='ocrx_word' id='word_1_43' title='bbox 1251 487 1309 535; x_wconf 91' lang='lat' dir='ltr'>ab</span> <span class='ocrx_word' id='word_1_44' title='bbox 1341 486 1631 553; x_wconf 90' lang='lat' dir='ltr'>obsequendo</span> 
     </span>
     <span class='ocr_line' id='line_1_6' title="bbox 152 559 1067 629; baseline -0.007 -17"><span class='ocrx_word' id='word_1_45' title='bbox 152 563 361 629; x_wconf 89' lang='lat' dir='ltr'>propriae</span> <span class='ocrx_word' id='word_1_46' title='bbox 394 562 693 611; x_wconf 89' lang='lat' dir='ltr'>conscientiae</span> <span class='ocrx_word' id='word_1_47' title='bbox 729 559 1067 626; x_wconf 88' lang='lat' dir='ltr'>impedirentur.</span> 
     </span>
    </p>

    <p class='ocr_par' dir='ltr' id='par_1_3' title="bbox 150 636 1631 1300">
     <span class='ocr_line' id='line_1_7' title="bbox 248 636 1631 704; baseline 0.001 -17"><span class='ocrx_word' id='word_1_48' title='bbox 248 640 366 704; x_wconf 91' lang='lat' dir='ltr'>Ergo</span> <span class='ocrx_word' id='word_1_49' title='bbox 401 649 570 687; x_wconf 91' lang='lat' dir='ltr'>tantum</span> <span class='ocrx_word' id='word_1_50' title='bbox 609 638 761 694; x_wconf 86' lang='lat' dir='ltr'>abest,</span> <span class='ocrx_word' id='word_1_51' title='bbox 799 648 848 686; x_wconf 92' lang='lat' dir='ltr'>ut</span> <span class='ocrx_word' id='word_1_52' title='bbox 881 636 1149 702; x_wconf 89' lang='lat' dir='ltr'>principium</span> <span class='ocrx_word' id='word_1_53' title='bbox 1191 639 1242 686; x_wconf 86' lang='lat' dir='ltr'>de</span> <span class='ocrx_word' id='word_1_54' title='bbox 1285 640 1481 688; x_wconf 75' lang='lat' dir='ltr'>libertate</span> <span class='ocrx_word' id='word_1_55' title='bbox 1530 658 1631 687; x_wconf 81' lang='lat' dir='ltr'>con-</span> 
     </span>
     <span class='ocr_line' id='line_1_8' title="bbox 150 714 1630 782; baseline 0.001 -18"><span class='ocrx_word' id='word_1_56' title='bbox 150 718 355 764; x_wconf 75' lang='lat' dir='ltr'>scientiae</span> <span class='ocrx_word' id='word_1_57' title='bbox 389 716 532 782; x_wconf 85' lang='lat' dir='ltr'>possit</span> <span class='ocrx_word' id='word_1_58' title='bbox 572 732 828 781; x_wconf 89' lang='lat' dir='ltr'>permovere</span> <span class='ocrx_word' id='word_1_59' title='bbox 871 714 1064 762; x_wconf 86' lang='lat' dir='ltr'>fautores</span> <span class='ocrx_word' id='word_1_60' title='bbox 1107 714 1219 778; x_wconf 87' lang='lat' dir='ltr'>legis</span> <span class='ocrx_word' id='word_1_61' title='bbox 1255 715 1311 763; x_wconf 94' lang='lat' dir='ltr'>de</span> <span class='ocrx_word' id='word_1_62' title='bbox 1345 717 1630 765; x_wconf 89' lang='lat' dir='ltr'>matrimonio</span> 
     </span>
     <span class='ocr_line' id='line_1_9' title="bbox 151 790 1629 856; baseline 0 -15"><span class='ocrx_word' id='word_1_63' title='bbox 151 793 270 842; x_wconf 88' lang='lat' dir='ltr'>civili</span> <span class='ocrx_word' id='word_1_64' title='bbox 305 793 362 840; x_wconf 88' lang='lat' dir='ltr'>ad</span> <span class='ocrx_word' id='word_1_65' title='bbox 397 810 496 840; x_wconf 89' lang='lat' dir='ltr'>eam</span> <span class='ocrx_word' id='word_1_66' title='bbox 532 792 820 840; x_wconf 85' lang='lat' dir='ltr'>sanciendam</span> <span class='ocrx_word' id='word_1_67' title='bbox 844 829 854 847; x_wconf 96' lang='lat'>,</span> <span class='ocrx_word' id='word_1_68' title='bbox 890 800 940 838; x_wconf 88' lang='lat' dir='ltr'>ut</span> <span class='ocrx_word' id='word_1_69' title='bbox 967 807 1045 838; x_wconf 88' lang='lat' dir='ltr'>eos</span> <span class='ocrx_word' id='word_1_70' title='bbox 1080 790 1228 856; x_wconf 89' lang='lat' dir='ltr'>potius</span> <span class='ocrx_word' id='word_1_71' title='bbox 1253 790 1309 838; x_wconf 91' lang='lat' dir='ltr'>ab</span> <span class='ocrx_word' id='word_1_72' title='bbox 1333 810 1386 840; x_wconf 89' lang='lat' dir='ltr'>ea</span> <span class='ocrx_word' id='word_1_73' title='bbox 1407 793 1629 841; x_wconf 89' lang='lat' dir='ltr'>deterrere</span> 
     </span>
     <span class='ocr_line' id='line_1_10' title="bbox 151 867 1628 934; baseline -0.001 -16"><span class='ocrx_word' id='word_1_74' title='bbox 151 870 400 918; x_wconf 86' lang='lat' dir='ltr'>debuisset.</span> <span class='ocrx_word' id='word_1_75' title='bbox 421 869 502 917; x_wconf 91' lang='lat' dir='ltr'>Ast</span> <span class='ocrx_word' id='word_1_76' title='bbox 518 887 618 917; x_wconf 92' lang='lat' dir='ltr'>cum</span> <span class='ocrx_word' id='word_1_77' title='bbox 649 868 812 934; x_wconf 90' lang='lat' dir='ltr'>supina</span> <span class='ocrx_word' id='word_1_78' title='bbox 838 878 1090 915; x_wconf 89' lang='lat' dir='ltr'>tenerentur</span> <span class='ocrx_word' id='word_1_79' title='bbox 1114 867 1367 931; x_wconf 83' lang='lat' dir='ltr'>ignorantia</span> <span class='ocrx_word' id='word_1_80' title='bbox 1390 886 1471 917; x_wconf 89' lang='lat' dir='ltr'>seu</span> <span class='ocrx_word' id='word_1_81' title='bbox 1489 870 1628 918; x_wconf 91' lang='lat' dir='ltr'>insci-</span> 
     </span>
     <span class='ocr_line' id='line_1_11' title="bbox 152 944 1629 1009; baseline -0.001 -14"><span class='ocrx_word' id='word_1_82' title='bbox 152 947 215 996; x_wconf 88' lang='lat' dir='ltr'>tia</span> <span class='ocrx_word' id='word_1_83' title='bbox 234 964 366 995; x_wconf 85' lang='lat' dir='ltr'>verae</span> <span class='ocrx_word' id='word_1_84' title='bbox 382 946 576 994; x_wconf 89' lang='lat' dir='ltr'>notionis</span> <span class='ocrx_word' id='word_1_85' title='bbox 594 945 815 993; x_wconf 89' lang='lat' dir='ltr'>libertatis</span> <span class='ocrx_word' id='word_1_86' title='bbox 834 944 1135 992; x_wconf 89' lang='lat' dir='ltr'>conscientiae</span> <span class='ocrx_word' id='word_1_87' title='bbox 1150 983 1160 1003; x_wconf 94' lang='lat'>‚</span> <span class='ocrx_word' id='word_1_88' title='bbox 1182 963 1236 993; x_wconf 79' lang='lat' dir='ltr'>ex</span> <span class='ocrx_word' id='word_1_89' title='bbox 1254 946 1475 995; x_wconf 89' lang='lat' dir='ltr'>eiusmodi</span> <span class='ocrx_word' id='word_1_90' title='bbox 1502 946 1629 1009; x_wconf 90' lang='lat' dir='ltr'>igno-</span> 
     </span>
     <span class='ocr_line' id='line_1_12' title="bbox 152 1021 1627 1089; baseline 0.001 -19"><span class='ocrx_word' id='word_1_91' title='bbox 152 1022 299 1070; x_wconf 89' lang='lat' dir='ltr'>rantia</span> <span class='ocrx_word' id='word_1_92' title='bbox 324 1023 487 1070; x_wconf 87' lang='lat' dir='ltr'>sactum</span> <span class='ocrx_word' id='word_1_93' title='bbox 513 1032 582 1070; x_wconf 91' lang='lat' dir='ltr'>est</span> <span class='ocrx_word' id='word_1_94' title='bbox 606 1032 654 1069; x_wconf 92' lang='lat' dir='ltr'>ut</span> <span class='ocrx_word' id='word_1_95' title='bbox 676 1038 775 1068; x_wconf 91' lang='lat' dir='ltr'>eam</span> <span class='ocrx_word' id='word_1_96' title='bbox 812 1021 994 1069; x_wconf 89' lang='lat' dir='ltr'>assidue</span> <span class='ocrx_word' id='word_1_97' title='bbox 1029 1021 1314 1079; x_wconf 89' lang='lat' dir='ltr'>invocarent,</span> <span class='ocrx_word' id='word_1_98' title='bbox 1347 1040 1446 1071; x_wconf 90' lang='lat' dir='ltr'>eam</span> <span class='ocrx_word' id='word_1_99' title='bbox 1480 1023 1627 1089; x_wconf 88' lang='lat' dir='ltr'>plenis</span> 
     </span>
     <span class='ocr_line' id='line_1_13' title="bbox 151 1097 1626 1165; baseline 0.002 -20"><span class='ocrx_word' id='word_1_100' title='bbox 151 1098 305 1147; x_wconf 91' lang='lat' dir='ltr'>buccis</span> <span class='ocrx_word' id='word_1_101' title='bbox 334 1108 590 1163; x_wconf 89' lang='lat' dir='ltr'>creparent,</span> <span class='ocrx_word' id='word_1_102' title='bbox 631 1097 786 1163; x_wconf 92' lang='lat' dir='ltr'>sicque</span> <span class='ocrx_word' id='word_1_103' title='bbox 820 1097 1056 1145; x_wconf 87' lang='lat' dir='ltr'>illuderent</span> <span class='ocrx_word' id='word_1_104' title='bbox 1084 1098 1172 1144; x_wconf 86' lang='lat' dir='ltr'>sibi</span> <span class='ocrx_word' id='word_1_105' title='bbox 1212 1109 1255 1146; x_wconf 90' lang='lat' dir='ltr'>et</span> <span class='ocrx_word' id='word_1_106' title='bbox 1289 1098 1469 1155; x_wconf 89' lang='lat' dir='ltr'>turbae,</span> <span class='ocrx_word' id='word_1_107' title='bbox 1509 1117 1626 1165; x_wconf 89' lang='lat' dir='ltr'>quae</span> 
     </span>
     <span class='ocr_line' id='line_1_14' title="bbox 150 1173 1627 1241; baseline 0 -18"><span class='ocrx_word' id='word_1_108' title='bbox 150 1176 219 1223; x_wconf 90' lang='lat' dir='ltr'>eis</span> <span class='ocrx_word' id='word_1_109' title='bbox 260 1174 504 1241; x_wconf 88' lang='lat' dir='ltr'>plaudebat</span> <span class='ocrx_word' id='word_1_110' title='bbox 543 1174 699 1222; x_wconf 90' lang='lat' dir='ltr'>eadem</span> <span class='ocrx_word' id='word_1_111' title='bbox 735 1191 823 1239; x_wconf 86' lang='lat' dir='ltr'>qua</span> <span class='ocrx_word' id='word_1_112' title='bbox 863 1173 927 1219; x_wconf 91' lang='lat' dir='ltr'>illi</span> <span class='ocrx_word' id='word_1_113' title='bbox 962 1174 1063 1222; x_wconf 89' lang='lat' dir='ltr'>novi</span> <span class='ocrx_word' id='word_1_114' title='bbox 1106 1174 1331 1239; x_wconf 88' lang='lat' dir='ltr'>sapientes</span> <span class='ocrx_word' id='word_1_115' title='bbox 1375 1176 1627 1239; x_wconf 87' lang='lat' dir='ltr'>ignorantia</span> 
     </span>
     <span class='ocr_line' id='line_1_15' title="bbox 153 1251 374 1300; baseline 0.005 -3"><span class='ocrx_word' id='word_1_116' title='bbox 153 1251 374 1300; x_wconf 90' lang='lat' dir='ltr'>laborant.</span> 
     </span>
    </p>

    <p class='ocr_par' dir='ltr' id='par_1_4' title="bbox 152 1327 1627 2003">
     <span class='ocr_line' id='line_1_16' title="bbox 251 1327 1619 1394; baseline -0.001 -17"><span class='ocrx_word' id='word_1_117' title='bbox 251 1329 426 1378; x_wconf 89' lang='lat' dir='ltr'>Caussa</span> <span class='ocrx_word' id='word_1_118' title='bbox 450 1330 613 1378; x_wconf 90' lang='lat' dir='ltr'>erroris</span> <span class='ocrx_word' id='word_1_119' title='bbox 645 1330 878 1394; x_wconf 89' lang='lat' dir='ltr'>turpisque</span> <span class='ocrx_word' id='word_1_120' title='bbox 906 1327 1268 1377; x_wconf 89' lang='lat' dir='ltr'>hallucinationis</span> <span class='ocrx_word' id='word_1_121' title='bbox 1293 1329 1339 1375; x_wconf 94' lang='lat' dir='ltr'>in</span> <span class='ocrx_word' id='word_1_122' title='bbox 1363 1329 1429 1377; x_wconf 89' lang='lat' dir='ltr'>eis</span> <span class='ocrx_word' id='word_1_123' title='bbox 1453 1330 1619 1387; x_wconf 82' lang='lat' dir='ltr'>extitit,</span> 
     </span>
     <span class='ocr_line' id='line_1_17' title="bbox 153 1405 1627 1472; baseline 0 -19"><span class='ocrx_word' id='word_1_124' title='bbox 153 1405 275 1471; x_wconf 90' lang='lat' dir='ltr'>quod</span> <span class='ocrx_word' id='word_1_125' title='bbox 299 1406 388 1471; x_wconf 88' lang='lat' dir='ltr'>ipsi</span> <span class='ocrx_word' id='word_1_126' title='bbox 412 1407 753 1472; x_wconf 90' lang='lat' dir='ltr'>permiscuerint</span> <span class='ocrx_word' id='word_1_127' title='bbox 780 1405 1027 1453; x_wconf 90' lang='lat' dir='ltr'>libertatem</span> <span class='ocrx_word' id='word_1_128' title='bbox 1057 1405 1356 1453; x_wconf 90' lang='lat' dir='ltr'>conscientiae</span> <span class='ocrx_word' id='word_1_129' title='bbox 1379 1423 1481 1453; x_wconf 92' lang='lat' dir='ltr'>cum</span> <span class='ocrx_word' id='word_1_130' title='bbox 1504 1424 1627 1453; x_wconf 87' lang='lat' dir='ltr'>aver-</span> 
     </span>
     <span class='ocr_line' id='line_1_18' title="bbox 152 1481 1624 1547; baseline 0.001 -18"><span class='ocrx_word' id='word_1_131' title='bbox 152 1484 269 1529; x_wconf 78' lang='lat' dir='ltr'>sione</span> <span class='ocrx_word' id='word_1_132' title='bbox 301 1483 531 1547; x_wconf 79' lang='lat' dir='ltr'>reliqiosa,</span> <span class='ocrx_word' id='word_1_133' title='bbox 559 1500 641 1530; x_wconf 89' lang='lat' dir='ltr'>seu</span> <span class='ocrx_word' id='word_1_134' title='bbox 665 1481 971 1529; x_wconf 86' lang='lat' dir='ltr'>incredulitate</span> <span class='ocrx_word' id='word_1_135' title='bbox 996 1499 1047 1529; x_wconf 88' lang='lat' dir='ltr'>ac</span> <span class='ocrx_word' id='word_1_136' title='bbox 1069 1481 1266 1529; x_wconf 88' lang='lat' dir='ltr'>licentia.</span> <span class='ocrx_word' id='word_1_137' title='bbox 1293 1481 1348 1530; x_wconf 92' lang='lat' dir='ltr'>At</span> <span class='ocrx_word' id='word_1_138' title='bbox 1373 1482 1489 1530; x_wconf 90' lang='lat' dir='ltr'>duae</span> <span class='ocrx_word' id='word_1_139' title='bbox 1512 1483 1624 1531; x_wconf 89' lang='lat' dir='ltr'>istae</span> 
     </span>
     <span class='ocr_line' id='line_1_19' title="bbox 152 1557 1627 1623; baseline 0.002 -19"><span class='ocrx_word' id='word_1_140' title='bbox 152 1558 355 1606; x_wconf 88' lang='lat' dir='ltr'>notiones</span> <span class='ocrx_word' id='word_1_141' title='bbox 406 1558 601 1605; x_wconf 88' lang='lat' dir='ltr'>immane</span> <span class='ocrx_word' id='word_1_142' title='bbox 641 1558 757 1605; x_wconf 89' lang='lat' dir='ltr'>inter</span> <span class='ocrx_word' id='word_1_143' title='bbox 796 1574 845 1605; x_wconf 94' lang='lat' dir='ltr'>se</span> <span class='ocrx_word' id='word_1_144' title='bbox 885 1557 1067 1604; x_wconf 92' lang='lat' dir='ltr'>distant.</span> <span class='ocrx_word' id='word_1_145' title='bbox 1107 1558 1217 1604; x_wconf 91' lang='lat' dir='ltr'>Nam</span> <span class='ocrx_word' id='word_1_146' title='bbox 1259 1558 1380 1623; x_wconf 93' lang='lat' dir='ltr'>prior</span> <span class='ocrx_word' id='word_1_147' title='bbox 1412 1559 1627 1623; x_wconf 88' lang='lat' dir='ltr'>supponit</span> 
     </span>
     <span class='ocr_line' id='line_1_20' title="bbox 153 1634 1624 1699; baseline 0.001 -18"><span class='ocrx_word' id='word_1_148' title='bbox 153 1634 413 1698; x_wconf 90' lang='lat' dir='ltr'>religionem</span> <span class='ocrx_word' id='word_1_149' title='bbox 438 1645 483 1682; x_wconf 90' lang='lat' dir='ltr'>et</span> <span class='ocrx_word' id='word_1_150' title='bbox 509 1634 824 1698; x_wconf 83' lang='lat' dir='ltr'>obligationes,</span> <span class='ocrx_word' id='word_1_151' title='bbox 856 1651 971 1699; x_wconf 91' lang='lat' dir='ltr'>quae</span> <span class='ocrx_word' id='word_1_152' title='bbox 995 1651 1049 1681; x_wconf 84' lang='lat' dir='ltr'>ex</span> <span class='ocrx_word' id='word_1_153' title='bbox 1071 1651 1124 1682; x_wconf 90' lang='lat' dir='ltr'>ea</span> <span class='ocrx_word' id='word_1_154' title='bbox 1146 1644 1389 1682; x_wconf 87' lang='lat' dir='ltr'>nascuntur</span> <span class='ocrx_word' id='word_1_155' title='bbox 1411 1652 1501 1682; x_wconf 86' lang='lat' dir='ltr'>una</span> <span class='ocrx_word' id='word_1_156' title='bbox 1523 1653 1624 1683; x_wconf 90' lang='lat' dir='ltr'>cum</span> 
     </span>
     <span class='ocr_line' id='line_1_21' title="bbox 154 1709 1624 1777; baseline 0.001 -19"><span class='ocrx_word' id='word_1_157' title='bbox 154 1710 361 1758; x_wconf 82' lang='lat' dir='ltr'>facultate</span> <span class='ocrx_word' id='word_1_158' title='bbox 399 1710 539 1758; x_wconf 91' lang='lat' dir='ltr'>libere</span> <span class='ocrx_word' id='word_1_159' title='bbox 579 1709 669 1757; x_wconf 93' lang='lat' dir='ltr'>illis</span> <span class='ocrx_word' id='word_1_160' title='bbox 711 1709 1056 1767; x_wconf 78' lang='lat' dir='ltr'>satisfaciendi3</span> <span class='ocrx_word' id='word_1_161' title='bbox 1107 1711 1325 1776; x_wconf 89' lang='lat' dir='ltr'>posterior</span> <span class='ocrx_word' id='word_1_162' title='bbox 1367 1728 1472 1759; x_wconf 88' lang='lat' dir='ltr'>vero</span> <span class='ocrx_word' id='word_1_163' title='bbox 1516 1729 1624 1777; x_wconf 90' lang='lat' dir='ltr'>sup-</span> 
     </span>
     <span class='ocr_line' id='line_1_22' title="bbox 155 1786 1624 1852; baseline 0.001 -18"><span class='ocrx_word' id='word_1_164' title='bbox 155 1787 280 1852; x_wconf 90' lang='lat' dir='ltr'>ponit</span> <span class='ocrx_word' id='word_1_165' title='bbox 313 1787 610 1850; x_wconf 89' lang='lat' dir='ltr'>irreligionem</span> <span class='ocrx_word' id='word_1_166' title='bbox 635 1804 687 1834; x_wconf 91' lang='lat' dir='ltr'>ac</span> <span class='ocrx_word' id='word_1_167' title='bbox 712 1787 983 1850; x_wconf 90' lang='lat' dir='ltr'>impietatem</span> <span class='ocrx_word' id='word_1_168' title='bbox 1018 1786 1116 1834; x_wconf 90' lang='lat' dir='ltr'>sinc</span> <span class='ocrx_word' id='word_1_169' title='bbox 1151 1786 1242 1834; x_wconf 89' lang='lat' dir='ltr'>ulla</span> <span class='ocrx_word' id='word_1_170' title='bbox 1276 1787 1547 1850; x_wconf 84' lang='lat' dir='ltr'>obligatione</span> <span class='ocrx_word' id='word_1_171' title='bbox 1570 1806 1624 1835; x_wconf 81' lang='lat' dir='ltr'>ex</span> 
     </span>
     <span class='ocr_line' id='line_1_23' title="bbox 156 1862 1625 1928; baseline 0.001 -18"><span class='ocrx_word' id='word_1_172' title='bbox 156 1873 281 1927; x_wconf 91' lang='lat' dir='ltr'>parte</span> <span class='ocrx_word' id='word_1_173' title='bbox 313 1863 609 1911; x_wconf 88' lang='lat' dir='ltr'>conscientiae</span> <span class='ocrx_word' id='word_1_174' title='bbox 639 1863 870 1928; x_wconf 89' lang='lat' dir='ltr'>quidpiam</span> <span class='ocrx_word' id='word_1_175' title='bbox 904 1863 1153 1910; x_wconf 82' lang='lat' dir='ltr'>executioni</span> <span class='ocrx_word' id='word_1_176' title='bbox 1188 1862 1459 1919; x_wconf 89' lang='lat' dir='ltr'>mandandi;</span> <span class='ocrx_word' id='word_1_177' title='bbox 1487 1863 1625 1911; x_wconf 87' lang='lat' dir='ltr'>altera</span> 
     </span>
     <span class='ocr_line' id='line_1_24' title="bbox 156 1938 1438 2003; baseline -0.001 -18"><span class='ocrx_word' id='word_1_178' title='bbox 156 1938 346 2003; x_wconf 89' lang='lat' dir='ltr'>proinde</span> <span class='ocrx_word' id='word_1_179' title='bbox 381 1940 437 1986; x_wconf 89' lang='lat' dir='ltr'>ad</span> <span class='ocrx_word' id='word_1_180' title='bbox 471 1938 654 1986; x_wconf 90' lang='lat' dir='ltr'>alteram</span> <span class='ocrx_word' id='word_1_181' title='bbox 687 1955 736 1986; x_wconf 90' lang='lat' dir='ltr'>se</span> <span class='ocrx_word' id='word_1_182' title='bbox 770 1938 903 1985; x_wconf 88' lang='lat' dir='ltr'>habet</span> <span class='ocrx_word' id='word_1_183' title='bbox 935 1949 985 1985; x_wconf 89' lang='lat' dir='ltr'>ut</span> <span class='ocrx_word' id='word_1_184' title='bbox 1017 1938 1091 1985; x_wconf 79' lang='lat' dir='ltr'>lux</span> <span class='ocrx_word' id='word_1_185' title='bbox 1125 1938 1182 1985; x_wconf 93' lang='lat' dir='ltr'>ad</span> <span class='ocrx_word' id='word_1_186' title='bbox 1217 1938 1438 1985; x_wconf 88' lang='lat' dir='ltr'>tenebras.</span> 
     </span>
    </p>

    <p class='ocr_par' dir='ltr' id='par_1_5' title="bbox 154 2014 1657 2842">
     <span class='ocr_line' id='line_1_25' title="bbox 252 2014 1624 2081; baseline 0 -18"><span class='ocrx_word' id='word_1_187' title='bbox 252 2015 338 2063; x_wconf 90' lang='lat' dir='ltr'>Sed</span> <span class='ocrx_word' id='word_1_188' title='bbox 373 2033 517 2081; x_wconf 91' lang='lat' dir='ltr'>neque</span> <span class='ocrx_word' id='word_1_189' title='bbox 546 2015 722 2063; x_wconf 89' lang='lat' dir='ltr'>misceri</span> <span class='ocrx_word' id='word_1_190' title='bbox 751 2025 894 2080; x_wconf 90' lang='lat' dir='ltr'>potest</span> <span class='ocrx_word' id='word_1_191' title='bbox 924 2014 1100 2062; x_wconf 77' lang='lat' dir='ltr'>libertas</span> <span class='ocrx_word' id='word_1_192' title='bbox 1133 2015 1413 2062; x_wconf 78' lang='lat' dir='ltr'>conscientiae</span> <span class='ocrx_word' id='word_1_193' title='bbox 1435 2032 1536 2062; x_wconf 94' lang='lat' dir='ltr'>cum</span> <span class='ocrx_word' id='word_1_194' title='bbox 1562 2027 1624 2063; x_wconf 83' lang='lat' dir='ltr'>to-</span> 
     </span>
     <span class='ocr_line' id='line_1_26' title="bbox 158 2090 1623 2156; baseline 0.001 -17"><span class='ocrx_word' id='word_1_195' title='bbox 158 2093 343 2139; x_wconf 79' lang='lat' dir='ltr'>lerantia</span> <span class='ocrx_word' id='word_1_196' title='bbox 366 2093 461 2140; x_wconf 89' lang='lat' dir='ltr'>sive</span> <span class='ocrx_word' id='word_1_197' title='bbox 491 2091 721 2155; x_wconf 87' lang='lat' dir='ltr'>religiosa,</span> <span class='ocrx_word' id='word_1_198' title='bbox 751 2092 845 2139; x_wconf 89' lang='lat' dir='ltr'>sive</span> <span class='ocrx_word' id='word_1_199' title='bbox 867 2091 1002 2138; x_wconf 89' lang='lat' dir='ltr'>civili.</span> <span class='ocrx_word' id='word_1_200' title='bbox 1025 2091 1136 2139; x_wconf 91' lang='lat' dir='ltr'>Nam</span> <span class='ocrx_word' id='word_1_201' title='bbox 1161 2090 1391 2139; x_wconf 89' lang='lat' dir='ltr'>tolerantia</span> <span class='ocrx_word' id='word_1_202' title='bbox 1415 2091 1623 2156; x_wconf 88' lang='lat' dir='ltr'>religiosa</span> 
     </span>
     <span class='ocr_line' id='line_1_27' title="bbox 155 2167 1621 2234; baseline 0.001 -19"><span class='ocrx_word' id='word_1_203' title='bbox 155 2169 202 2216; x_wconf 92' lang='lat' dir='ltr'>in</span> <span class='ocrx_word' id='word_1_204' title='bbox 221 2186 304 2216; x_wconf 91' lang='lat' dir='ltr'>suo</span> <span class='ocrx_word' id='word_1_205' title='bbox 321 2179 538 2234; x_wconf 88' lang='lat' dir='ltr'>conceptu</span> <span class='ocrx_word' id='word_1_206' title='bbox 558 2168 727 2216; x_wconf 91' lang='lat' dir='ltr'>indicat</span> <span class='ocrx_word' id='word_1_207' title='bbox 755 2168 1091 2233; x_wconf 89' lang='lat' dir='ltr'>permissionem</span> <span class='ocrx_word' id='word_1_208' title='bbox 1117 2167 1409 2232; x_wconf 84' lang='lat' dir='ltr'>professionis</span> <span class='ocrx_word' id='word_1_209' title='bbox 1432 2167 1621 2217; x_wconf 88' lang='lat' dir='ltr'>alicuius</span> 
     </span>
     <span class='ocr_line' id='line_1_28' title="bbox 155 2243 1615 2309; baseline -0.001 -16"><span class='ocrx_word' id='word_1_210' title='bbox 155 2246 299 2294; x_wconf 91' lang='lat' dir='ltr'>cultus</span> <span class='ocrx_word' id='word_1_211' title='bbox 335 2245 499 2294; x_wconf 90' lang='lat' dir='ltr'>diversi</span> <span class='ocrx_word' id='word_1_212' title='bbox 531 2246 586 2293; x_wconf 92' lang='lat' dir='ltr'>ab</span> <span class='ocrx_word' id='word_1_213' title='bbox 610 2263 677 2301; x_wconf 89' lang='lat' dir='ltr'>eo,</span> <span class='ocrx_word' id='word_1_214' title='bbox 706 2261 838 2309; x_wconf 92' lang='lat' dir='ltr'>quem</span> <span class='ocrx_word' id='word_1_215' title='bbox 869 2244 1122 2309; x_wconf 89' lang='lat' dir='ltr'>provinciae</span> <span class='ocrx_word' id='word_1_216' title='bbox 1157 2243 1418 2309; x_wconf 86' lang='lat' dir='ltr'>profitentur</span> <span class='ocrx_word' id='word_1_217' title='bbox 1450 2262 1519 2291; x_wconf 82' lang='lat' dir='ltr'>ex.</span> <span class='ocrx_word' id='word_1_218' title='bbox 1549 2262 1615 2309; x_wconf 90' lang='lat' dir='ltr'>gr.</span> 
     </span>
     <span class='ocr_line' id='line_1_29' title="bbox 155 2321 1620 2385; baseline 0 -16"><span class='ocrx_word' id='word_1_219' title='bbox 155 2322 366 2370; x_wconf 89' lang='lat' dir='ltr'>iudaismi</span> <span class='ocrx_word' id='word_1_220' title='bbox 399 2323 447 2369; x_wconf 87' lang='lat' dir='ltr'>in</span> <span class='ocrx_word' id='word_1_221' title='bbox 479 2321 735 2385; x_wconf 88' lang='lat' dir='ltr'>regionibus</span> <span class='ocrx_word' id='word_1_222' title='bbox 770 2321 1049 2376; x_wconf 88' lang='lat' dir='ltr'>christianis,</span> <span class='ocrx_word' id='word_1_223' title='bbox 1090 2331 1165 2368; x_wconf 90' lang='lat' dir='ltr'>aut</span> <span class='ocrx_word' id='word_1_224' title='bbox 1195 2321 1543 2385; x_wconf 89' lang='lat' dir='ltr'>protestantismi</span> <span class='ocrx_word' id='word_1_225' title='bbox 1573 2322 1620 2369; x_wconf 88' lang='lat' dir='ltr'>in</span> 
     </span>
     <span class='ocr_line' id='line_1_30' title="bbox 154 2396 1622 2462; baseline 0 -17"><span class='ocrx_word' id='word_1_226' title='bbox 154 2398 409 2462; x_wconf 89' lang='lat' dir='ltr'>regionibus</span> <span class='ocrx_word' id='word_1_227' title='bbox 439 2397 696 2453; x_wconf 89' lang='lat' dir='ltr'>catholicis,</span> <span class='ocrx_word' id='word_1_228' title='bbox 742 2396 853 2444; x_wconf 91' lang='lat' dir='ltr'>adeo</span> <span class='ocrx_word' id='word_1_229' title='bbox 891 2407 941 2443; x_wconf 91' lang='lat' dir='ltr'>ut</span> <span class='ocrx_word' id='word_1_230' title='bbox 979 2396 1052 2443; x_wconf 90' lang='lat' dir='ltr'>isti</span> <span class='ocrx_word' id='word_1_231' title='bbox 1082 2396 1177 2443; x_wconf 88' lang='lat' dir='ltr'>sive</span> <span class='ocrx_word' id='word_1_232' title='bbox 1210 2396 1358 2443; x_wconf 90' lang='lat' dir='ltr'>iudaei</span> <span class='ocrx_word' id='word_1_233' title='bbox 1392 2396 1487 2444; x_wconf 89' lang='lat' dir='ltr'>sive</span> <span class='ocrx_word' id='word_1_234' title='bbox 1519 2414 1622 2462; x_wconf 93' lang='lat' dir='ltr'>pro-</span> 
     </span>
     <span class='ocr_line' id='line_1_31' title="bbox 154 2471 1620 2523; baseline -0.002 0"><span class='ocrx_word' id='word_1_235' title='bbox 154 2486 365 2523; x_wconf 87' lang='lat' dir='ltr'>testantes</span> <span class='ocrx_word' id='word_1_236' title='bbox 410 2473 577 2521; x_wconf 90' lang='lat' dir='ltr'>nullam</span> <span class='ocrx_word' id='word_1_237' title='bbox 617 2473 806 2520; x_wconf 90' lang='lat' dir='ltr'>debeant</span> <span class='ocrx_word' id='word_1_238' title='bbox 839 2472 1059 2520; x_wconf 90' lang='lat' dir='ltr'>sustinere</span> <span class='ocrx_word' id='word_1_239' title='bbox 1098 2471 1345 2520; x_wconf 88' lang='lat' dir='ltr'>molestiam</span> <span class='ocrx_word' id='word_1_240' title='bbox 1391 2471 1448 2520; x_wconf 93' lang='lat' dir='ltr'>ob</span> <span class='ocrx_word' id='word_1_241' title='bbox 1493 2490 1620 2520; x_wconf 87' lang='lat' dir='ltr'>suam</span> 
     </span>
     <span class='ocr_line' id='line_1_32' title="bbox 155 2548 1622 2616; baseline 0 -19"><span class='ocrx_word' id='word_1_242' title='bbox 155 2551 500 2616; x_wconf 50' lang='lat' dir='ltr'>professionem.</span> <span class='ocrx_word' id='word_1_243' title='bbox 527 2550 775 2597; x_wconf 86' lang='lat' dir='ltr'>Tolerantia</span> <span class='ocrx_word' id='word_1_244' title='bbox 802 2567 905 2596; x_wconf 89' lang='lat' dir='ltr'>vero</span> <span class='ocrx_word' id='word_1_245' title='bbox 934 2548 1080 2596; x_wconf 90' lang='lat' dir='ltr'>civilis</span> <span class='ocrx_word' id='word_1_246' title='bbox 1112 2548 1335 2611; x_wconf 90' lang='lat' dir='ltr'>significat</span> <span class='ocrx_word' id='word_1_247' title='bbox 1368 2549 1622 2612; x_wconf 86' lang='lat' dir='ltr'>permissio-</span> 
     </span>
     <span class='ocr_line' id='line_1_33' title="bbox 156 2624 1619 2690; baseline 0 -16"><span class='ocrx_word' id='word_1_248' title='bbox 156 2645 285 2683; x_wconf 88' lang='lat' dir='ltr'>nem,</span> <span class='ocrx_word' id='word_1_249' title='bbox 322 2639 370 2675; x_wconf 93' lang='lat' dir='ltr'>ut</span> <span class='ocrx_word' id='word_1_250' title='bbox 403 2628 461 2675; x_wconf 90' lang='lat' dir='ltr'>ita</span> <span class='ocrx_word' id='word_1_251' title='bbox 497 2627 665 2683; x_wconf 90' lang='lat' dir='ltr'>dicam,</span> <span class='ocrx_word' id='word_1_252' title='bbox 705 2627 979 2690; x_wconf 87' lang='lat' dir='ltr'>negativam,</span> <span class='ocrx_word' id='word_1_253' title='bbox 1018 2626 1062 2672; x_wconf 90' lang='lat' dir='ltr'>vi</span> <span class='ocrx_word' id='word_1_254' title='bbox 1096 2625 1223 2673; x_wconf 92' lang='lat' dir='ltr'>cuius</span> <span class='ocrx_word' id='word_1_255' title='bbox 1256 2624 1386 2672; x_wconf 87' lang='lat' dir='ltr'>civile</span> <span class='ocrx_word' id='word_1_256' title='bbox 1425 2626 1619 2688; x_wconf 87' lang='lat' dir='ltr'>regimen</span> 
     </span>
     <span class='ocr_line' id='line_1_34' title="bbox 156 2700 1620 2768; baseline -0.001 -18"><span class='ocrx_word' id='word_1_257' title='bbox 156 2720 244 2750; x_wconf 91' lang='lat' dir='ltr'>non</span> <span class='ocrx_word' id='word_1_258' title='bbox 269 2704 401 2767; x_wconf 89' lang='lat' dir='ltr'>punit</span> <span class='ocrx_word' id='word_1_259' title='bbox 423 2721 523 2760; x_wconf 89' lang='lat' dir='ltr'>eos,</span> <span class='ocrx_word' id='word_1_260' title='bbox 551 2704 629 2768; x_wconf 91' lang='lat' dir='ltr'>qui</span> <span class='ocrx_word' id='word_1_261' title='bbox 653 2701 1000 2766; x_wconf 90' lang='lat' dir='ltr'>obligationibus</span> <span class='ocrx_word' id='word_1_262' title='bbox 1030 2700 1126 2748; x_wconf 89' lang='lat' dir='ltr'>suis</span> <span class='ocrx_word' id='word_1_263' title='bbox 1155 2700 1251 2748; x_wconf 89' lang='lat' dir='ltr'>sive</span> <span class='ocrx_word' id='word_1_264' title='bbox 1277 2700 1500 2764; x_wconf 89' lang='lat' dir='ltr'>religiosis</span> <span class='ocrx_word' id='word_1_265' title='bbox 1526 2701 1620 2749; x_wconf 87' lang='lat' dir='ltr'>sive</span> 
     </span>
     <span class='ocr_line' id='line_1_35' title="bbox 158 2775 1619 2842; baseline -0.001 -16"><span class='ocrx_word' id='word_1_266' title='bbox 158 2779 399 2828; x_wconf 84' lang='lat' dir='ltr'>moralibus</span> <span class='ocrx_word' id='word_1_267' title='bbox 422 2797 510 2828; x_wconf 91' lang='lat' dir='ltr'>non</span> <span class='ocrx_word' id='word_1_268' title='bbox 542 2778 834 2827; x_wconf 86' lang='lat' dir='ltr'>satisfaciunt.</span> <span class='ocrx_word' id='word_1_269' title='bbox 864 2778 1057 2841; x_wconf 90' lang='lat' dir='ltr'>Utraque</span> <span class='ocrx_word' id='word_1_270' title='bbox 1089 2775 1321 2825; x_wconf 86' lang='lat' dir='ltr'>tolerantia</span> <span class='ocrx_word' id='word_1_271' title='bbox 1350 2776 1619 2842; x_wconf 88' lang='lat' dir='ltr'>quandoque</span> 
     </span>
    </p>

    <p class='ocr_par' dir='ltr' id='par_1_6' title="bbox 1514 2876 1559 2908">
     <span class='ocr_line' id='line_1_36' title="bbox 1514 2876 1559 2908; baseline 0.022 -1"><span class='ocrx_word' id='word_1_272' title='bbox 1514 2876 1559 2908; x_wconf 79' lang='lat'>23</span> 
     </span>
    </p>
   </div>
  </div>
 </body>
</html>
