1912 3180
262 190 353 220 cn.
372 189 419 220 n.
438 189 490 220 m:
513 188 635 220 iim.
665 187 748 219 civ.
773 187 883 219 omo.
908 187 958 219 m·
983 186 1127 220 moon.
1151 186 1319 219 mmm.
1444 170 1534 217 283

79 267 191 314 vites
234 267 329 314 suis
375 265 656 313 facultatibus
700 265 920 329 expoliem
945 303 954 320 ‚
1003 276 1148 313 tamen
1192 274 1427 330 coeperunt
1469 265 1540 311 in-

80 343 239 390 vadere
286 343 463 407 impune
508 341 831 388 ecclesiasticas
877 342 1181 404 proprietates.
1222 340 1318 397 Quo
1359 339 1537 405 quidem

80 418 364 482 proprietatis
399 417 719 479 cuiuscumque
741 413 1027 461 fundamenta
1049 417 1253 480 quatiunt
1273 415 1540 463 labefactan—

79 511 181 559 que.
220 493 393 540 Etenim
430 509 517 539 non
550 492 697 538 minus
733 489 853 554 leges
887 500 1081 537 tutantur
1111 503 1155 539 et
1187 509 1337 540 sacras
1375 491 1541 539 habent

79 570 369 633 proprietates
400 569 595 615 virorum
629 566 1030 615 ecclesiasticorum
1045 604 1056 622 ‚
1085 584 1136 614 ac
1159 568 1448 633 proprietates
1472 584 1542 614 re-

26 651 32 657 '
79 644 299 709 liquorum
335 644 513 691 civium.
550 643 648 689 Pari
683 643 779 690 iure
802 659 886 689 sua
907 641 1135 706 possident
1156 642 1273 690 bona
1293 643 1378 690 viri
1401 642 1540 691 eccle-

81 720 253 767 siastici
267 758 278 776 ,
300 737 352 767 ac
375 720 494 767 cives
514 719 589 765 alii
609 719 899 783 quicumque:
924 717 1188 782 quandoque
1211 718 1342 764 etiam
1365 718 1540 766 illorum

80 795 194 843 tituli
229 796 527 861 possessionis
563 795 767 842 iustiores
801 804 903 841 sunt
935 810 986 840 ac
1017 793 1158 857 magis
1187 793 1301 839 firmi
1329 795 1444 855 (35).
1467 794 1543 840 Ni-

81 873 326 920 hilominus
360 872 700 937 pseudopolitici
723 871 780 918 ad
804 887 1003 918 normam
1027 869 1313 917 subversivae
1343 886 1542 916 cummu-

83 949 298 996 nistarum
339 948 535 995 theoriae
568 947 652 995 sub
687 948 789 994 ficto
819 946 969 1011 aliquo
1002 945 1175 1003 colore,
1210 963 1277 993 ex.
1314 963 1380 1009 gr.
1414 961 1543 992 oeco-

80 1025 253 1072 nomiae
286 1024 515 1088 pubhcae,
544 1041 596 1071 ac
617 1023 847 1071 deterioris
875 1022 1039 1088 publici
1070 1021 1227 1069 aerarii
1253 1020 1538 1076 conditionis,

80 1099 198 1164 quod
231 1098 412 1164 ipsimet
444 1098 663 1146 interdum
699 1098 995 1163 imprudentia
1024 1115 1105 1145 sua
1127 1097 1413 1162 perdiderunt
1429 1135 1439 1152 ,
1467 1106 1543 1145 aut

79 1175 211 1222 etiam
236 1175 334 1222 sine
355 1174 447 1222 ullo
470 1174 746 1222 emendicato
770 1173 913 1230 titulo,
936 1174 1052 1222 bona
1075 1173 1377 1221 ecclesiastica
1393 1172 1542 1220 subito

80 1251 365 1308 adoriuntur,
395 1251 704 1315 legitimosque
727 1250 927 1298 dominos
952 1268 978 1297 a
1001 1250 1285 1315 possessione
1311 1249 1539 1303 deiiciunt.

81 1328 130 1374 ld
165 1345 295 1392 agere
328 1328 587 1393 praesertim
621 1329 942 1374 censueverunt
973 1343 1073 1373 cum
1106 1325 1328 1389 religiosis
1361 1324 1546 1372 familiis

81 1421 132 1451 ac
162 1403 561 1451 sanctimonialium
595 1403 817 1459 coetibus,
854 1419 1041 1467 quorum
1075 1402 1191 1449 hona
1222 1401 1392 1465 passim
1425 1401 1546 1448 inva-

81 1480 215 1536 dunt,
254 1480 514 1544 incolasque
547 1497 571 1526 e
606 1479 796 1544 propriis
830 1478 1067 1526 domiciliis
1102 1478 1286 1543 turpiter
1318 1488 1361 1525 et
1393 1477 1545 1525 crude-

82 1556 180 1603 liter
217 1555 462 1620 expellunt:
507 1573 652 1620 neque
688 1573 791 1603 vero
830 1554 920 1602 ulla
960 1555 1126 1602 ratione
1164 1565 1346 1602 utuntur
1374 1593 1383 1611 ,
1410 1554 1543 1620 'quod

80 1631 273 1695 plurium
307 1631 563 1678 huiusmodi
597 1631 810 1679 bonorum
845 1631 969 1695 origo
997 1648 1084 1678 non
1109 1648 1132 1677 e
1155 1630 1314 1694 legati,
1343 1641 1419 1678 aut
1441 1630 1545 1678 hae-

84 1707 282 1755 reditatis
317 1707 443 1755 titulo
477 1708 712 1773 repetenda
736 1707 817 1763 sit,
846 1707 923 1755 sed
947 1725 1000 1754 ex
1022 1707 1148 1755 titulo
1178 1707 1412 1772 emptionis
1444 1724 1546 1754 aere

83 1783 284 1847 proprio,
323 1795 399 1830 aut
430 1800 482 1830 ex
516 1783 642 1830 titulo
680 1783 930 1830 donationis
967 1783 1190 1840 alicuius,
1229 1783 1306 1847 qui
1342 1782 1543 1845 religioni

84 1875 243 1905 nomen
283 1858 435 1912 dedit,
484 1868 720 1922 antequam
752 1868 854 1905 vota
888 1875 969 1904 sua
1003 1868 1304 1922 nuncuparet,
1341 1874 1392 1904 ac
1425 1857 1543 1904 omni

83 1934 349 1998 proprietate
373 1951 473 1981 sese
495 1933 733 1981 abdicaret.
764 1934 880 1997 Ergo
902 1934 1118 1982 eiusmodi
1144 1934 1458 1998 expoliationes
1484 1935 1547 1981 in-

85 2010 225 2056 iustae
249 2019 377 2066 sunt,
408 2010 610 2074 iniquae,
641 2027 690 2056 ac
714 2028 817 2057 vera
842 2010 1070 2058 latrocinia
1094 2010 1271 2075 publica
1290 2028 1341 2058 ac
1358 2011 1539 2074 legalia;

84 2096 189 2132 sunt
216 2103 374 2150 nempe
404 2087 751 2134 communismus
786 2088 830 2133 in
866 2086 1035 2151 praxim
1071 2087 1303 2134 deductus.
1326 2088 1457 2135 Porro
1481 2087 1545 2135 ci-

84 2178 159 2208 ves
184 2178 234 2208 ac
258 2161 410 2208 infima
444 2162 592 2226 plebs,
632 2162 795 2227 quibus
830 2163 941 2210 haec
975 2174 1197 2229 comperta
1222 2174 1346 2220 sunt,
1374 2181 1455 2211 nec
1476 2163 1546 2211 lo-

83 2236 182 2300 gica
210 2237 432 2293 destituti,
474 2256 526 2285 ea
558 2249 803 2303 opportuno
836 2250 1032 2304 tempore
1062 2240 1107 2286 in
1136 2240 1258 2305 ipsos
1291 2240 1547 2305 pseudopo-

84 2312 228 2362 liticos
250 2324 441 2369 vertent,
471 2325 602 2379 atque
626 2331 725 2362 cum
749 2315 860 2381 ipsis
883 2315 1072 2381 physica
1096 2317 1164 2364 vis
1195 2327 1424 2382 suppetat,
1452 2316 1546 2380 agi—

177 2428 243 2470 (35)
263 2431 379 2472 Reipsa
388 2432 501 2463 auctor
510 2432 597 2464 certe
611 2440 674 2464 non
689 2434 855 2473 suspectus
870 2434 909 2464 D.
926 2433 1016 2466 Tiers
1029 2434 1062 2465 in
1078 2442 1131 2474 op.
1146 2436 1194 2466 De
1211 2434 1246 2466 la
1253 2434 1431 2475 propr-tete
1446 2434 1504 2466 liv.
1514 2435 1540 2466 l.

84 2482 135 2513 eh.
153 2484 191 2514 V.
207 2485 278 2515 VH.
293 2485 380 2515 vul.
398 2485 544 2525 agnoscit
566 2484 729 2525 laborem,
753 2485 942 2518 donationes
967 2487 1000 2518 et
1019 2487 1210 2519 testamenta
1238 2488 1403 2527 tamquam
1426 2486 1544 2519 titulos

85 2535 186 2575 magis
203 2537 367 2570 naturales
390 2546 429 2569 ac
449 2538 600 2570 indubios
616 2538 831 2580 proprietatis.
853 2539 902 2572 cI.
919 2547 995 2571 vero
1018 2540 1137 2571 Hurter
1151 2547 1224 2571 cum
1240 2539 1348 2572 adhuc
1367 2541 1451 2572 esset
1470 2548 1546 2581 pro-

84 2588 204 2620 testans
228 2589 261 2620 in
285 2598 345 2622 suo
365 2590 516 2623 Tableau
538 2590 596 2623 des
618 2593 835 2624 instituemus
853 2591 902 2624 du
922 2600 1040 2633 moyen
1065 2591 1128 2632 dae
1146 2593 1226 2624 tom.
1242 2593 1285 2624 11.
1298 2592 1350 2624 cb.
1365 2593 1437 2625 vn.
1455 2593 1546 2635 quod

86 2639 340 2674 inscribiturlaes
355 2645 520 2676 convenis
535 2643 604 2676 ruse
618 2644 760 2676 ostendit
772 2644 949 2676 innumeris
962 2652 1060 2684 prope
1075 2643 1277 2676 documentis
1291 2644 1542 2679 iustitiam-etun-

85 2692 175 2724 modi
189 2693 390 2727 diversorum
408 2696 578 2728 titulorum
597 2696 802 2737 proprietatis
819 2696 1014 2729 familiarum
1028 2696 1269 2737 religiosarum,
1285 2705 1344 2730 nec
1356 2706 1421 2730 non
1435 2698 1541 2732 officia

85 2746 238 2786 praestita
254 2755 312 2788 per
325 2748 383 2780 has
397 2749 614 2781 institutiones
640 2749 875 2790 agriculturae,
891 2749 1089 2790 industriae,
1110 2750 1313 2791 educationi,
1328 2750 1461 2793 litteris,
1483 2751 1540 2784 bo-

89 2799 138 2830 nis
153 2799 294 2840 artibus,
314 2809 351 2832 ac
368 2800 515 2834 solamini
533 2802 733 2833 miseriarum
748 2802 865 2842 quibus
881 2802 1033 2843 affligitur
1046 2803 1226 2835 humanitas
1236 2803 1369 2836 ‘socialis
