1912 3180
232 214 321 261 438
484 228 565 260 un.
594 227 625 259 1.
653 226 768 259 sacr.
796 226 968 259 mum.
998 226 1050 258 ns
1084 226 1259 259 numu.
1289 227 1430 260 cmm.

228 307 467 362 stinorum,
506 315 598 352 tum
634 303 826 352 filiorum
860 303 1055 351 familias
1078 341 1088 359 ‚
1127 321 1243 368 quae
1275 303 1577 353 obnitentibus
1617 319 1693 356 aut

228 382 383 430 insciis
408 380 668 446 parentibus
701 381 932 428 inirentur.
956 380 1020 426 Ex
1038 380 1110 428 his
1130 380 1315 428 alterum
1345 382 1565 430 concessit
1587 400 1693 431 con-

225 458 374 507 cilium
399 496 409 515 ,
452 457 637 505 alterum
677 457 928 514 recusavit3
978 457 1176 522 quinimo
1210 457 1404 505 decrevit
1436 459 1549 523 falSo
1583 477 1693 507 non-

226 534 371 582 nullos
405 534 625 599 affirmare
653 535 929 581 matrimonia
951 551 978 580 α
1001 534 1106 599 filiis
1131 534 1328 599 familias
1361 536 1452 582 sine
1487 553 1691 584 consensu

218 620 449 674 parentum
483 619 701 657 contracta
733 610 863 657 irrita
894 627 1003 664 esse,
1031 619 1071 656 et
1097 619 1300 673 parentes
1334 627 1384 657 ea
1411 620 1512 657 rata
1537 611 1607 658 vel
1629 613 1693 658 ir-

223 688 311 733 rita
346 687 485 750 facere
513 704 652 750 posse.

320 763 429 809 Cum
465 761 551 809 hae
576 761 850 828 praemissae
883 760 974 808 sint
1007 759 1169 818 falsae,
1199 760 1362 808 falsum
1392 778 1569 826 quoque
1592 779 1692 810 con-

223 855 417 904 sequens
463 855 564 886 esse
611 854 794 885 necesse
838 846 947 893 est,
1002 836 1122 901 quod
1166 836 1213 882 in
1259 836 1349 885 illis
1399 838 1646 886 continetur
1677 877 1688 895 ,

224 914 395 962 scilicet
428 931 561 979 posse
594 913 819 979 principes
854 912 977 959 illam
1018 922 1279 976 potestatem
1323 931 1530 962 revocare
1570 914 1691 962 iuxta

222 1002 467 1056 temporum
502 990 747 1054 exigentias
770 1027 780 1046 ,
827 989 873 1035 in
908 1006 997 1054 quo
1031 989 1235 1037 consistit
1267 989 1378 1037 alter
1405 1008 1527 1038 error
1558 1008 1690 1055 quem

222 1068 480 1115 vocavimus
513 1067 638 1113 iuris.
678 1065 905 1130 Principes
939 1065 1057 1112 enim
1092 1082 1297 1114 revocare
1336 1083 1424 1115 non
1465 1077 1683 1131 possunt,

223 1144 343 1208 quod
373 1160 615 1208 numquam
649 1152 984 1199 concesserunt,
1015 1151 1091 1189 aut
1114 1142 1355 1190 concedere
1378 1153 1586 1207 potuere,
1613 1160 1692 1190 cu-

222 1219 416 1268 iusmodi
450 1236 549 1266 eam
583 1235 684 1265 esse
716 1217 913 1266 vidimus
942 1227 1202 1282 potestatem
1220 1256 1230 1275 ,
1258 1235 1393 1283 quam
1412 1229 1591 1267 senator
1612 1236 1694 1267 no-

221 1306 313 1343 ster
352 1295 514 1342 iisdem
549 1294 719 1341 tribuit.

318 1370 703 1427 Quemadmodum
744 1387 849 1419 vero
894 1370 978 1419 sub
1021 1371 1154 1419 finem
1197 1370 1537 1435 disceptationis
1582 1389 1692 1419 suae

220 1448 338 1496 idem
373 1459 520 1495 orator
545 1447 734 1495 adiecit:
769 1448 1001 1513 «Repeto,
1036 1448 1079 1494 id
1113 1447 1282 1494 iamdiu
1309 1447 1355 1493 in
1381 1447 1536 1494 Galliis
1567 1458 1612 1495 et
1645 1448 1691 1494 in

221 1524 372 1587 Belgio
396 1524 538 1571 locum
570 1523 806 1581 habuisse,
838 1524 946 1588 quin
981 1523 1201 1571 eiusmodi
1237 1524 1448 1586 coniuqiis
1485 1523 1690 1586 leqitimis

220 1610 346 1666 turpe
370 1599 693 1647 concubinatus
727 1617 888 1647 nomen
923 1599 1111 1647 inditum
1145 1599 1329 1655 fuerit,»
1351 1598 1413 1646 ita
1430 1609 1473 1646 et
1498 1616 1579 1646 nos
1608 1609 1691 1646 ite-

220 1694 318 1724 rare
351 1676 591 1731 debemus,
629 1675 749 1740 quod
783 1676 871 1722 iam
905 1675 1123 1731 diximus,
1161 1674 1370 1723 videlicet
1403 1691 1492 1722 non
1528 1675 1599 1738 agi
1634 1675 1690 1722 de

218 1753 333 1817 sacto
368 1752 446 1799 sed
481 1751 537 1798 de
570 1753 691 1798 iure:
736 1751 864 1816 plura
909 1761 1011 1798 sunt
1056 1767 1172 1815 quae
1216 1750 1354 1805 fiunt,
1394 1767 1510 1814 quae
1543 1760 1689 1797 tamen

219 1828 314 1876 fieri
349 1827 544 1891 legitime
578 1845 666 1875 non
700 1837 905 1892 possunt.
944 1826 1147 1874 Ecclesia
1191 1826 1346 1890 nequit
1378 1826 1469 1873 vim
1499 1825 1690 1873 obiicere

218 1904 302 1960 iis,
335 1903 412 1968 qui
441 1903 485 1951 vi
521 1903 784 1959 abutuntur,
821 1912 871 1949 ut
903 1911 1055 1949 contra
1083 1902 1154 1948 ius
1180 1911 1223 1948 et
1251 1900 1319 1948 fas
1355 1901 1494 1948 multa
1523 1902 1690 1949 consti-

219 1991 357 2028 tuant.
397 1980 442 2026 Si
483 1979 703 2027 interdum
750 1979 1017 2027 necessitate
1058 1978 1289 2043 compulsa
1333 1978 1577 2043 apostolica
1620 1995 1691 2025 se-

218 2057 298 2104 des
342 2056 627 2103 dissimulare
654 2056 709 2103 ad
737 2066 910 2122 tempus
940 2055 1141 2119 cogitur,
1181 2072 1268 2102 non
1303 2055 1404 2102 ideo
1438 2054 1654 2120 approbat
1674 2093 1684 2111 ,

219 2150 334 2198 quae
370 2132 662 2199 improbanda
697 2141 823 2180 sunt:
855 2132 977 2180 novit
1010 2131 1201 2179 ecclesia
1229 2141 1402 2196 tempus
1438 2130 1612 2178 tacendi
1648 2140 1691 2178 et

218 2220 391 2275 tempus
427 2208 634 2273 loquendi
659 2226 668 2254 τ
697 2208 847 2255 functa
880 2219 949 2255 est
982 2225 1164 2255 munere
1198 2224 1279 2254 suo
1309 2216 1438 2271 prout
1463 2224 1607 2253 rerum
1637 2223 1691 2253 ac

217 2295 463 2348 temporum
493 2284 702 2331 adiuncta
735 2283 1046 2348 exposcebant.
1078 2283 1205 2339 Quod
1236 2282 1275 2330 si
1300 2281 1514 2345 gubernia
1539 2298 1688 2328 aurem

218 2378 305 2408 non
328 2360 567 2425 praebent,
599 2361 699 2426 ipsa
725 2358 941 2407 viderint:
976 2377 1065 2407 non
1101 2359 1201 2407 ideo
1230 2376 1299 2406 res
1329 2358 1453 2405 licita
1475 2357 1682 2413 efficitur,

217 2453 361 2501 neque
388 2436 492 2484 inde
515 2436 717 2500 sequitur
743 2435 855 2483 alias
881 2435 976 2483 sive
1004 2434 1284 2500 respublicas
1304 2434 1398 2481 sive
1415 2449 1551 2496 regna
1568 2431 1687 2479 licite

216 2529 349 2576 posse
383 2511 461 2559 illa
494 2511 673 2559 imitari.
696 2511 897 2559 Ceterum
931 2510 1254 2558 concubinatus
1290 2527 1447 2557 nomen
1485 2508 1687 2571 leqitimis

217 2587 472 2636 huiusmodi
508 2587 729 2635 connubiis
764 2606 790 2634 a
815 2588 892 2635 Pio
926 2587 999 2633 IX.
1023 2597 1174 2652 aperte
1206 2587 1393 2633 inditum
1420 2584 1560 2631 fuisse
1588 2583 1687 2647 plu-

216 2663 305 2710 ries
345 2664 567 2722 diximus,
607 2681 746 2729 quum
780 2664 957 2712 docuit:
984 2664 1136 2710 «inter
1171 2662 1325 2710 fideles
1358 2659 1687 2707 matrimonium

217 2738 315 2785 dari
348 2756 436 2786 non
471 2756 627 2804 posse,
666 2757 777 2805 qum
811 2757 895 2786 uno
926 2738 1149 2803 eodemque
1178 2748 1358 2802 tempore
1373 2738 1431 2783 sit
1448 2752 1687 2783 sacramen-

219 2823 325 2869 twm,
347 2824 480 2879 atque
509 2815 674 2864 idcirco
708 2814 952 2880 quamlibet
984 2814 1119 2863 aliam
1156 2814 1271 2862 inter
1303 2811 1574 2861 christianos
1601 2809 1684 2859 viri
