1918 3186
311 192 368 237 48
561 206 642 237 un.
672 206 702 236 1.
732 204 843 236 secr.
873 203 903 233 1.
934 203 985 234 nr
1019 203 1191 263 nstrum.
1225 203 1512 235 snanuENTo.

403 283 487 330 Sed
518 293 569 328 ut
602 283 731 328 finem
757 281 843 326 iam
867 279 973 326 huic
996 281 1105 328 satis
1130 281 1323 345 prolixae
1352 280 1660 345 disceptationi
1690 283 1772 329 im-

305 358 558 423 ponamus'‚'
578 374 630 403 ex
659 356 874 403 hactenus
905 356 1034 403 dictis
1061 367 1234 405 constat
1256 357 1483 404 veritatem
1507 359 1769 404 sacramenti

307 432 570 480 matrimonii
603 431 775 478 ostendi
809 448 861 477 ex
900 443 1111 496 perpetua
1145 431 1359 479 ecclesiae
1386 432 1608 489 doctrina,
1641 443 1774 496 atque

306 527 358 556 ex
391 510 490 572 ipsa
521 509 651 555 etiam
681 508 980 564 ecclesiastica
1012 509 1368 573 interpretatione
1390 509 1623 557 verborum
1647 509 1771 556 Pauli

307 583 471 647 Ephes.
500 583 547 629 V.

334 665 337 668 γ
881 705 1095 742 CAPUT
1123 704 1199 740 ΙΙ.

613 822 665 854 ΒΕ
700 821 943 853 MATRmoNll
978 820 1212 852 CHRISTIANI
1247 820 1455 852 MINISTRO·

875 939 1149 976 ARTICULUS
1176 939 1205 974 1.

819 1053 1088 1108 Quaestionis
1123 1054 1254 1115 oriqo.

403 1190 539 1236 Nemo
579 1199 645 1235 est
690 1187 939 1252 disciplinis
979 1188 1238 1251 theologicis
1273 1188 1340 1236 vel
1373 1189 1651 1236 mediocriter
1690 1189 1774 1236 ini—

308 1273 466 1321 tiatus,
505 1265 582 1329 qui
616 1281 704 1311 non
738 1264 978 1328 perspiciat
1020 1274 1223 1329 quantae>
1251 1265 1478 1328 gravitatis
1513 1266 1572 1313 sit
1603 1276 1774 1314 contro-

305 1340 451 1387 versia
483 1357 618 1404 quam
646 1339 901 1403 agitandam·
932 1340 1226 1404 suscipimus,
1271 1340 1326 1387 de
1359 1342 1627 1389 matrimonii
1652 1342 1773 1389 chri—

306 1416 441 1464 stiani
466 1417 682 1464 ministro.
706 1416 934 1481 Siquidem
951 1435 1004 1463 ex
1022 1434 1111 1480 quo
1130 1418 1274 1481 caepit
1290 1417 1336 1463 in
1350 1417 1542 1464 'ecclesia
1560 1418 1775 1465 catholica

303 1492 549 1557 disceptari
573 1493 790 1557 quaestio,
819 1492 1126 1539 contrahentes
1158 1510 1214 1539 ne
1247 1493 1401 1539 haberi
1437 1493 1648 1541 deberent
1671 1511 1776 1541 con-

306 1568 466 1631 iugalis
500 1568 763 1616 sacramenti
797 1568 987 1615 ministri
1006 1592 1034 1625 ,»
1053 1567 1424 1632 quemadmodum
1459 1569 1672 1617 hactenus
1708 1588 1776 1617 re-

307 1655 483 1709 ceptum
513 1655 628 1701 erat,
669 1662 725 1691 an
758 1661 862 1692 vero
896 1644 1132 1701 sacerdos,
1168 1643 1287 1691 illico
1325 1661 1378 1691 ex
1420 1645 1651 1708 posteriori
1692 1646 1776 1692 hac

307 1721 529 1768 sententia
574 1720 786 1783 originem
831 1720 955 1767 duxit
992 1719 1182 1767 exitialis
1222 1737 1274 1767 ac
1314 1721 1513 1768 inaudita
1561 1721 1774 1768 hactenus

306 1796 533 1844 distinctio
573 1796 686 1843 inter
725 1805 994 1843 contractum
1039 1806 1080 1842 et
1123 1807 1444 1843 sacramentum
1478 1797 1523 1842 in
1558 1797 1775 1859 coniugiis

304 1871 674 1929 christianorum,
717 1890 769 1919 ac
804 1871 1033 1936 paullatim
1065 1873 1331 1919 matrimonii
1361 1874 1506 1919 civilis
1541 1873 1773 1937 profanum

307 1965 467 1996 nomen
499 1949 722 1997 inventum
755 1960 836 1996 est.

329 2030 331 2032 ’
398 2024 629 2087 Originem
660 2024 794 2071 huius
828 2025 1150 2072 controversiae
1184 2026 1341 2089 repetit
1372 2025 1636 2072 Benedictus
1658 2025 1766 2070 XIV.

306 2101 351 2146 in
376 2101 658 2148 celeberrimo
686 2118 818 2165 opere
839 2102 904 2148 De
927 2101 1097 2166 synodo
1121 2101 1383 2149 dioecesana
1403 2103 1467 2163 (1)
1496 2119 1523 2148 a
1541 2101 1771 2148 Guilielmo

307 2179 517 2241 episcopo
535 2178 798 2241 parisiensi,
821 2178 898 2242 qui
918 2178 963 2224 in
983 2195 1063 2225 suo
1082 2188 1269 2225 tractatu
1291 2179 1354 2224 De
1371 2195 1554 2224 sacram.
1576 2178 1764 2223 matrim.

307 2270 345 2299 c.
376 2270 432 2300 1x.
457 2253 726 2316 distinguere
748 2254 871 2301 visus
900 2265 968 2301 est
995 2254 1207 2301 rationem
1232 2263 1482 2302 contractus
1508 2269 1535 2298 a
1558 2251 1770 2314 dignitate

310 2331 594 2387 sacramenti,
634 2330 844 2394 illamque
868 2330 924 2377 ab
948 2331 1032 2377 hac
1066 2329 1333 2395 quandoque
1364 2328 1578 2393 separari.
1607 2327 1701 2374 Hac
1725 2328 1768 2373 in

311 2497 399 2531 Qum
414 2495 480 2527 illa
497 2493 684 2527 benedictio
700 2502 807 2536 quam
819 2502 983 2526 NUPTURAE
997 2493 1155 2526 sacerdos
1170 2494 1308 2535 imponit
1322 2493 1442 2533 etc.,ut
1453 2492 1606 2524 admonet
1617 2493 1772 2524 coustant

287 2572 291 2578 ,
306 2549 339 2579 in
363 2548 472 2580 adnot.
490 2547 533 2580 ad
547 2548 632 2579 hanc
647 2547 753 2588 epist„
764 2548 821 2579 aut
837 2547 951 2579 saltem
963 2546 1062 2578 dubia
1074 2555 1124 2578 res
1140 2548 1211 2586 est3
1235 2546 1352 2578 frustra
1369 2546 1476 2577 autem
1494 2547 1640 2585 vasquez
1660 2546 1771 2576 contra

305 2602 449 2632 veterum
469 2600 734 2633 documentorum
754 2599 972 2632 taetimonium
997 2600 1092 2640 negat
1113 2598 1222 2631 datam
1243 2598 1341 2630 fuisse
1363 2597 1617 2630 benedictionem
1640 2605 1769 2638 sponsa·

306 2653 401 2686 libus.
415 2654 526 2685 cetera
542 2662 624 2694 quae
638 2653 750 2686 adiicit
762 2653 941 2685 decretoria
960 2652 1091 2685 omnino
1101 2676 1110 2693 ‚
1125 2652 1239 2684 saitem
1259 2651 1379 2691 aliqua,
1394 2659 1459 2683 non
1474 2650 1634 2683 videntur.
1649 2652 1769 2682 Verum

306 2705 437 2745 quidem
453 2707 517 2744 est,
531 2706 618 2746 quod
629 2706 682 2738 hic
693 2706 849 2738 tractatus
863 2705 906 2737 sit
919 2705 1109 2745 posthumus
1120 2713 1156 2736 ac
1171 2704 1275 2736 solum
1288 2703 1474 2741 inchoatus,
1489 2702 1610 2743 quique
1622 2701 1770 2735 secundis

304 2759 392 2790 curis
407 2767 426 2790 a
439 2759 616 2799 vasquezio
632 2759 702 2800 ipso
715 2758 903 2791 emendatus
919 2758 1042 2790 suisset.

405 2810 448 2850 (1)
470 2810 540 2842 Lib.
557 2811 644 2842 vm.
661 2819 730 2851 cap.
746 2812 832 2843 xm.
850 2819 882 2842 n.
905 2815 930 2843 ι.
948 2814 978 2841 2.
