1912 3180
362 188 452 222 cn.
476 189 537 221 ΠΙ.
563 189 614 220 ΒΕ
639 188 812 221 mrum.
843 188 992 220 Clvlus
1028 171 1146 220 mdc.
1176 188 1268 220 Aur.
1300 189 1328 219 Ι.
1496 172 1586 218 297

137 262 139 265 ⁸
207 269 379 315 Primus
409 268 574 331 gradus
591 306 600 323 ,
629 268 675 312 in
700 284 789 331 quo
813 283 914 313 sese
949 266 1034 330 ipsi
1071 266 1342 314 collocarunt
1365 276 1414 313 ut
1436 265 1483 312 id
1505 266 1584 313 ob-

109 346 322 401 tinerent,
353 345 435 391 suit
467 344 573 400 illa,
609 360 743 407 quam
780 341 1057 389 tolerantiam
1091 342 1388 391 universalem
1413 359 1465 390 ac
1488 360 1589 390 con·

110 421 323 468 scientiae
349 420 596 467 libertatem
625 428 804 473 vocant,
832 427 1053 481 quatenus
1090 435 1325 484 supremus
1359 418 1586 483 legislator

109 496 404 560 adstringitur
437 511 591 542 omnes
626 511 679 541 ex
714 510 880 558 aequo,
908 510 961 540 ac
986 492 1378 543 indiscriminatim
1413 495 1589 543 confes-

109 574 259 621 siones
286 572 370 620 sub
394 570 640 637 patrocinio
675 587 758 617 suo
793 569 989 634 recipere
1023 580 1156 634 atque
1191 572 1355 628 tutari,
1394 571 1506 619 adeo
1539 583 1589 620 ut

110 650 207 715 pari
231 650 363 697 modo
386 658 556 713 spectet
579 647 910 712 anabaptistas,
949 656 1274 711 protestantes,
1314 649 1558 697 catholicos
1574 687 1584 706 ,

110 726 294 773 iudaeos
311 736 396 773 etc.
420 724 661 772 dummodo
686 723 849 770 civium
873 721 1030 769 munia
1054 722 1138 769 rite
1161 722 1336 770 obeant.
1361 724 1444 771 Ubi
1469 724 1590 772 hunc

110 802 301 867 primum
345 800 532 864 gradum
578 799 877 847 ascenderunt
912 797 1043 846 facile
1082 797 1149 845 eis
1191 797 1274 846 fuit
1312 800 1369 846 ad
1403 800 1589 848 alterum

111 878 378 942 transgredi,
406 877 526 943 quod
554 876 723 924 scilicet
748 875 970 939 legislatio
1006 876 1190 940 sapiens
1214 893 1267 923 ac
1291 877 1488 940 prudens
1513 878 1591 925 de·-

110 956 212 1003 beat
244 955 425 1002 omnino
454 954 499 1000 in
525 953 718 1001 subditis
742 952 1003 1000 abstrahere
1025 952 1084 999 ab
1105 952 1322 1000 elemento
1358 953 1586 1016 religioso.

110 1031 221 1078 Cum
255 1047 360 1078 vero
390 1029 547 1092 religio
581 1028 839 1076 relationem
874 1028 1038 1076 habeat
1061 1028 1118 1075 ad
1141 1029 1310 1086 Deum,
1350 1029 1509 1077 exinde
1534 1030 1589 1077 ad

110 1107 289 1154 tertium
313 1105 498 1169 gradum
525 1115 706 1152 ventum
739 1114 807 1152 est
829 1142 839 1160 ,
877 1115 926 1151 ut
960 1104 1131 1151 scilicet
1164 1105 1507 1169 praescindatur
1542 1106 1588 1153 in

112 1183 208 1246 lege
231 1200 258 1229 a
281 1182 373 1229 Deo
408 1182 533 1246 ipso,
573 1198 626 1227 ex
661 1198 751 1245 qua
786 1179 967 1245 periodo
1001 1197 1082 1227 nec
1105 1180 1185 1227 Dei
1211 1198 1371 1228 nomen
1394 1181 1589 1247 amplius

113 1259 329 1305 insertum
348 1258 393 1304 in
419 1257 571 1305 codice
594 1267 686 1313 est,
716 1273 860 1321 neque
883 1273 936 1303 ex
959 1256 1039 1303 Dei
1065 1257 1243 1304 nomine
1267 1267 1310 1305 et
1332 1257 1592 1306 auctoritate

114 1335 236 1397 leges
271 1344 479 1381 statutae.

212 1411 311 1458 Huc
337 1410 532 1458 humana
555 1428 608 1458 ac
631 1422 805 1458 terrena
833 1411 1053 1476 sapientia
1071 1429 1209 1476 quum
1226 1412 1410 1468 venerit,
1438 1429 1593 1459 omnes

114 1505 245 1535 curas
279 1504 332 1534 ac
367 1487 517 1534 studia
550 1486 767 1534 convertit
794 1487 850 1533 ad
881 1487 1146 1534 industriam
1163 1526 1173 1544 ,
1202 1486 1516 1536 commercium
1541 1505 1594 1535 ac

113 1563 377 1629 temporalia
410 1563 643 1610 commoda
677 1563 808 1610 unice
843 1563 1161 1629 provehenda,
1202 1564 1309 1629 quin
1344 1564 1414 1612 vel
1447 1564 1590 1611 hilum

114 1639 247 1687 faciat
280 1638 514 1704 spirituale
548 1638 710 1686 civium
750 1638 939 1696 bonum,
983 1639 1053 1686 vel
1093 1640 1150 1687 de
1184 1658 1237 1688 eo
1276 1640 1335 1687 sit
1370 1639 1589 1697 sollicita,

113 1716 233 1781 quod
256 1715 325 1763 vel
354 1715 569 1781 praecipit
592 1714 662 1762 vel
689 1726 807 1763 vetat
831 1716 1077 1763 christiana
1102 1716 1274 1780 religio.
1299 1717 1416 1773 Quin
1442 1717 1592 1780 potius

114 1805 212 1842 eam
230 1811 319 1841 non
338 1792 473 1840 semel
494 1803 721 1857 tamquam
748 1793 1027 1841 obstaculum
1059 1805 1232 1859 spectat
1260 1794 1457 1858 supremi
1486 1794 1591 1841 boni

117 1870 161 1915 in
198 1870 268 1917 his
304 1869 433 1917 terris
469 1868 795 1916 assecutionem
830 1869 1081 1933 impediens
1100 1908 1110 1927 ,
1139 1870 1281 1917 eidem
1307 1869 1472 1916 bellum
1498 1870 1592 1918 sive

115 1946 337 1994 occultum
378 1945 473 1993 sive
518 1957 718 2010 apertum
760 1944 920 1992 indixit
951 1946 1009 1992 ad
1044 1946 1154 1993 illud
1190 1946 1504 1994 removendum
1540 1964 1592 1994 ac

120 2023 298 2087 penitus
334 2021 672 2070 eliminandum.
696 2021 807 2069 Cum
842 2033 991 2069 autem
1027 2021 1256 2079 catholici,
1286 2033 1417 2087 prout
1440 2022 1497 2070 ab
1521 2040 1593 2070 ec-

118 2099 256 2147 clesia
289 2098 431 2146 edocti
456 2109 585 2154 sunt,
617 2115 876 2163 supremum
910 2098 1075 2146 bonum
1101 2116 1235 2157 ‘suum
1259 2117 1347 2147 non
1371 2100 1417 2145 in
1442 2099 1586 2156 terris,

118 2175 197 2223 sed
234 2176 278 2221 in
313 2174 452 2222 coelis
498 2175 741 2239 repositum
787 2192 890 2222 esse
930 2175 1139 2231 credant;
1185 2173 1387 2239 illudque
1422 2192 1511 2222 non
1546 2175 1592 2221 in

115 2251 207 2298 vita
243 2250 415 2314 fugacis
452 2250 663 2314 temporis
699 2250 861 2307 huius,
891 2250 1040 2298 sedin
1065 2250 1203 2299 altera
1238 2268 1381 2316 eaque
1414 2261 1592 2299 aeterna

115 2327 300 2392 assequi
336 2327 634 2383 contendant,
663 2344 796 2375 secus
821 2345 874 2375 ac
897 2326 982 2383 illi,
1010 2327 1087 2391 qui
1112 2345 1237 2392 spem
1274 2345 1362 2375 non
1397 2327 1590 2385 habent,

113 2404 288 2469 quique
322 2404 400 2452 toti
436 2403 727 2451 effunduntur
760 2403 806 2450 in
841 2403 1125 2451 terrestribus
1160 2404 1291 2452 bonis
1323 2404 1458 2451 unice
1492 2422 1594 2469 pron

104 2480 364 2545 sequendis
401 2497 683 2545 quocumque
716 2480 898 2527 demum
932 2479 1159 2545 praesidio
1186 2480 1231 2526 id
1260 2480 1460 2545 possint;
1488 2480 1595 2528 hinc

120 2553 374 2604 necessario
411 2557 484 2612 fit,
515 2566 564 2604 ut
590 2555 952 2621 pseudo-politici
987 2555 1256 2613 catholicos,
1296 2567 1513 2621 quantum
1549 2557 1594 2604 in

120 2701 142 2733 il
157 2702 366 2735 matrimonio
376 2703 602 2736 nell’assoluto
617 2703 752 2736 arbitrio
766 2702 817 2736 del
833 2704 943 2744 potere
955 2703 1052 2735 civile
1061 2727 1071 2744 ,
1087 2702 1254 2753 lasciando
1267 2704 1300 2753 la
1311 2704 1421 2754 chiesa
1434 2704 1487 2737 uel
1499 2704 1599 2737 fondo

123 2753 175 2786 del
194 2756 359 2788 saumario
372 2756 395 2788 i!
409 2757 644 2798 contemplarlo
655 2765 673 2789 e
687 2756 870 2798 benedirlo,
885 2765 920 2789 se
933 2764 973 2789 ne
988 2757 1072 2790 fosse
1087 2757 1248 2791 richioeta.
1263 2771 1279 2786 «ι
1290 2759 1492 2793 Iseituztoni
1508 2757 1600 2795 delle.

123 2806 213 2847 leqqt
228 2807 328 2840 civili
342 2808 401 2842 nel
414 2817 520 2849 reqno
538 2809 576 2841 di
592 2808 730 2851 Napoli.
748 2809 863 2850 Napoli
884 2813 971 2842 1853.
993 2809 1059 2843 vol.
1077 2811 1102 2842 1.
1118 2818 1191 2852 pag.
1210 2813 1267 2843 294
1282 2818 1350 2853 seq.
