1918 3186
323 195 412 241 118
585 208 663 241 un.
693 209 724 239 1.
752 205 863 238 sacr.
894 205 923 237 1.
945 205 996 237 nn
1019 206 1191 238 mrum.
1214 205 1493 238 sacmnzwro.

323 285 517 333 secunda
534 302 560 331 a
578 283 727 330 liberis
747 282 948 346 personis
967 281 1156 346 legitime
1174 283 1281 329 inita
1300 282 1462 346 recepit
1479 297 1653 345 semper
1675 291 1778 346 pro-

321 360 529 423 bavitque
553 357 739 404 ecclesia
763 367 985 421 tamquam
1007 373 1110 404 vera
1134 366 1175 403 et
1199 356 1444 403 indubitata
1475 366 1773 413 sacramenta,

321 447 370 483 ut
384 436 500 482 idem
518 434 711 498 loquitur
727 443 878 480 auctor
893 435 1008 495 (26);
1029 450 1108 480 nec
1120 433 1355 497 quisquam
1368 432 1680 479 catholicorum
1693 431 1777 479 hoc

322 511 366 557 in
386 510 569 558 dubium
587 509 817 557 revocavit.
833 509 993 573 Nequit
1014 508 1147 571 igitur
1163 508 1272 555 haec
1290 507 1536 555 benedictio
1553 507 1598 554 in
1615 507 1781 554 rituali÷

320 587 404 633 bus
440 586 711 650 praescripta
732 622 742 640 ,
779 602 1000 649 quamque
1031 594 1207 654 veteres.
1234 594 1596 639 commemorant,
1627 582 1778 630 haberi

322 671 370 706 ut
392 677 494 724 pars
518 659 771 707 essentialis
807 659 1067 706 sacramenti
1101 658 1387 715 matrimonii,
1416 675 1558 722 neque
1582 658 1696 705 trahi
1720 657 1778 704 ad

322 752 414 782 rem
457 752 583 783 suam
617 735 673 782 ab
705 735 802 791 his,
842 735 919 799 qui
954 734 1224 781 contendunt
1256 734 1526 781 sacerdotem
1560 744 1781 797 tamquam

323 811 456 858 huius
491 811 751 859 sacramenti
784 810 1058 865 ministrum,
1089 816 1267 873 propter
1287 826 1385 856 eam
1408 809 1776 864 benedictionem,

322 886 576 934 habendum
610 897 654 933 et
686 884 1013 948 agnoscendum
1046 901 1162 931 esse.

421 962 582 1010 luverit
614 962 788 1008 demum
828 959 1183 1024 disquisitione-m
1216 959 1331 1006 hanc
1363 959 1509 1006 verbis
1554 958 1782 1007 absolvere

324 1037 612 1086 eruditissimi
636 1037 734 1093 viri,
764 1053 894 1100 quem
929 1035 1110 1099 saepius
1144 1035 1445 1091 laudavimus,
1477 1035 1645 1083 scilicet
1677 1035 1787 1081 Mar-

325 1113 456 1170 tenii,
485 1113 563 1176 qui
588 1112 780 1159 referens
804 1111 1035 1167 rationem,
1064 1128 1152 1175 qua
1176 1110 1387 1173 celebrari
1411 1111 1663 1174 coniugium
1685 1127 1786 1157 con-

324 1189 499 1244 suevit,
537 1188 721 1236 scribit:
758 1187 1050 1235 «Constituto
1084 1187 1140 1234 ad
1175 1187 1460 1234 celebrandas
1500 1187 1677 1251 nuptias
1712 1185 1785 1232 die

325 1263 606 1320 adveniente,
645 1279 836 1327 sponsus
870 1272 912 1309 et
945 1279 1109 1327 sponsa
1140 1262 1431 1309 benedicendi
1456 1280 1483 1309 a
1505 1261 1781 1326 parentibus,

326 1349 403 1386 aut
418 1338 739 1403 paranymphis
758 1338 1028 1385 sistebantur
1045 1338 1261 1400 sacerdoti
1275 1338 1330 1384 ad
1345 1348 1494 1402 portas
1508 1338 1737 1385 ecclesiae.
1750 1375 1779 1382 ..

325 1413 510 1471 Deinde,
530 1413 647 1462 datis
673 1413 759 1460 sibi
783 1423 933 1461 mutuo
957 1413 1139 1475 dextris,
1161 1413 1364 1476 exigebat
1386 1413 1442 1461 ab
1465 1413 1664 1477 utrisque
1682 1429 1789 1460 con-

327 1506 535 1546 sensum,
573 1490 620 1535 in
653 1506 741 1554 quo
774 1499 908 1538 totam
942 1489 1204 1536 sacramenti
1240 1489 1506 1537 matrimonii
1548 1488 1786 1536 essentiam

327 1564 596 1629 reponebant
627 1565 812 1629 antiqui.
847 1563 1049 1612 Inaudita
1083 1564 1248 1629 quippe
1282 1564 1401 1628 apud
1436 1582 1512 1612 eos
1547 1574 1670 1611 erant
1710 1563 1787 1610 illa

326 1640 460 1688 verba
502 1640 710 1705 parochi:
747 1641 840 1705 qu
882 1658 956 1688 vos
999 1642 1204 1704 coniunqo
1238 1642 1285 1686 in
1321 1642 1488 1687 nomine
1521 1640 1669 1694 Patris
1703 1649 1780 1686 etc.

330 1717 374 1762 in
420 1716 582 1781 quibus
626 1716 763 1781 aliqui
813 1734 866 1763 ex
914 1716 1230 1764 recentioribus
1277 1715 1556 1763 scholasticis
1605 1715 1788 1762 formam

328 1792 462 1839 huius
490 1792 752 1839 sacramenti
777 1793 1072 1848 constituunt,
1101 1808 1216 1856 quae
1240 1777 1386 1838 tamen
1410 1790 1723 1837 desiderantur
1742 1790 1788 1836 in

329 1867 503 1915 duobus
538 1868 736 1932 antiquis
773 1867 1006 1915 ritualibus
1033 1884 1142 1914 mss.
1169 1866 1396 1914 beccensis
1429 1865 1710 1921 monasterii,
1744 1865 1789 1911 in

329 1942 571 2006 pontificali
591 1942 813 1990 rhemensi
831 1959 1043 1991 annorum
1065 1943 1194 1997 300.;
1213 1942 1259 1987 in
1278 1942 1457 2005 antiquo
1476 1940 1622 1987 rituali
1639 1939 1790 1987 bituri-

328 2018 448 2065 censi
477 2029 519 2066 et
543 2018 588 2064 in
619 2018 717 2066 aliis
753 2036 864 2083 pene
898 2018 1102 2066 omnibus
1118 2056 1128 2074 ,
1155 2034 1270 2081 quae
1293 2035 1319 2064 a
1343 2016 1470 2064 nobis
1496 2025 1647 2079 postea
1669 2015 1790 2062 exhi-

330 2093 571 2140 bebuntur:
610 2093 773 2158 quibus
807 2093 1045 2157 adiungere
1079 2109 1312 2158 possemus
1345 2092 1677 2139 constitutiones
1716 2091 1789 2136 Ri—

330 2169 483 2216 chardi
501 2169 700 2233 episcopi
714 2170 870 2217 Sarum
892 2171 989 2231 (an.
1014 2170 1149 2216 1217.
1168 2168 1313 2215 editae
1325 2170 1540 2232 cap.56.)
1562 2169 1607 2214 in
1623 2166 1788 2231 quihus

330 2244 441 2291 haec
472 2234 596 2308 lego:
624 2245 730 2291 Item
756 2246 1047 2309 praecipimus
1080 2245 1192 2308 qaod
1223 2244 1457 2291 sacerdotes
1490 2243 1666 2290 doceant
1692 2259 1788 2305 per-

330 2335 456 2365 sonas
490 2320 777 2366 contrahentes
810 2321 918 2366 hanc
950 2321 1133 2384 sormam
1158 2320 1381 2366 verborum
1403 2320 1449 2365 in
1470 2318 1629 2382 qallico
1651 2317 1719 2363 vel
1742 2319 1787 2363 in

331 2395 522 2457 anqlico:
553 2395 655 2458 qu-
679 2395 736 2443 N.
768 2397 930 2459 accipio
955 2405 992 2441 te
1014 2395 1072 2442 N.
1095 2396 1141 2441 in
1163 2412 1313 2442 meam.
1341 2395 1550 2441 Similiter
1572 2403 1612 2440 et
1635 2394 1788 2439 mulier

424 2574 490 2614 (26)
511 2575 592 2608 [hid.
607 2576 667 2607 art.
684 2579 712 2607 1.
727 2584 760 2607 n.
779 2578 809 2607 ⁴.
824 2577 871 2607 En
886 2576 955 2607 eius
969 2575 1081 2607 verba:
1100 2574 1191 2606 «Etsi
1206 2573 1411 2605 matrimonia
1424 2581 1443 2604 a
1457 2572 1567 2604 liberis
1580 2571 1722 2613 personis
1742 2571 1784 2604 le·

326 2625 435 2664 giumo.
447 2626 528 2658 inita
541 2627 695 2668 receperit
708 2635 831 2669 semper
844 2626 1091 2668 probaveritque
1104 2625 1249 2665 ecclesia,
1259 2626 1436 2666 tamquam
1448 2632 1532 2656 vera
1543 2625 1576 2656 et
1587 2622 1788 2656 indubitata

328 2680 563 2711 sacramenta:
578 2680 677 2721 ipsius
691 2681 798 2712 tamen
810 2679 1004 2713 desiderium
1014 2679 1087 2720 ruit,
1097 2679 1135 2712 ut
1146 2678 1275 2711 nonnisi
1285 2678 1375 2719 virgo
1389 2677 1506 2718 virgini
1516 2677 1680 2709 nuberet.»
1689 2678 1786 2709 Num.

330 2730 438 2761 autem
457 2732 487 2761 7.
501 2730 609 2762 addit:
628 2733 762 2764 «Tertia
782 2732 925 2764 conditio
946 2731 1118 2764 viduarum
1143 2731 1346 2763 matrimonia
1367 2730 1622 2762 contrahentium
1636 2730 1703 2762 erat
1711 2730 1786 2770 pri·

330 2783 424 2814 vatio
436 2781 675 2816 benedictionis
692 2784 860 2826 nuptialis
870 2809 879 2825 ‚
897 2792 979 2826 quae
993 2785 1069 2825 ipsis
1082 2792 1101 2816 a
1114 2783 1278 2816 sacerdote
1290 2791 1354 2815 non
1369 2781 1641 2824 impertiebatur.»
