1918 3186
242 196 303 244 u
528 209 609 244 m.
638 208 672 242 ι.
696 207 810 242 ποτ.
839 204 869 238 ι.
899 203 952 237 ιιι
975 202 1148 238 mrum.
1175 200 1463 237 Sinnium-ro.

239 307 293 338 ex
311 287 574 338 sacerdotali
598 284 921 340 benedictione,
949 281 1127 331 dicens:
1154 302 1176 329 a
1191 282 1337 330 Habet
1351 284 1482 329 etiam
1496 282 1722 332 matrimo-

239 365 363 413 nium
401 382 489 413 non
527 377 685 427 parum
725 357 975 408 sanctitatis
1008 376 1061 407 ex
1094 359 1428 415 benedictione3
1455 377 1478 404 »
1512 358 1552 406 si
1584 359 1728 422 >igitur

238 442 369 488 etiam
380 437 636 504 supervenit
652 436 823 501 aliquid
841 434 1092 483 sanctitatis
1109 435 1314 498 coniugio
1327 452 1380 482 ex
1391 434 1719 492 benedictione,

239 515 521 563 manifestum
539 523 609 561 est
626 529 681 560 ex
706 512 804 560 eius
826 521 975 559 mente
997 511 1274 558 sanctitatem
1298 510 1600 558 inhaerentem
1623 527 1730 558 esse

239 591 327 656 ipsi
361 590 582 653 coniugio.
612 588 738 636 Unde
764 604 868 636 vero
901 587 1036 635 hahet
1063 586 1407 635 christianorum
1442 585 1717 634 connubium

239 665 458 715 eiusmodi
493 664 794 721 sanctitatem,
825 664 913 712 nisi
939 681 993 711 ex
1027 679 1085 710 eo
1113 663 1233 728 quod
1268 663 1327 711 sit
1359 673 1686 711 sacramentum
1703 701 1718 719 ,

241 742 417 790 etiamsi
452 740 651 805 legitima
679 741 829 806 aiiqua
861 740 918 787 de
951 754 1089 787 causa
1128 738 1355 803 contingat
1387 739 1721 787 matrimonium

240 817 338 865 sine
368 817 680 864 benedictione
707 813 955 863 celebrari?
1212 815 1214 818 ’

336 894 429 941 Nec
461 893 631 958 pariter
657 892 836 940 obstant
868 907 985 956 quae
1019 890 1202 955 scripsit
1227 890 1491 938 Guilielmus
1525 890 1584 938 de
1615 890 1719 947 his,

238 969 317 1034 qui
350 967 474 1016 nulla
507 967 706 1032 legitima
742 967 1044 1015 intercedente
1082 983 1220 1014 causa
1258 966 1616 1014 benedictionem
1649 982 1727 1013 sa·-

240 1044 509 1093 eerdotalem
533 1043 832 1107 neglexerint,
850 1058 927 1090 eos
951 1058 1098 1108 neque
1118 1042 1331 1106 coniuges
1356 1036 1614 1098 habendos,
1641 1041 1722 1089 sed

242 1120 392 1184 potius
416 1120 698 1185 fornicarios,
723 1133 968 1182 eorumque
982 1118 1149 1166 liberos
1172 1118 1383 1182 legitimos
1405 1133 1490 1163 non
1511 1133 1600 1164 esse
1625 1133 1726 1164 cen-

241 1194 421 1250 send055
453 1193 678 1259 siquidem
703 1193 829 1241 hisce
856 1192 1155 1241 locutionibus
1184 1209 1274 1240 non
1306 1193 1429 1240 aliud
1465 1192 1725 1256 significare

244 1269 456 1326 intendit,
479 1286 615 1334 quam
637 1286 727 1316 non
751 1286 853 1316 esse
875 1267 1096 1316 eiusmodi
1119 1265 1332 1332 coniuges
1350 1269 1396 1315 in
1413 1283 1565 1317 eorum
1582 1284 1722 1316 censu

242 1345 501 1402 habendos,
525 1345 603 1410 qui
625 1345 776 1392 debita
805 1345 993 1409 pietate,
1023 1361 1076 1392 ac
1105 1345 1482 1409 dispositionibus
1514 1361 1727 1392 necessa-

243 1421 324 1469 riis
347 1421 622 1469 connubium
643 1422 843 1478 inierint,
867 1432 912 1468 et
934 1421 991 1468 ad
1014 1419 1230 1469 ecclesiae
1253 1421 1500 1473 catholicae
1520 1437 1725 1468 normam

243 1507 380 1562 atque
398 1498 723 1562 praescriptum
738 1535 748 1555 ‚
777 1511 1019 1562 eorumque
1042 1496 1159 1544 filios
1180 1497 1317 1545 veiuti
1342 1511 1394 1544 ex
1418 1493 1607 1562 profano
1629 1507 1728 1545 toro

245 1573 418 1636 genitos
448 1588 568 1620 esse.
588 1573 798 1638 Alioquin
833 1573 872 1620 si
901 1572 949 1619 in
983 1573 1128 1636 rigore
1155 1588 1208 1620 ac
1236 1587 1394 1637 presse
1415 1591 1468 1621 ea
1490 1573 1626 1622 verba
1653 1589 1729 1620 ac-

243 1648 496 1713 ciperentur
527 1648 661 1696 nimis
695 1650 965 1697 evincerent.
999 1649 1264 1696 Evincerent
1303 1648 1424 1695 enim
1458 1666 1540 1696 nec
1577 1648 1728 1696 valere

243 1724 462 1773 eiusmodi
486 1725 708 1773 connubia
731 1725 797 1772 sic
820 1725 930 1772 inita
954 1725 1001 1771 in
1025 1725 1201 1772 ratione
1221 1725 1331 1772 meri
1356 1735 1612 1772 contractus
1631 1724 1729 1772 sive

243 1801 460 1848 naturalis
495 1800 591 1849 sive
623 1801 793 1858 civilis,
832 1817 964 1849 secus
997 1818 1050 1848 ac
1077 1801 1348 1849 contendant
1377 1799 1729 1865 adstipulatores

242 1876 491 1924 contrariae
512 1877 755 1925 sententiae
770 1915 781 1934 ‚
809 1877 886 1942 qui
909 1877 1192 1940 distinguunt
1218 1877 1264 1923 in
1291 1877 1575 1924 matrimonio
1593 1876 1727 1923 etiam

244 1952 490 2000 christiano
524 1953 739 2000 rationem
766 1954 1033 2000 sacramenti
1051 1971 1078 2000 a
1096 1953 1267 2000 ratione
1290 1963 1568 2009 contractus⁷
1599 1963 1733 2017 prout

244 2044 346 2075 cum
362 2038 439 2075 aut
451 2028 549 2076 sine
564 2027 876 2076 benedictione
883 2029 1150 2076 sacerdotali
1162 2027 1320 2076 initum
1334 2028 1483 2075 fuerit.
1498 2030 1729 2075 Praeterea

245 2120 299 2151 ex
313 2102 565 2162 Guilielmo‚
576 2115 626 2152 ut
641 2104 852 2162 vidimus,
869 2104 1140 2152 connubium
1157 2105 1291 2152 etiam
1312 2105 1408 2152 sine
1420 2104 1732 2152 benedictione

246 2179 509 2228 sacerdotali
541 2180 812 2228 celebratum
843 2191 914 2228 est
944 2195 1099 2229 verum
1133 2181 1463 2229 matrimonium
1482 2219 1493 2237 ‚
1522 2180 1659 2226 immo
1683 2189 1730 2226 et

246 2266 570 2303 sacramentum
586 2275 600 2312 3
619 2273 746 2320 ergo,
775 2257 870 2322 qui,
905 2257 1222 2322 praetermissa
1250 2257 1557 2305 benedictione
1581 2271 1730 2302 sacer-

246 2329 400 2387 dotali,
422 2330 532 2377 illud
552 2330 727 2388 ineunt,
758 2342 866 2379 sunt
888 2349 991 2380 vere
1012 2345 1055 2380 et
1078 2333 1259 2397 proprie
1283 2332 1520 2395 coniuges,
1552 2325 1730 2378 eorum-

245 2423 333 2470 que
350 2405 500 2470 proles
514 2405 712 2469 legitima
727 2417 811 2464 est,
831 2408 965 2455 etiam
983 2426 1036 2455 ex
1052 2406 1254 2455 eiusdem
1266 2404 1488 2455 Guilielmi
1506 2406 1723 2454 doctrina.

343 2482 558 2539 Demum‚
583 2492 633 2530 ut
663 2493 837 2530 constat
869 2501 922 2530 ex
956 2483 1103 2530 allatis
1130 2483 1348 2540 textibus,
1376 2482 1636 2530 Guilielmus
1663 2499 1731 2529 re·

247 2557 356 2621 petit
388 2559 664 2606 sanctitatem
696 2559 892 2623 coniugii
928 2557 1159 2606 christiani
1199 2575 1253 2606 ex
1287 2559 1388 2622 ipsa
1421 2568 1578 2605 natura
1610 2559 1730 2621 siqui

247 2633 365 2680 sacri
385 2643 424 2680 et
446 2635 660 2681 sacrantis
674 2671 687 2691 ,
706 2634 827 2700 quod
850 2634 969 2682 inest
982 2634 1188 2698 coniugio
1212 2630 1317 2698 ipsi,
1350 2648 1432 2681 seu
1459 2633 1725 2689 consensui,

248 2724 338 2772 quo
355 2706 495 2755 initur
517 2709 787 2757 connubium
805 2745 816 2767 ‚
850 2721 1068 2775 quatenus
1098 2709 1341 2774 praesefert
1369 2708 1726 2756 coniunctionem

250 2782 525 2847 spiritualem
559 2785 735 2833 animae
767 2803 867 2833 cum
897 2787 1013 2843 Deo,
1046 2803 1232 2851 eamque
1263 2784 1723 2840 vehementissimam,
