1912 3180
302 169 390 216 416
554 182 636 214 mn.
666 179 696 212 ι.
729 177 844 212 srcr.
875 178 1050 212 ALTERA.
1079 178 1132 212 m:
1156 178 1332 217 mrum.
1360 178 1501 213 clvm.

393 259 662 307 Gravissime
685 257 838 322 itaque
862 256 1024 305 erravit
1044 266 1194 305 orator
1217 256 1486 322 subalpinus
1504 258 1550 304 in
1567 274 1637 316 eo,
1652 261 1771 325 quod

298 334 534 385 affirmavit
571 332 808 382 concilium
856 332 1141 381 adhaerendo
1176 333 1363 381 consilio
1397 333 1626 399 Campegii
1666 352 1772 384 con-

297 420 483 460 tractum
513 427 543 457 a
576 419 854 457 sacramento
882 411 1139 457 seiunaeisse.
1173 411 1270 458 Non
1293 410 1356 457 ita
1379 427 1429 458 se
1452 412 1594 474 gessit
1623 413 1773 460 conci-

296 487 406 533 lium
421 524 431 544 ,
455 485 535 534 sed
559 495 815 534 constanter
843 486 1056 534 unitatem
1081 485 1244 534 realem
1272 503 1505 535 assumens
1534 488 1600 535 uti
1626 487 1772 536 basim

298 562 515 610 retinendi
533 572 786 610 contractus
799 573 842 611 et
854 563 1137 619 sacramenti,
1156 580 1369 628 personas
1383 581 1497 628 quae
1510 573 1774 613 attentarent

296 639 552 703 coniugium
580 639 665 687 sub
698 639 840 691 forma
863 657 890 688 a
914 657 963 688 se
986 639 1262 705 praescripta
1288 639 1465 688 diversa
1488 640 1681 689 reddidit
1703 642 1771 689 in—

296 715 471 763 habiles
501 716 559 764 ad
586 716 956 773 contrahendum,
994 715 1196 781 adeoque
1219 726 1262 763 et
1285 715 1509 764 inhabiles
1538 717 1595 764 ad
1628 734 1773 766 sacra-

297 802 495 840 mentum
513 793 841 841 conficiendum
864 794 1013 856 (101);
1037 793 1145 858 quia
1168 793 1251 840 etsi
1269 793 1316 839 in
1334 810 1381 840 re
1403 810 1541 840 unum
1567 792 1774 858 idemque

295 868 389 917 sint
412 878 662 918 contractus
686 869 959 917 matrimonii
985 879 1028 917 et
1052 880 1377 917 sacramentum
1392 907 1402 927 ‚
1437 879 1586 917 tamen
1607 870 1772 917 ratione

300 961 383 994 seu
416 947 669 1010 coqitatione
704 946 813 993 alter
849 945 906 992 ab
943 944 1080 993 altero
1113 945 1430 1009 distinguitur3
1469 945 1611 1009 logice
1653 946 1772 993 enim

298 1021 424 1087 prius
447 1031 516 1070 est
538 1032 789 1070 contractus
815 1039 951 1087 quam
975 1032 1316 1070 sacramentum.
1345 1022 1447 1068 Dixi
1470 1023 1658 1077 ratione,
1681 1038 1769 1070 non

297 1106 445 1144 autem
479 1107 707 1162 tamquam
740 1115 809 1144 res
833 1115 861 1144 a
882 1115 943 1153 re,
983 1098 1112 1162 quasi
1148 1098 1264 1145 duae
1292 1109 1445 1146 essent
1471 1097 1676 1146 entitates
1705 1114 1772 1145 se-

253 1224 258 1228 ,
296 1182 492 1238 paratae.
515 1173 566 1219 In
583 1173 803 1221 eiusmodi
831 1173 1083 1238 sphalmata
1106 1174 1332 1231 incidunt,
1354 1174 1432 1239 qui
1457 1173 1616 1221 falcem
1640 1191 1770 1222 suam

298 1248 345 1297 in
379 1248 573 1298 alienam
607 1267 802 1303 messem
838 1251 1075 1298 immittere
1103 1261 1409 1316 praesumunt.

395 1326 499 1374 Post
531 1326 643 1374 haec
677 1326 807 1374 facile
851 1327 936 1374 erit
977 1326 1127 1375 lectori
1170 1326 1386 1374 iudicium
1433 1326 1546 1374 ferre
1580 1325 1637 1374 de
1670 1343 1772 1390 gra-

296 1401 484 1450 vissima
520 1403 768 1451 adversarii
810 1403 1126 1452 conclusione:
1167 1403 1448 1468 Quapropter
1480 1402 1593 1466 legis
1627 1402 1771 1451 civilis

299 1477 544 1527 adversarii
573 1479 620 1526 in
648 1497 804 1527 canone
838 1480 1010 1543 (dicere
1031 1480 1170 1529 voluit
1188 1481 1234 1526 in
1252 1480 1442 1542 decreto)
1480 1478 1659 1527 concilii
1695 1479 1772 1527 tri-

293 1552 485 1612 dentini,
524 1555 634 1620 quin
668 1555 896 1605 inveniant
919 1556 1189 1621 praesidium
1213 1565 1289 1603 aut
1311 1555 1510 1612 tutelam,
1535 1555 1768 1604 inveniunt

294 1630 486 1678 ruinam.
529 1631 676 1687 Quum
710 1632 985 1697 praemissae
1018 1632 1154 1680 huius
1195 1631 1547 1679 ratiocinationis
1589 1641 1771 1678 assutae

294 1706 387 1755 sint
418 1707 599 1755 totidem
633 1708 857 1756 erroribus
893 1725 946 1756 ac
980 1708 1288 1765 falsitatibus,
1325 1707 1647 1772 consequentia
1681 1723 1769 1754 non

294 1781 450 1831 debuit
482 1783 539 1831 ab
575 1783 667 1832 illis
710 1784 982 1849 discrepare.
1023 1786 1193 1850 Nempe
1237 1783 1392 1831 debuit
1433 1800 1533 1831 esse
1575 1782 1690 1830 falsa
1727 1793 1771 1830 et

295 1859 516 1917 absurda,
543 1860 608 1907 uti
643 1878 796 1909 revera
820 1871 902 1909 est.
932 1862 1042 1908 Nam
1067 1878 1168 1909 cum
1193 1860 1431 1909 concilium
1455 1858 1619 1907 realem
1644 1858 1771 1906 iden-

297 1936 467 1985 titatem
500 1938 1015 2001 agnoverit‘contractus
1049 1948 1092 1986 et
1125 1937 1414 1995 sacramenti3
1437 1954 1537 1985 cum
1557 1952 1637 2001 per
1657 1934 1770 1999 logi-

296 2027 394 2059 cam
409 2011 740 2061 distinctionem
765 2014 956 2077 attigerit
979 2031 1192 2079 personas
1216 2013 1543 2070 contrahentes,
1567 2010 1768 2075 adeoque

297 2104 377 2153 per
419 2087 745 2136 inhabilitatem
791 2106 1081 2154 personarum
1130 2089 1185 2136 ad
1227 2088 1578 2136 contrahendum
1607 2125 1618 2144 ,
1663 2085 1770 2134 abo-

294 2163 451 2213 leverit
481 2181 562 2213 seu
597 2165 834 2213 irritaverit
868 2165 1034 2213 directe
1068 2165 1217 2230 ipsum
1247 2175 1545 2222 contractum,
1574 2173 1693 2230 patet
1715 2179 1769 2210 ex

295 2240 556 2299 tridentino,
585 2259 674 2290 non
710 2242 851 2306 legem
886 2242 1082 2299 civilem,
1112 2242 1192 2290 sed
1226 2241 1459 2290 ecclesiam
1494 2241 1565 2287 ius
1600 2239 1767 2286 habere

295 2317 343 2364 in
389 2327 664 2366 contractum
706 2318 1010 2375 matrimonii,
1047 2335 1101 2366 ac
1134 2317 1323 2383 proinde
1361 2334 1449 2365 non
1488 2313 1768 2363 adversarios

294 2393 409 2458 legis
433 2394 579 2443 civilis
595 2433 605 2453 ,
634 2395 714 2443 sed
738 2395 837 2443 eius
860 2394 1209 2461 patrocinatores
1240 2411 1344 2442 vere
1377 2393 1574 2441 invenire
1597 2391 1643 2438 in
1668 2407 1769 2438 con-

295 2469 400 2519 cilio
423 2470 663 2519 tridentino
687 2470 877 2528 ruinam,
900 2488 981 2519 seu
997 2480 1047 2517 ut
1062 2469 1259 2536 loquitur
1275 2479 1445 2526 orator,
1475 2466 1763 2532 sepulchrum.

394 2546 628 2612 Reliquum
662 2557 751 2604 est,
778 2557 828 2594 ut
859 2546 1089 2594 videamus
1123 2556 1272 2594 utrum
1306 2556 1482 2594 senator
1515 2554 1664 2592 noster
1697 2558 1766 2589 sa-

296 2618 447 2686 gacior
479 2625 669 2673 extiterit
702 2624 956 2682 canonista,
994 2641 1128 2688 quam
1163 2623 1394 2686 theologus
1428 2631 1472 2670 et
1503 2620 1761 2669 historicus.

394 2753 481 2794 (ιοι)
500 2754 551 2787 Cf.
568 2755 724 2788 PaIIavic.
739 2764 793 2797 op.
809 2755 865 2789 cit.
878 2755 935 2788 lib.
949 2755 1049 2788 XXII.
1065 2763 1136 2797 cap.
1151 2759 1182 2788 9.
1194 2762 1253 2788 nec
1267 2762 1335 2787 non
1345 2752 1556 2786 Benedxlv.
1577 2754 1626 2786 De
1640 2751 1767 2793 synodo

296 2804 403 2838 dioec.
420 2805 475 2838 lib.
495 2808 582 2840 VIII.
600 2816 671 2849 cap.
683 2810 723 2840 11.
