1912 3180
388 195 476 226 ων.
501 196 529 226 1.
555 195 607 226 nn
625 194 798 227 numu.
822 195 971 228 c1v1us
989 195 1169 228 mrum.
1192 197 1285 229 aar.
1309 198 1368 230 ιν.
1518 183 1607 229 239

136 273 192 319 de
217 273 336 337 prole
361 272 600 319 imbuenda
630 272 858 335 religionis
891 272 1163 322 christianae
1187 274 1421 340 principiis
1452 292 1505 322 ac
1531 274 1611 322 bo-

138 349 208 395 nis
244 349 440 395 moribus
470 365 574 394 cura
609 348 692 393 erit
725 365 777 394 ac
811 346 1080 396 sollicitudo.
1112 351 1349 415 Receptum
1385 362 1611 415 praeterea

136 435 203 471 est
236 425 438 479 effatum,
477 423 533 470 ad
570 423 683 470 alios
719 422 970 470 edocendos
1007 424 1185 488 longam
1218 427 1337 474 viam
1372 444 1450 492 per
1485 445 1610 493 prae·

137 511 261 565 cepta
277 538 286 556 ,
320 500 496 546 brevem
522 517 621 546 esse
644 517 723 564 per
745 499 1011 563 exemplum.
1035 501 1114 548 Ast
1137 503 1357 550 eiusmodi
1383 503 1606 559 homines,

136 577 191 623 de
220 575 384 640 quibus
402 576 592 639 agimus,
622 593 708 623 non
733 586 848 623 certe
871 575 1047 639 longam
1075 594 1154 641 per
1177 590 1411 644 praecepta
1429 618 1438 636 ‚
1473 579 1611 626 multo

135 668 238 698 vero
266 652 416 699 minus
440 652 617 699 brevem
652 670 730 717 per
763 652 1013 717 exemplum
1036 652 1153 700 viam
1179 664 1325 701 terunt
1357 656 1414 702 ad
1447 656 1611 704 liberos

135 745 241 775 suos
271 738 387 775 recte
418 728 739 776 informandos.
770 728 1028 777 Istiusmodi
1063 729 1205 777 fictitii
1247 732 1458 794 coniuges
1482 733 1611 797 peius

136 821 271 868 quam
303 821 329 851 a
362 821 473 851 cane
512 814 555 851 et
589 822 735 868 angue
768 822 795 852 a
829 805 1134 853 sacerdotibus
1168 805 1441 864 abhorrent,
1480 820 1524 855 et
1555 808 1612 855 ab

135 897 287 927 eorum
315 892 582 946 conspectu,
612 882 689 946 qui
717 881 813 929 sola
837 882 1088 946 praesentia
1110 899 1187 930 cos
1211 882 1516 930 indesinenter
1538 901 1613 931 ac-

135 967 291 1004 cusant
325 968 368 1004 et
406 957 622 1005 damnant
654 957 711 1004 ob
747 957 1000 1021 illegitimos
1030 975 1196 1015 nexus,
1231 959 1397 1024 quibus
1426 959 1611 1023 obligati

134 1043 254 1080 sunt.
287 1034 467 1099 Templa
492 1052 580 1082 non
604 1034 913 1100 frequentant,
946 1051 1002 1082 ne
1025 1034 1356 1083 molestioribus
1383 1036 1612 1084 conscien—

135 1109 223 1156 tiae
248 1110 441 1157 stimulis
476 1121 710 1174 angantur.
734 1111 858 1166 Quae
881 1128 982 1158 cum
1006 1110 1068 1158 ita
1091 1127 1140 1158 se
1164 1110 1359 1159 habeant
1375 1149 1386 1169 ,
1420 1110 1611 1176 quilibet

134 1202 186 1232 ex
221 1203 270 1233 se
305 1185 426 1233 novit
458 1186 679 1233 eiusmodi
709 1196 915 1251 parentes
950 1186 1071 1233 haud
1106 1203 1240 1251 posse
1273 1187 1355 1235 rite
1385 1205 1513 1235 suam
1538 1204 1611 1235 so·-

133 1260 278 1309 bolem
303 1262 549 1309 instituere.
576 1263 662 1309 Sed
687 1280 832 1328 neque
853 1279 934 1327 per
962 1261 1074 1311 alios
1100 1262 1206 1310 huic
1229 1263 1495 1327 gravissimo
1518 1280 1612 1310 mu·

138 1338 231 1384 neri
275 1338 533 1386 satisfacere
576 1349 941 1395 consueverunt;
990 1356 1092 1386 nam
1128 1349 1178 1386 ut
1211 1339 1454 1404 plurimum
1488 1340 1610 1387 eius-

136 1414 254 1461 modi
286 1413 508 1477 genitores
536 1415 592 1462 ad
622 1414 926 1462 informandos
959 1414 1124 1462 liberos
1155 1432 1263 1462 suos
1290 1415 1337 1461 in
1363 1415 1523 1463 litteris
1560 1433 1611 1462 ac

134 1489 263 1537 bonis
287 1491 457 1538 artibus
482 1492 721 1554 magistros
745 1492 975 1539 liberiores
1004 1509 1057 1539 ac
1081 1491 1354 1555 irreligiosos
1379 1491 1612 1538 adsiscunt

134 1566 220 1614 sibi
245 1567 436 1624 similes;
459 1568 662 1616 doctores
687 1568 827 1616 laicos
853 1579 1126 1633 anteponunt
1142 1569 1336 1626 clericis,
1354 1585 1469 1634 quos
1488 1585 1611 1615 aver-

132 1653 287 1691 santur
319 1661 371 1691 ac
400 1644 503 1692 odio
538 1656 882 1710 prosequuntur.

230 1720 346 1776 Quid
374 1739 503 1785 porro
529 1738 582 1768 ex
612 1722 833 1769 eiusmodi
864 1722 1142 1770 institutione
1175 1722 1500 1770 obveniendum
1525 1722 1606 1777 sit,

134 1796 316 1844 difficile
350 1815 438 1845 non
473 1810 541 1846 est
575 1798 820 1855 coniicere,
857 1799 990 1847 immo
1024 1810 1067 1846 et
1101 1799 1346 1865 pervidere.
1378 1798 1607 1863 Siquidem

134 1873 270 1920 semel
294 1890 346 1920 ac
370 1874 577 1922 iuvenum
603 1875 741 1922 animi
767 1875 923 1922 imbuti
950 1876 1113 1923 fuerint
1146 1875 1411 1940 perniciosis
1446 1874 1610 1922 doctri—

133 1948 229 2006 nis;
258 1967 358 1997 cum
383 1950 428 1996 in
452 1951 759 1999 incredulitate
782 1951 1074 2008 adoleverint3
1102 1969 1207 1999 cum
1232 1951 1490 2015 religionem
1509 1967 1611 1998 con-

134 2036 378 2075 temnentes
403 2044 454 2074 ac
478 2039 731 2076 aversantes
765 2029 983 2076 creverint
1016 2029 1061 2074 in
1098 2028 1174 2075 illa
1210 2028 1366 2075 aetatis
1402 2027 1604 2092 periodo,

133 2101 178 2148 in
213 2119 302 2167 qua
334 2102 443 2150 vitia
476 2103 664 2167 gliscere
698 2104 942 2168 incipiunt;
974 2104 1020 2150 in
1055 2121 1144 2169 qua
1174 2103 1442 2168 cupiditates
1472 2103 1609 2151 vehe-

133 2179 325 2226 mentius
359 2179 619 2226 evolvuntur
642 2197 694 2227 ac
717 2179 891 2237 furunt;
923 2180 969 2226 in
994 2197 1084 2245 qua
1117 2179 1341 2227 temeritas
1366 2196 1419 2226 ac
1443 2178 1606 2226 mentis

132 2253 290 2301 levitas
323 2255 606 2319 potissimum
635 2256 859 2312 obtinent3
890 2256 936 2302 in
960 2273 1049 2321 qua
1072 2255 1372 2321 experientiae
1405 2254 1606 2302 defectus

132 2347 207 2378 eos
243 2331 428 2396 impellit
458 2332 512 2378 ad
549 2331 768 2396 quidlibet
804 2333 1079 2388 audendum;
1110 2333 1154 2378 in
1178 2349 1269 2396 qua
1292 2331 1503 2379 sensibus
1530 2348 1608 2396 po—

132 2406 220 2454 tius
254 2425 389 2472 quam
426 2419 569 2455 rectae
604 2408 788 2455 rationis
824 2409 959 2455 ductu
994 2418 1231 2472 reguntur,
1269 2407 1603 2462 adolescentes,

134 2482 342 2547 inquam,
383 2484 445 2530 ita
480 2484 667 2531 instituti
702 2484 893 2532 evadent
935 2484 1155 2549 protervi,
1195 2483 1412 2540 audaces,
1451 2483 1608 2531 immo-

135 2558 263 2620 rigeri
280 2598 290 2616 ,
329 2560 635 2625 impudentes,
670 2571 804 2626 atque
823 2561 867 2607 in
887 2578 1020 2608 omne
1042 2561 1198 2607 vitium
1224 2559 1355 2607 efl'usi
1373 2597 1383 2615 ,
1411 2559 1607 2623 pessima

134 2634 301 2683 scilicet
333 2637 508 2685 soboles
542 2656 568 2684 a
602 2637 732 2685 malis
768 2637 1026 2702 parentibus
1060 2637 1225 2700 genita.

230 2711 352 2766 Quae
374 2730 477 2760 vero
503 2714 576 2760 hic
599 2714 873 2761 affirmamus
901 2731 988 2762 non
1013 2732 1056 2760 in
1082 2714 1237 2761 ordine
1266 2722 1431 2761 tantum
1472 2713 1604 2761 ideali

134 2786 406 2844 consistunt,
447 2790 575 2854 quasi
622 2801 825 2853 ageretur
859 2790 916 2838 de
950 2790 1122 2838 theoria
1164 2808 1190 2839 a
1231 2790 1401 2855 priori,
1441 2791 1518 2838 sed
1561 2791 1603 2836 in
