1918 3186
400 205 492 237 cir.
514 205 543 237 1.
567 204 618 236 na
643 203 816 236 numu.
846 202 997 235 emus
1020 202 1198 236 mrum.
1228 202 1322 234 Aur.
1344 202 1390 234 11.
1544 186 1633 232 219

158 300 277 348 quae
310 300 360 331 se
393 282 538 330 locum
573 281 772 330 obtinere
804 279 1034 328 contendit
1067 279 1342 329 auctoritatis
1366 278 1567 336 divinae,
1594 278 1639 326 id

158 360 336 407 efficere
353 397 363 415 ,
402 358 521 423 quod
555 375 608 405 ex
643 357 873 405 hominum
919 356 1169 420 pervicacia
1202 373 1334 420 aegre
1370 355 1540 404 obtinet
1570 355 1641 404 vel

160 437 263 501 ipsa
297 435 536 483 auctoritas
560 433 728 481 divina.
758 431 981 480 Omnibus
1015 432 1150 495 igitur
1183 433 1436 498 perpensis,
1474 433 1645 498 perspi-

158 529 293 560 cuum
320 522 389 559 est
410 510 591 558 unicum
626 508 819 557 solidum
854 507 1209 567 fundamentum,
1236 510 1306 558 cui
1333 509 1462 557 inniti
1498 509 1646 558 valeat

162 586 434 653 perpetuitas
476 585 885 633 indissolubilitatis
932 585 1152 648 coniugii,
1190 603 1292 634 esse
1334 586 1593 650 religionem
1629 624 1639 642 ‚

162 679 323 727 nempe
346 661 581 710 ecclesiam
604 660 868 709 catholicam
884 698 895 717 ,
929 677 1044 725 quae
1065 660 1103 708 si
1122 660 1263 717 desit,
1292 661 1404 708 nihil
1429 672 1500 708 est
1522 661 1643 727 quod

164 739 425 788 tantundem
458 738 608 787 valere
642 738 800 804 possit.

260 817 324 863 Ne
346 832 450 864 vero
483 815 717 863 videamur
750 814 935 863 theoriis
971 825 1139 862 tantum
1175 825 1308 879 atque
1335 814 1646 880 speculationi-

165 892 250 940 bus
286 892 443 949 inniti,
483 891 674 957 publicis
710 891 993 957 potissimum
1025 908 1078 938 ac
1111 891 1297 939 notoriis
1332 890 1459 938 factis
1483 929 1493 948 ,
1531 908 1647 956 quae

166 968 384 1024 diximus,
423 968 763 1024 confirmamus3
799 985 851 1015 ac
879 985 935 1015 ne
964 967 1139 1016 illorum
1171 967 1456 1016 multitudine
1490 967 1647 1015 obrua-

166 1062 266 1092 mur
282 1082 292 1102 ,
331 1045 544 1093 nonnulla
567 1062 620 1093 ex
644 1044 961 1093 recentioribus
996 1044 1257 1110 praesertim
1290 1043 1648 1092 commemorabi-

167 1138 284 1177 mus,
323 1138 439 1185 quae
471 1138 524 1167 ex
557 1120 676 1168 civili
708 1120 915 1184 coniugio
953 1120 1207 1168 immediate
1241 1120 1488 1167 dimanant.
1528 1119 1649 1167 Haec

165 1207 316 1244 autem
351 1207 552 1261 petemus
586 1214 639 1244 ex
674 1197 933 1254 Germania,
967 1215 1020 1244 ex
1047 1196 1253 1246 America
1286 1195 1645 1262 septentrionali,

166 1274 362 1339 aliisque
396 1273 670 1338 regionibus,
700 1274 745 1320 in
778 1273 943 1339 quibus
983 1273 1208 1338 praevalet
1240 1273 1644 1339 protestantismus.

265 1349 406 1397 Simul
438 1350 558 1397 enim
582 1367 635 1397 ac
663 1359 975 1414 protestantes,
1004 1366 1192 1398 excussa
1215 1349 1429 1398 ecclesiae
1461 1348 1651 1397 auctori-

168 1436 284 1482 tate,
323 1425 380 1473 ab
414 1443 468 1474 ea
499 1426 813 1474 subtraxerunt
843 1426 1130 1490 coniugium,
1167 1426 1369 1491 illudque
1391 1425 1449 1473 ad
1474 1424 1650 1473 civilem

166 1502 474 1550 auctoritatem
507 1502 849 1560 transtulerunt,
881 1502 1001 1550 illico
1034 1502 1203 1550 aditum
1232 1502 1289 1549 ad
1323 1501 1512 1550 divortia
1545 1518 1652 1565 ape-

169 1589 368 1626 ruerunt.
407 1579 474 1626 Ab
515 1579 642 1627 initio
683 1579 866 1644 quidem
899 1579 1012 1628 duas
1054 1590 1223 1627 tantum
1266 1579 1445 1627 divortii
1489 1595 1651 1626 causas

167 1654 485 1718 assignarunt,
515 1655 684 1703 scilicet
711 1655 980 1703 adulterium
1003 1666 1047 1704 et
1070 1656 1322 1703 affectatam
1345 1654 1549 1719 coniugis
1572 1654 1652 1701 ab-

170 1731 388 1789 sentiam3
419 1732 582 1780 deinde
603 1749 707 1781 vero
731 1732 820 1780 huc
841 1732 955 1780 alias
981 1732 1130 1798 plures
1163 1749 1325 1780 causas
1360 1741 1646 1786 revocarunt;

170 1807 382 1855 nimirum
416 1808 691 1873 interpretati
726 1820 831 1857 sunt
863 1809 1121 1858 huiusmodi
1155 1826 1318 1857 causas
1340 1808 1397 1856 ad
1422 1824 1523 1855 eum
1557 1824 1653 1855 mo-

174 1882 298 1940 dum,
326 1901 415 1949 quo
446 1885 794 1949 interpretantur
820 1885 986 1943 Biblia,
1023 1897 1072 1933 ut
1104 1903 1157 1934 ea
1192 1886 1248 1933 ad
1283 1885 1328 1932 id
1362 1884 1648 1950 pertrahant,

168 1959 293 2023 quod
328 1960 385 2008 iis
420 1962 565 2025 magis
600 1961 780 2010 arridet.
810 1962 926 2010 Hinc
949 1962 1006 2009 ad
1031 1980 1214 2010 causam
1248 1962 1455 2010 adulterii
1492 1960 1654 2007 retule-

174 2046 277 2082 runt
300 2048 480 2101 peccata
502 2038 651 2086 omnia
678 2038 875 2086 carnalia
898 2049 1050 2086 contra
1079 2049 1303 2094 naturam;
1326 2038 1382 2085 ad
1401 2037 1651 2085 affectatam

174 2121 323 2159 autem
340 2111 587 2160 absentiam
610 2125 874 2162 revocarunt
895 2132 982 2162 non
1005 2115 1136 2163 modo
1161 2114 1349 2162 insidias
1372 2124 1525 2162 contra
1548 2129 1654 2160 con-

172 2188 292 2251 iugis
322 2188 478 2245 vitam,
514 2207 665 2237 verum
690 2190 824 2237 etiam
852 2190 1104 2238 molitiones
1138 2208 1293 2238 omnes
1328 2190 1543 2238 adversus
1578 2188 1655 2236 ho-

174 2282 325 2312 norem
350 2277 392 2313 et
422 2266 675 2323 facultates,
716 2267 949 2314 saevitiam
984 2267 1087 2314 item
1120 2267 1367 2331 duramque
1402 2265 1562 2330 agendi
1588 2282 1654 2313 ra-

170 2340 337 2389 tionem
362 2381 372 2399 ‚
410 2343 684 2391 aversionem
716 2343 853 2390 animi
887 2344 1368 2407 (incompatibilitatem
1392 2345 1582 2404 vocant)
1611 2351 1656 2389 et

171 2418 394 2482 querelas.
435 2420 490 2466 Et
523 2419 634 2467 haec
666 2420 847 2485 quidem
884 2420 1099 2486 quamdiu
1133 2409 1285 2468 titulos
1315 2429 1548 2466 servarunt
1581 2436 1654 2465 ca·

173 2496 344 2542 nonicos
378 2506 422 2543 et
455 2497 722 2559 evanqelicos
746 2496 803 2543 ab
827 2496 940 2561 ipsis
976 2507 1279 2561 nuncupatos,
1308 2507 1352 2544 et
1373 2495 1432 2543 ab
1455 2495 1655 2561 antiquis

172 2571 533 2620 reformatoribus
569 2574 847 2621 constitutos.
873 2575 1112 2638 Postquam
1135 2590 1239 2621 vero
1263 2572 1653 2638 protestantismus

176 2663 304 2694 suam
337 2665 512 2696 omnem
547 2649 860 2715 perfectionem
881 2667 960 2698 seu
979 2649 1273 2697 evolutionem
1307 2647 1549 2714 acquisivit
1570 2666 1655 2714 ope

176 2721 496 2781 rationalismi‚
547 2725 716 2772 nullum
757 2725 950 2790 amplius
990 2735 1223 2773 servarunt
1257 2724 1435 2773 modum
1478 2726 1575 2788 (20)
1613 2734 1655 2771 et

272 2835 339 2874 (20)
359 2838 603 2870 Protestantism
642 2838 784 2869 evolutio
811 2837 876 2869 dici
899 2838 994 2870 debet
1018 2839 1189 2879 praecipua
1217 2839 1300 2870 ratio
1324 2839 1373 2871 tot
1399 2838 1650 2871 dissolutionum
