1918 3186
314 183 402 231 176
572 200 650 231 Lm.
683 199 711 230 1.
741 197 853 229 sncr.
883 197 912 228 1.
944 197 995 229 nr
1020 198 1191 231 uirium.
1222 199 1505 245 sAanuENTow.

293 277 374 330 De
407 277 490 324 hoc
524 276 643 323 nulla
676 274 876 338 quaestio
909 284 976 323 est
988 284 1003 320 “;
1037 285 1086 323 -at
1118 276 1384 340 disceptatio
1419 288 1568 326 nostra
1608 290 1696 327 tota
1728 282 1774 328 in

310 361 511 401 concreto
543 360 757 397 versatur.
798 350 891 397 Hoc
925 367 1061 398 sensu
1100 351 1408 400 contendimus
1448 364 1679 418 utramque
1713 373 1777 403 ra-

310 428 471 474 tionem
506 444 607 473 esse
640 443 823 490 prorsus
858 426 1198 491 inseparabilem
1228 427 1274 473 in
1300 429 1519 491 coniugiis
1550 429 1773 487 fidelium,

311 503 370 548 ita
403 512 452 548 ut
483 502 620 548 altera
653 500 710 548 ab
744 501 882 549 altera
914 512 1139 566 tamquam
1162 520 1229 549 res
1252 520 1279 550 a
1301 521 1346 550 re
1370 515 1560 569 nequeat
1582 506 1772 569 seiungi.

403 578 684 625 Adstruimus
720 594 848 641 porro
872 577 987 624 hanc
1010 577 1254 626 doctrinam
1288 580 1382 627 sive
1413 581 1628 628 adversus
1661 591 1780 629 vete-

309 671 404 710 res,
442 655 538 701 sive
570 653 783 701 adversus
818 653 1079 701 recentiores
1113 654 1350 719 scriptores
1373 694 1383 712 ,
1421 657 1498 720 qui
1534 674 1687 704 sanam
1722 657 1779 704 de

307 730 585 777 matrimonio
630 729 874 776 christiano
909 728 1055 775 ideam
1090 729 1244 794 iniquo
1277 741 1321 778 et
1354 732 1477 779 irrito
1510 750 1623 780 ausu
1656 732 1778 780 labe-

306 805 470 854 factare
503 822 555 852 ac
589 803 876 870 pessumdare
910 803 1108 866 aggressi
1139 815 1257 852 sunt.

402 881 468 927 Ex
500 880 814 928 vetustioribus
849 889 1020 943 praeter
1053 880 1299 929 haereticos
1323 899 1412 929 sec.
1440 883 1571 939 XVI„
1600 883 1658 929 de
1678 885 1778 948 qui-

306 956 389 1003 bus
423 973 475 1003 ex
512 956 711 1021 professo
735 955 780 1001 in
804 954 940 1002 altero
973 954 1086 1002 libro
1121 955 1420 1014 disseremus,
1454 959 1672 1006 recenseri
1704 958 1778 1006 hic

306 1032 498 1096 primum
521 1032 651 1079 debet
673 1031 843 1078 Marcus
860 1031 1075 1079 Antonius
1093 1032 1158 1079 De
1180 1033 1382 1081 Dominis
1406 1034 1646 1098 episcopus
1673 1051 1777 1099 spa—

306 1108 515 1165 latensis,
554 1118 708 1172 postea
743 1107 991 1155 haereticus
1025 1118 1251 1172 apostata,
1290 1110 1367 1173 qui
1393 1110 1439 1156 in
1463 1127 1598 1174 opere
1619 1111 1682 1157 De
1711 1128 1778 1156 re-

300 1184 481 1246 publica
514 1183 814 1237 ecclesiastica,
843 1192 890 1229 ut
913 1182 999 1229 sibi
1025 1183 1142 1230 viam
1172 1194 1386 1232 sterneret
1411 1185 1467 1232 ad
1491 1185 1777 1233 asserendam

306 1258 710 1323 vindicandamque
754 1259 892 1307 seculi
932 1259 1207 1324 principibus
1253 1270 1512 1325 potestatem
1546 1262 1593 1307 in
1626 1263 1778 1309 matri-

309 1335 480 1391 monia,
520 1335 779 1398 praesertim
815 1335 932 1382 circa
972 1335 1042 1382 ius
1076 1336 1406 1383 statuendorum
1440 1337 1777 1402 impedimento-

307 1428 403 1457 rum
438 1411 738 1458 dirimentium
756 1449 766 1467 ,
816 1411 1036 1475 principio
1079 1411 1259 1468 statuit,
1308 1413 1638 1460 matrimonium
1677 1430 1779 1460 esse

305 1498 575 1535 contractum
609 1505 728 1535 mere
758 1488 1024 1543 humanum,
1063 1505 1115 1534 ac
1148 1499 1383 1552 propterea
1417 1490 1473 1536 ad
1508 1489 1778 1537 iurisdictio-

306 1581 406 1612 nem
437 1564 664 1611 dumtaxat
697 1563 871 1611 civilem
907 1563 1152 1628 pertinere,
1185 1574 1318 1629 atque
1340 1565 1398 1612 ab
1421 1565 1610 1612 ecclesia
1633 1565 1777 1612 nulla-

303 1651 431 1689 tenus
462 1641 679 1706 pendere3
720 1641 855 1706 idque
888 1641 1021 1687 etiam
1048 1641 1094 1686 in
1118 1641 1355 1706 hypothesi
1379 1641 1499 1706 quod
1523 1642 1775 1705 coniugium

304 1718 364 1765 sit
396 1728 772 1765 sacramentum«
790 1717 922 1774 Cum,
954 1727 1003 1763 ut
1035 1717 1122 1773 ait,
1152 1717 1502 1781 supernaturalis
1534 1718 1644 1765 haec
1678 1735 1777 1764 con-

303 1793 414 1841 ditio
437 1804 480 1840 et
503 1794 614 1841 ratio
637 1793 901 1841 sacramenti
925 1792 1208 1856 superveniat
1231 1793 1510 1840 matrimonio
1534 1793 1621 1839 iam
1647 1793 1775 1857 plene

304 1879 347 1918 et
379 1869 570 1934 perfecte
602 1870 648 1915 in
683 1887 781 1916 esse
816 1868 961 1916 civilis
996 1878 1244 1916 contractus
1277 1864 1512 1916 constituto
1536 1870 1654 1930 (1).»

399 1945 554 1992 Eidem
572 1945 845 1992 distinctioni
864 1944 921 1992 ob
937 1944 1139 1992 eamdem
1164 1944 1377 1991 rationem
1403 1944 1563 1991 institit
1586 1945 1774 1991 Ioannes

310 2021 531 2085 Launojus
555 2021 708 2068 doctor
724 2015 1003 2086 parisiensis.
1026 2021 1254 2085 Siquidem
1271 2031 1313 2068 et
1330 2021 1427 2085 ipse
1446 2020 1621 2068 scribit:
1647 2040 1669 2065 «
1683 2021 1777 2085 Spi-

310 2097 509 2145 ritualem
540 2108 798 2162 potestatem
833 2097 889 2144 ab
923 2097 1139 2145 saeculari
1175 2097 1365 2162 pendere
1395 2097 1543 2161 quoad
1577 2106 1774 2144 naturam

305 2174 450 2222 civilis
483 2184 732 2223 contractus
759 2175 1027 2222 matrimonii
1052 2213 1061 2231 ,
1100 2174 1171 2221 cui
1208 2174 1295 2220 iam
1330 2173 1525 2237 legitime
1558 2174 1671 2221 facto
1705 2174 1774 2219 di-

304 2250 482 2298 vinitus⁴
505 2251 684 2298 accedat
716 2250 827 2297 ratio
857 2250 1147 2306 sacramenti;
1187 2249 1429 2297 secularem
1464 2258 1723 2312 potestatem
1747 2266 1774 2296 a

305 2326 525 2390 spirituali
565 2326 758 2390 pendere
791 2327 938 2390 quoad
973 2326 1271 2373 ministerium
1316 2324 1576 2372 sacramenti
1624 2325 1774 2372 matri-

306 2403 468 2459 monii,
501 2420 591 2467 qua
625 2413 948 2449 sacramentum
972 2412 1061 2457 est;
1091 2402 1207 2449 hanc
1230 2411 1425 2449 mutuam
1449 2399 1593 2448 civilis
1616 2410 1660 2447 et
1682 2401 1775 2465 spi-

295 2476 476 2526 ritualis
511 2478 740 2542 potestatis
774 2478 1181 2525 subordinationem
1206 2477 1410 2524 traditam
1435 2477 1573 2523 fuisse
1595 2493 1622 2522 a
1647 2475 1774 2525 Gela-

306 2553 375 2600 sio
402 2564 445 2600 et
478 2554 657 2602 Nicolao
691 2552 1010 2619 pontificibus;
1049 2552 1412 2617 impedimentum
1446 2552 1773 2604 matrimonium

291 2629 521 2678 -dirimens
549 2648 603 2678 ex
624 2648 675 2679 se
689 2668 699 2688 ,
724 2647 898 2695 ,suoque
919 2646 1078 2694 genere
1101 2647 1201 2677 esse
1223 2628 1377 2683 civile,
1401 2644 1488 2674 non
1514 2627 1766 2692 spirituale.;

305 2704 530 2754 seculares
559 2707 786 2774 principes
820 2705 1136 2772 impedimenta
1169 2704 1497 2753 matrimonium
1521 2703 1773 2756 dirimentia

403 2806 449 2845 (1)
469 2806 540 2839 Lib.
564 2809 620 2840 ΙΙΙ.
645 2809 677 2841 ct
698 2810 737 2840 V.
755 2816 826 2849 cap.
842 2808 884 2840 11.
