1918 3186
409 216 499 248 cn.
528 215 575 247 11.
603 214 657 246 ns
688 213 899 246 ums'rno.
928 215 1022 247 Aur.
1052 217 1082 247 ι,
1111 214 1283 255 Quusr.
1314 214 1453 248 oneo.
1614 203 1671 248 ὃὸ

194 310 400 360 quaeque
432 293 616 359 praebet
646 292 936 340 fortissimum
969 292 1239 342 adiutorium
1273 292 1545 342 nubentibus
1558 333 1568 351 ,
1606 307 1675 343 ut-

195 381 300 436 pote
330 372 657 435 impressivum,
695 379 746 416 ut
777 369 877 433 ipse
909 369 1105 434 loquitur
1126 410 1137 428 ,
1175 371 1438 419 sanctitatis.
1468 372 1603 419 Porro
1629 373 1673 419 id

194 464 326 495 omne
356 457 426 494 est
458 463 643 511 prorsus
677 445 986 510 independens
1013 463 1040 493 a
1066 448 1402 512 superveniente
1431 448 1674 496 sacerdotis

195 523 502 572 benedictione
537 532 582 569 et
611 522 809 570 oratione
826 560 836 579 ,
880 539 981 569 cum
1015 522 1220 570 intimum
1253 525 1312 571 sit
1350 525 1437 589 ipsi
1457 523 1461 528 ’
1479 525 1672 589 coniugii

194 600 493 648 celebrationi.
528 599 645 662 Ergo
679 615 860 664 quaqua
888 616 1049 647 versus
1083 611 1305 664 spectetur
1337 601 1538 649 doctrina
1572 602 1677 649 Gui-

193 675 329 724 lielmi
345 712 356 733 ‚
390 674 511 741 patet
542 674 736 723 alienum
754 693 938 741 prorsus
971 692 1074 723 esse
1100 676 1157 723 ab
1182 677 1281 724 eius
1306 688 1453 726 mente
1475 679 1678 726 asserere

195 763 523 800 sacramentum
556 752 828 800 matrimonii
862 769 890 800 a
924 752 1189 800 sacerdotali
1223 752 1533 802 benedictione
1568 772 1701 819 pen-u

193 829 320 886 dere,
349 829 462 877 adeo
483 838 538 877 ut
560 840 707 877 cesset
731 828 997 876 sacramenti
1025 829 1136 876 ratio
1154 867 1164 886 ,
1193 829 1371 895 quoties
1400 830 1518 878 desit
1542 830 1677 879 bene-

194 905 353 963 dictio,
376 923 431 954 ac
446 906 673 954 dilabatur
699 906 745 952 in
779 906 996 953 rationem
1023 906 1125 970 puri
1153 905 1407 954 contractus
1441 907 1674 964 naturalis,

194 993 272 1029 aut
294 979 455 1030 cisilis.
485 982 622 1038 Hinc,
658 981 779 1047 quod
812 998 1094 1046 consequens
1121 992 1215 1038 est,
1248 981 1460 1029 sacerdos
1478 983 1591 1030 >non
1610 994 1680 1030 est

192 1058 460 1106 sacramenti
495 1058 765 1105 matrimonii
801 1057 1024 1114 minister,
1054 1068 1104 1105 ut
1129 1058 1358 1106 contendit
1389 1058 1677 1124 Canussqui

194 1135 310 1183 hanc
343 1135 610 1183 sententiam
636 1134 869 1183 Guilielmo
904 1135 1144 1199 parisiensi
1179 1136 1367 1199 affingit.

289 1211 530 1259 Consuevit
567 1221 795 1276 praeterea
828 1228 855 1258 a
888 1210 1116 1259 nonnullis
1155 1228 1209 1258 ex
1252 1211 1407 1259 eodem
1444 1211 1679 1260 Guilielmo

194 1287 432 1353 parisiensi
465 1288 679 1353 episcopo
712 1298 858 1334 textus
891 1287 1055 1335 adduci
1082 1305 1135 1334 ex
1162 1288 1259 1335 eius
1283 1305 1356 1352 op.
1378 1289 1443 1335 De
1469 1288 1677 1352 baptismo

191 1366 505 1430 depromptos,
545 1364 620 1411 ubi
656 1364 884 1411 disserens
915 1363 974 1411 de
1006 1363 1218 1428 baptismi
1246 1364 1290 1412 vi
1323 1375 1366 1412 et
1397 1365 1599 1412 efficacia
1621 1365 1678 1412 ad

194 1441 535 1506 impertiendam
586 1440 863 1488 sanctitatem
891 1478 902 1498 ,
952 1440 1050 1488 ea'm
1100 1441 1259 1505 repetit
1306 1458 1360 1488 ex
1403 1441 1681 1489 invocatione

194 1536 258 1567 ss.
282 1517 538 1574 Trinitatis;
577 1517 741 1564 deinde
776 1516 881 1565 vero
913 1535 967 1564 ex
999 1517 1153 1565 eadem
1187 1517 1465 1566 invocatione
1485 1555 1496 1575 ,
1535 1518 1681 1566 etbe-

193 1594 461 1642 nedictionis
482 1592 643 1643 virtute
665 1594 911 1642 efficaciam
943 1595 1115 1659 pariter
1147 1593 1399 1643 ceterorum*
1426 1611 1680 1642 sacramen—

192 1683 336 1719 torum
379 1672 551 1720 derivat
577 1690 588 1729 ;
625 1688 727 1719 cum
769 1671 905 1735 igitur
935 1671 993 1719 de
1023 1671 1307 1720 matrimonio
1340 1671 1536 1736 loquitur
1552 1669 1694 1738 ‘haec'

194 1748 359 1798 habet:
387 1768 411 1794 «
431 1749 506 1796 Sic
537 1759 582 1796 et
613 1748 660 1795 in
694 1748 972 1812 coniugatis,
1011 1759 1060 1795 ut
1093 1748 1258 1812 gratia,
1286 1759 1330 1795 et
1353 1744 1674 1803 sanctificatio,

195 1843 311 1890 quae
326 1826 392 1873 eis
410 1825 675 1891 postulatur,
694 1825 864 1873 eisdem
881 1826 1091 1882 donetur,
1113 1826 1215 1889 ipsa
1235 1824 1486 1872 benedictio
1505 1824 1682 1888 nuptia-

197 1900 254 1949 lis
286 1901 491 1967 impetrat
513 1903 632 1965 (7).»
653 1901 720 1949 Ex
749 1919 839 1966 quo
870 1901 1142 1950 concludunt
1175 1899 1408 1948 Guilielmo
1441 1899 1558 1946 hanc
1591 1909 1681 1946 ste-

198 1977 308 2024 tisse
329 1989 518 2026 mentem
536 2017 546 2036 ,
579 1996 667 2026 non
702 1978 839 2026 alium
877 1989 1051 2042 praeter
1080 1977 1352 2025 sacerdotem
1370 2013 1380 2032 ‚
1409 1976 1487 2040 qui
1512 1975 1681 2040 nuptiis

201 2051 446 2110 benedicit,
473 2053 612 2102 huius
637 2054 903 2102 sacramenti
927 2054 1180 2110 ministrum
1204 2069 1305 2100 esse
1328 2050 1675 2114 agnoscendum.

295 2129 390 2176 lam
422 2146 527 2176 vero
560 2130 600 2177 si
635 2131 739 2194 quis
768 2131 1020 2178 accuratius
1045 2130 1180 2176 huius
1205 2127 1399 2175 auctoris
1422 2127 1556 2175 verba
1581 2145 1682 2192 per-

202 2205 390 2270 pendat,
419 2203 542 2252 haud
570 2222 701 2268 aegre
734 2205 821 2252 sibi
855 2205 1143 2270 persuadebit
1177 2221 1266 2252 non
1306 2203 1428 2251 aliud
1461 2203 1547 2251 sibi
1580 2203 1682 2250 Gui-

196 2281 394 2330 liclmum
412 2282 702 2347 proposuisse
717 2320 727 2339 ,
749 2299 884 2346 quam
911 2282 1162 2330 ratiocinari
1180 2299 1235 2329 ex
1252 2281 1403 2345 praxi,
1427 2298 1544 2344 quae
1567 2279 1679 2327 obti-

197 2359 331 2406 nebat
354 2359 401 2405 in
426 2359 617 2407 ecclesia
640 2358 896 2406 celebrandi
921 2358 1101 2423 nuptias
1131 2359 1177 2404 in
1206 2358 1318 2405 facie
1341 2356 1578 2411 ecclesiae,
1601 2374 1680 2403 seu

196 2446 431 2500 praesente
464 2435 693 2483 sacerdote
708 2474 718 2492 ,
747 2435 824 2500 qui
850 2434 1119 2483 nubentibus
1143 2434 1435 2482 benedicebat
1457 2450 1509 2479 ac
1533 2432 1679 2480 fausta

197 2529 224 2558 a
255 2512 348 2559 Deo
380 2511 670 2576 precabatur,
705 2512 770 2558 uti
804 2528 856 2558 ex
891 2511 1125 2559 ritualibus
1160 2511 1281 2558 illius
1311 2509 1468 2557 aetatis
1500 2508 1628 2556 libris
1657 2526 1682 2555 a

197 2587 411 2635 Martenio
442 2587 636 2651 vulgatis
680 2587 846 2652 liquet,
883 2587 940 2634 de
972 2586 1137 2652 quibus
1172 2596 1422 2651 opportuno
1455 2584 1552 2633 loco
1586 2585 1680 2632 dis-

198 2679 412 2711 seremus.
441 2663 552 2711 Cum
581 2664 771 2729 proinde
799 2664 1074 2711 commendet
1097 2664 1141 2709 in
1166 2661 1456 2710 sacramentis
1491 2661 1678 2725 reliquis

200 2739 487 2789 sacerdotalis
510 2740 833 2788 benedictionis
857 2740 1084 2796 virtutem,
1114 2749 1244 2803 capta
1270 2738 1528 2794 occasione,
1562 2754 1682 2784 cam-

296 2840 342 2880 (7)
364 2841 442 2880 Cap.
463 2841 489 2873 1.
511 2841 543 2872 in
566 2841 629 2873 tine
644 2849 716 2882 pag.
733 2844 803 2874 400.
