<?xml version="1.0" encoding="UTF-8"?>
<!DOCTYPE html PUBLIC "-//W3C//DTD XHTML 1.0 Transitional//EN"
    "http://www.w3.org/TR/xhtml1/DTD/xhtml1-transitional.dtd">
<html xmlns="http://www.w3.org/1999/xhtml" xml:lang="en" lang="en">
 <head>
  <title>
</title>
<meta http-equiv="Content-Type" content="text/html;charset=utf-8" />
  <meta name='ocr-system' content='tesseract 3.04.00' />
  <meta name='ocr-capabilities' content='ocr_page ocr_carea ocr_par ocr_line ocrx_word'/>
</head>
<body>
  <div class='ocr_page' id='page_1' title='image "a603380701perruoft_0129.png"; bbox 0 0 1918 3186; ppageno 0'>
   <div class='ocr_carea' id='block_1_1' title="bbox 211 193 1578 240">
    <p class='ocr_par' dir='ltr' id='par_1_1' title="bbox 211 193 1578 240">
     <span class='ocr_line' id='line_1_1' title="bbox 211 193 1578 240; baseline -0.001 -1"><span class='ocrx_word' id='word_1_1' title='bbox 211 207 755 240; x_wconf 71' lang='lat' dir='ltr'>cn.1v.sxran.AnG.nn</span> <span class='ocrx_word' id='word_1_2' title='bbox 769 208 862 239; x_wconf 71' lang='lat' dir='ltr'>um.</span> <span class='ocrx_word' id='word_1_3' title='bbox 876 208 991 240; x_wconf 59' lang='lat' dir='ltr'>sien.</span> <span class='ocrx_word' id='word_1_4' title='bbox 1004 209 1096 240; x_wconf 72' lang='grc' dir='ltr'>ΔΜ.</span> <span class='ocrx_word' id='word_1_5' title='bbox 1110 208 1157 240; x_wconf 86' lang='lat'>11.</span> <span class='ocrx_word' id='word_1_6' title='bbox 1173 208 1268 240; x_wconf 72' lang='lat' dir='ltr'>Ans.</span> <span class='ocrx_word' id='word_1_7' title='bbox 1285 208 1404 240; x_wconf 73' lang='lat' dir='ltr'>nun.</span> <span class='ocrx_word' id='word_1_8' title='bbox 1489 193 1578 238; x_wconf 80' lang='lat'>107</span> 
     </span>
    </p>
   </div>
   <div class='ocr_carea' id='block_1_2' title="bbox 104 285 1589 2337">
    <p class='ocr_par' dir='ltr' id='par_1_2' title="bbox 104 285 1589 2337">
     <span class='ocr_line' id='line_1_2' title="bbox 209 285 1589 353; baseline 0.003 -22"><span class='ocrx_word' id='word_1_9' title='bbox 209 287 363 334; x_wconf 91' lang='lat' dir='ltr'>Nonus</span> <span class='ocrx_word' id='word_1_10' title='bbox 396 298 464 334; x_wconf 91' lang='lat' dir='ltr'>est</span> <span class='ocrx_word' id='word_1_11' title='bbox 497 286 671 334; x_wconf 88' lang='lat' dir='ltr'>concilii</span> <span class='ocrx_word' id='word_1_12' title='bbox 706 285 998 335; x_wconf 81' lang='lat' dir='ltr'><strong>lateranensis</strong></span> <span class='ocrx_word' id='word_1_13' title='bbox 1023 287 1101 334; x_wconf 89' lang='lat'>111.</span> <span class='ocrx_word' id='word_1_14' title='bbox 1130 288 1207 353; x_wconf 92' lang='lat' dir='ltr'>qui</span> <span class='ocrx_word' id='word_1_15' title='bbox 1233 287 1454 335; x_wconf 87' lang='lat' dir='ltr'>invenitur</span> <span class='ocrx_word' id='word_1_16' title='bbox 1476 287 1589 335; x_wconf 91' lang='lat' dir='ltr'>inter</span> 
     </span>
     <span class='ocr_line' id='line_1_3' title="bbox 114 361 1581 411; baseline 0.002 -4"><span class='ocrx_word' id='word_1_17' title='bbox 114 361 364 410; x_wconf 86' lang='lat' dir='ltr'>Decretales</span> <span class='ocrx_word' id='word_1_18' title='bbox 389 362 467 409; x_wconf 91' lang='lat' dir='ltr'>lib.</span> <span class='ocrx_word' id='word_1_19' title='bbox 490 363 538 408; x_wconf 89' lang='lat' dir='ltr'>V.</span> <span class='ocrx_word' id='word_1_20' title='bbox 566 363 629 409; x_wconf 89' lang='lat' dir='ltr'>De</span> <span class='ocrx_word' id='word_1_21' title='bbox 652 364 837 409; x_wconf 85' lang='lat' dir='ltr'>simonia</span> <span class='ocrx_word' id='word_1_22' title='bbox 862 362 927 409; x_wconf 90' lang='lat' dir='ltr'>tit.</span> <span class='ocrx_word' id='word_1_23' title='bbox 955 364 1031 410; x_wconf 91' lang='lat'><em>111.</em></span> <span class='ocrx_word' id='word_1_24' title='bbox 1055 381 1095 411; x_wconf 93' lang='lat' dir='ltr'>c.</span> <span class='ocrx_word' id='word_1_25' title='bbox 1120 365 1165 410; x_wconf 81' lang='lat'>9.</span> <span class='ocrx_word' id='word_1_26' title='bbox 1191 363 1300 410; x_wconf 86' lang='lat' dir='ltr'>Cum</span> <span class='ocrx_word' id='word_1_27' title='bbox 1321 364 1368 410; x_wconf 84' lang='lat' dir='ltr'>in</span> <span class='ocrx_word' id='word_1_28' title='bbox 1389 363 1581 411; x_wconf 84' lang='lat' dir='ltr'>ecclesia.</span> 
     </span>
     <span class='ocr_line' id='line_1_4' title="bbox 117 434 1586 504; baseline 0.002 -21"><span class='ocrx_word' id='word_1_29' title='bbox 117 438 181 484; x_wconf 88' lang='lat' dir='ltr'>Ita</span> <span class='ocrx_word' id='word_1_30' title='bbox 196 455 300 486; x_wconf 89' lang='lat' dir='ltr'>vero</span> <span class='ocrx_word' id='word_1_31' title='bbox 318 456 367 485; x_wconf 92' lang='lat' dir='ltr'>se</span> <span class='ocrx_word' id='word_1_32' title='bbox 385 438 538 485; x_wconf 90' lang='lat' dir='ltr'>habet:</span> <span class='ocrx_word' id='word_1_33' title='bbox 571 457 594 482; x_wconf 83' lang='lat'>«</span> <span class='ocrx_word' id='word_1_34' title='bbox 609 437 830 485; x_wconf 87' lang='lat' dir='ltr'>Horribile</span> <span class='ocrx_word' id='word_1_35' title='bbox 852 438 985 485; x_wconf 90' lang='lat' dir='ltr'>nimis</span> <span class='ocrx_word' id='word_1_36' title='bbox 1002 449 1091 495; x_wconf 90' lang='lat' dir='ltr'>est,</span> <span class='ocrx_word' id='word_1_37' title='bbox 1113 434 1232 504; x_wconf 85' lang='lat' dir='ltr'>quod</span> <span class='ocrx_word' id='word_1_38' title='bbox 1255 439 1301 486; x_wconf 91' lang='lat' dir='ltr'>in</span> <span class='ocrx_word' id='word_1_39' title='bbox 1318 438 1586 504; x_wconf 88' lang='lat' dir='ltr'>quibusdam</span> 
     </span>
     <span class='ocr_line' id='line_1_5' title="bbox 114 513 1589 580; baseline 0.003 -20"><span class='ocrx_word' id='word_1_40' title='bbox 114 513 316 561; x_wconf 89' lang='lat' dir='ltr'>ecclesiis</span> <span class='ocrx_word' id='word_1_41' title='bbox 334 514 478 561; x_wconf 92' lang='lat' dir='ltr'>locum</span> <span class='ocrx_word' id='word_1_42' title='bbox 489 513 707 561; x_wconf 84' lang='lat' dir='ltr'>venalitas</span> <span class='ocrx_word' id='word_1_43' title='bbox 726 513 986 578; x_wconf 81' lang='lat' dir='ltr'>perhibetur</span> <span class='ocrx_word' id='word_1_44' title='bbox 998 514 1179 562; x_wconf 90' lang='lat' dir='ltr'>habere:</span> <span class='ocrx_word' id='word_1_45' title='bbox 1195 516 1256 563; x_wconf 89' lang='lat' dir='ltr'>ita</span> <span class='ocrx_word' id='word_1_46' title='bbox 1267 525 1316 562; x_wconf 92' lang='lat' dir='ltr'>ut</span> <span class='ocrx_word' id='word_1_47' title='bbox 1328 533 1407 580; x_wconf 93' lang='lat' dir='ltr'>pro</span> <span class='ocrx_word' id='word_1_48' title='bbox 1419 516 1589 580; x_wconf 90' lang='lat' dir='ltr'>episco-</span> 
     </span>
     <span class='ocr_line' id='line_1_6' title="bbox 114 589 1586 655; baseline 0.003 -20"><span class='ocrx_word' id='word_1_49' title='bbox 114 590 202 653; x_wconf 89' lang='lat' dir='ltr'>pis,</span> <span class='ocrx_word' id='word_1_50' title='bbox 217 589 287 637; x_wconf 86' lang='lat' dir='ltr'>vel</span> <span class='ocrx_word' id='word_1_51' title='bbox 303 589 555 645; x_wconf 89' lang='lat' dir='ltr'>abbatibus,</span> <span class='ocrx_word' id='word_1_52' title='bbox 574 607 654 637; x_wconf 91' lang='lat' dir='ltr'>seu</span> <span class='ocrx_word' id='word_1_53' title='bbox 672 589 1029 655; x_wconf 90' lang='lat' dir='ltr'>quibuscumque</span> <span class='ocrx_word' id='word_1_54' title='bbox 1052 592 1255 655; x_wconf 90' lang='lat' dir='ltr'>personis</span> <span class='ocrx_word' id='word_1_55' title='bbox 1272 591 1586 640; x_wconf 87' lang='lat' dir='ltr'>ecclesiasticis</span> 
     </span>
     <span class='ocr_line' id='line_1_7' title="bbox 114 665 1587 733; baseline 0.003 -21"><span class='ocrx_word' id='word_1_56' title='bbox 114 665 330 730; x_wconf 92' lang='lat' dir='ltr'>ponendis</span> <span class='ocrx_word' id='word_1_57' title='bbox 364 666 410 712; x_wconf 93' lang='lat' dir='ltr'>in</span> <span class='ocrx_word' id='word_1_58' title='bbox 444 666 596 713; x_wconf 90' lang='lat' dir='ltr'>sedem</span> <span class='ocrx_word' id='word_1_59' title='bbox 618 704 628 722; x_wconf 91' lang='lat'>,</span> <span class='ocrx_word' id='word_1_60' title='bbox 668 684 747 714; x_wconf 91' lang='lat' dir='ltr'>seu</span> <span class='ocrx_word' id='word_1_61' title='bbox 781 666 1096 714; x_wconf 78' lang='lat' dir='ltr'>benedicendis</span> <span class='ocrx_word' id='word_1_62' title='bbox 1130 668 1401 733; x_wconf 86' lang='lat' dir='ltr'>presbyteris</span> <span class='ocrx_word' id='word_1_63' title='bbox 1435 669 1481 715; x_wconf 91' lang='lat' dir='ltr'>in</span> <span class='ocrx_word' id='word_1_64' title='bbox 1515 686 1587 717; x_wconf 84' lang='lat' dir='ltr'>ec-</span> 
     </span>
     <span class='ocr_line' id='line_1_8' title="bbox 112 742 1581 809; baseline 0.002 -20"><span class='ocrx_word' id='word_1_65' title='bbox 112 742 318 798; x_wconf 89' lang='lat' dir='ltr'>clesiam,</span> <span class='ocrx_word' id='word_1_66' title='bbox 358 760 438 790; x_wconf 90' lang='lat' dir='ltr'>nec</span> <span class='ocrx_word' id='word_1_67' title='bbox 471 760 559 790; x_wconf 92' lang='lat' dir='ltr'>non</span> <span class='ocrx_word' id='word_1_68' title='bbox 594 760 674 807; x_wconf 91' lang='lat' dir='ltr'>pro</span> <span class='ocrx_word' id='word_1_69' title='bbox 710 743 972 807; x_wconf 82' lang='lat' dir='ltr'>sepulturis,</span> <span class='ocrx_word' id='word_1_70' title='bbox 1000 754 1043 791; x_wconf 89' lang='lat' dir='ltr'>et</span> <span class='ocrx_word' id='word_1_71' title='bbox 1064 744 1264 809; x_wconf 87' lang='lat' dir='ltr'>exequiis</span> <span class='ocrx_word' id='word_1_72' title='bbox 1288 755 1581 802; x_wconf 85' lang='lat' dir='ltr'>mortuorum,</span> 
     </span>
     <span class='ocr_line' id='line_1_9' title="bbox 111 819 1587 877; baseline 0.003 -12"><span class='ocrx_word' id='word_1_73' title='bbox 111 830 156 866; x_wconf 89' lang='lat' dir='ltr'>et</span> <span class='ocrx_word' id='word_1_74' title='bbox 185 819 572 868; x_wconf 86' lang='lat' dir='ltr'>benedictionibus</span> <span class='ocrx_word' id='word_1_75' title='bbox 607 821 894 877; x_wconf 88' lang='lat' dir='ltr'>nubentium,</span> <span class='ocrx_word' id='word_1_76' title='bbox 933 838 1013 868; x_wconf 91' lang='lat' dir='ltr'>seu</span> <span class='ocrx_word' id='word_1_77' title='bbox 1046 821 1147 868; x_wconf 89' lang='lat' dir='ltr'>aliis</span> <span class='ocrx_word' id='word_1_78' title='bbox 1182 823 1471 870; x_wconf 84' lang='lat' dir='ltr'>sacramentis</span> <span class='ocrx_word' id='word_1_79' title='bbox 1505 822 1587 870; x_wconf 84' lang='lat' dir='ltr'>ali-</span> 
     </span>
     <span class='ocr_line' id='line_1_10' title="bbox 113 896 1587 964; baseline 0.004 -23"><span class='ocrx_word' id='word_1_80' title='bbox 113 896 220 960; x_wconf 92' lang='lat' dir='ltr'>quid</span> <span class='ocrx_word' id='word_1_81' title='bbox 252 897 518 961; x_wconf 86' lang='lat' dir='ltr'>requiratur.</span> <span class='ocrx_word' id='word_1_82' title='bbox 542 936 550 943; x_wconf 93' lang='lat'>.</span> <span class='ocrx_word' id='word_1_83' title='bbox 574 936 583 944; x_wconf 91' lang='lat'>.</span> <span class='ocrx_word' id='word_1_84' title='bbox 606 898 697 944; x_wconf 76' lang='lat' dir='ltr'>‚Ne</span> <span class='ocrx_word' id='word_1_85' title='bbox 719 897 854 960; x_wconf 88' lang='lat' dir='ltr'>igitur</span> <span class='ocrx_word' id='word_1_86' title='bbox 876 897 988 945; x_wconf 91' lang='lat' dir='ltr'>haec</span> <span class='ocrx_word' id='word_1_87' title='bbox 1011 897 1068 944; x_wconf 94' lang='lat' dir='ltr'>de</span> <span class='ocrx_word' id='word_1_88' title='bbox 1089 908 1234 945; x_wconf 88' lang='lat' dir='ltr'>cetero</span> <span class='ocrx_word' id='word_1_89' title='bbox 1258 898 1388 955; x_wconf 87' lang='lat' dir='ltr'>fiant,</span> <span class='ocrx_word' id='word_1_90' title='bbox 1413 897 1483 946; x_wconf 82' lang='lat' dir='ltr'>vel</span> <span class='ocrx_word' id='word_1_91' title='bbox 1507 915 1587 964; x_wconf 88' lang='lat' dir='ltr'>pro</span> 
     </span>
     <span class='ocr_line' id='line_1_11' title="bbox 113 972 1587 1036; baseline 0.003 -18"><span class='ocrx_word' id='word_1_92' title='bbox 113 972 313 1036; x_wconf 91' lang='lat' dir='ltr'>personis</span> <span class='ocrx_word' id='word_1_93' title='bbox 347 972 662 1020; x_wconf 88' lang='lat' dir='ltr'>ecclesiasticis</span> <span class='ocrx_word' id='word_1_94' title='bbox 698 973 970 1020; x_wconf 89' lang='lat' dir='ltr'>deducendis</span> <span class='ocrx_word' id='word_1_95' title='bbox 1006 973 1051 1019; x_wconf 92' lang='lat' dir='ltr'>in</span> <span class='ocrx_word' id='word_1_96' title='bbox 1086 973 1262 1030; x_wconf 90' lang='lat' dir='ltr'>sedem,</span> <span class='ocrx_word' id='word_1_97' title='bbox 1287 973 1358 1021; x_wconf 86' lang='lat' dir='ltr'>vel</span> <span class='ocrx_word' id='word_1_98' title='bbox 1382 974 1587 1022; x_wconf 85' lang='lat' dir='ltr'>sacerdo—</span> 
     </span>
     <span class='ocr_line' id='line_1_12' title="bbox 113 1048 1586 1114; baseline 0.002 -19"><span class='ocrx_word' id='word_1_99' title='bbox 113 1048 232 1096; x_wconf 91' lang='lat' dir='ltr'>tibus</span> <span class='ocrx_word' id='word_1_100' title='bbox 255 1049 561 1106; x_wconf 86' lang='lat' dir='ltr'>instituendis,</span> <span class='ocrx_word' id='word_1_101' title='bbox 587 1049 658 1097; x_wconf 83' lang='lat' dir='ltr'>vel</span> <span class='ocrx_word' id='word_1_102' title='bbox 684 1049 951 1114; x_wconf 88' lang='lat' dir='ltr'>sepeliendis</span> <span class='ocrx_word' id='word_1_103' title='bbox 987 1050 1188 1105; x_wconf 79' lang='lat' dir='ltr'>mortuis,</span> <span class='ocrx_word' id='word_1_104' title='bbox 1218 1067 1299 1098; x_wconf 89' lang='lat' dir='ltr'>seu</span> <span class='ocrx_word' id='word_1_105' title='bbox 1321 1049 1586 1098; x_wconf 90' lang='lat' dir='ltr'>benedicen-</span> 
     </span>
     <span class='ocr_line' id='line_1_13' title="bbox 111 1125 1587 1184; baseline 0.003 -13"><span class='ocrx_word' id='word_1_106' title='bbox 111 1125 183 1172; x_wconf 90' lang='lat' dir='ltr'>dis</span> <span class='ocrx_word' id='word_1_107' title='bbox 207 1125 477 1173; x_wconf 89' lang='lat' dir='ltr'>nubentibus</span> <span class='ocrx_word' id='word_1_108' title='bbox 497 1165 507 1183; x_wconf 87' lang='lat'>,</span> <span class='ocrx_word' id='word_1_109' title='bbox 535 1143 615 1174; x_wconf 91' lang='lat' dir='ltr'>seu</span> <span class='ocrx_word' id='word_1_110' title='bbox 639 1126 739 1174; x_wconf 91' lang='lat' dir='ltr'>aliis</span> <span class='ocrx_word' id='word_1_111' title='bbox 765 1126 1052 1174; x_wconf 89' lang='lat' dir='ltr'>sacramentis</span> <span class='ocrx_word' id='word_1_112' title='bbox 1075 1126 1371 1184; x_wconf 84' lang='lat' dir='ltr'>conferendis,</span> <span class='ocrx_word' id='word_1_113' title='bbox 1400 1144 1480 1175; x_wconf 86' lang='lat' dir='ltr'>scu</span> <span class='ocrx_word' id='word_1_114' title='bbox 1502 1128 1587 1176; x_wconf 90' lang='lat' dir='ltr'>col-</span> 
     </span>
     <span class='ocr_line' id='line_1_14' title="bbox 114 1201 1585 1269; baseline 0.001 -21"><span class='ocrx_word' id='word_1_115' title='bbox 114 1201 216 1249; x_wconf 88' lang='lat' dir='ltr'>latis</span> <span class='ocrx_word' id='word_1_116' title='bbox 234 1201 404 1267; x_wconf 89' lang='lat' dir='ltr'>aliquid</span> <span class='ocrx_word' id='word_1_117' title='bbox 422 1203 624 1266; x_wconf 80' lang='lat' dir='ltr'>exigatur</span> <span class='ocrx_word' id='word_1_118' title='bbox 645 1203 891 1250; x_wconf 89' lang='lat' dir='ltr'>districtius</span> <span class='ocrx_word' id='word_1_119' title='bbox 915 1202 1252 1268; x_wconf 88' lang='lat' dir='ltr'>prohibemus.»</span> <span class='ocrx_word' id='word_1_120' title='bbox 1269 1203 1493 1269; x_wconf 92' lang='lat' dir='ltr'>Numquid</span> <span class='ocrx_word' id='word_1_121' title='bbox 1515 1204 1585 1252; x_wconf 84' lang='lat' dir='ltr'>vel</span> 
     </span>
     <span class='ocr_line' id='line_1_15' title="bbox 110 1277 1585 1345; baseline 0.002 -21"><span class='ocrx_word' id='word_1_122' title='bbox 110 1295 138 1325; x_wconf 87' lang='lat' dir='ltr'>a</span> <span class='ocrx_word' id='word_1_123' title='bbox 165 1277 297 1342; x_wconf 91' lang='lat' dir='ltr'>longe</span> <span class='ocrx_word' id='word_1_124' title='bbox 330 1279 561 1344; x_wconf 87' lang='lat' dir='ltr'>quidpiam</span> <span class='ocrx_word' id='word_1_125' title='bbox 596 1279 849 1326; x_wconf 88' lang='lat' dir='ltr'>insinuatur</span> <span class='ocrx_word' id='word_1_126' title='bbox 872 1279 943 1326; x_wconf 91' lang='lat' dir='ltr'>his</span> <span class='ocrx_word' id='word_1_127' title='bbox 966 1279 1112 1327; x_wconf 89' lang='lat' dir='ltr'>verbis</span> <span class='ocrx_word' id='word_1_128' title='bbox 1146 1280 1265 1327; x_wconf 93' lang='lat' dir='ltr'>unde</span> <span class='ocrx_word' id='word_1_129' title='bbox 1298 1280 1446 1343; x_wconf 83' lang='lat' dir='ltr'>colligi</span> <span class='ocrx_word' id='word_1_130' title='bbox 1479 1297 1585 1345; x_wconf 91' lang='lat' dir='ltr'>pos-</span> 
     </span>
     <span class='ocr_line' id='line_1_16' title="bbox 110 1355 1586 1421; baseline 0.001 -19"><span class='ocrx_word' id='word_1_131' title='bbox 110 1355 170 1403; x_wconf 88' lang='lat' dir='ltr'>sit</span> <span class='ocrx_word' id='word_1_132' title='bbox 200 1355 520 1403; x_wconf 89' lang='lat' dir='ltr'>·benedictione</span> <span class='ocrx_word' id='word_1_133' title='bbox 566 1357 810 1404; x_wconf 88' lang='lat' dir='ltr'>sacerdotis</span> <span class='ocrx_word' id='word_1_134' title='bbox 845 1356 1003 1404; x_wconf 88' lang='lat' dir='ltr'>confici</span> <span class='ocrx_word' id='word_1_135' title='bbox 1038 1357 1292 1421; x_wconf 87' lang='lat' dir='ltr'>nuptiarum</span> <span class='ocrx_word' id='word_1_136' title='bbox 1334 1373 1586 1404; x_wconf 87' lang='lat' dir='ltr'>sacramen-</span> 
     </span>
     <span class='ocr_line' id='line_1_17' title="bbox 111 1433 1584 1488; baseline 0.001 -10"><span class='ocrx_word' id='word_1_137' title='bbox 111 1443 226 1488; x_wconf 89' lang='lat' dir='ltr'>tum,</span> <span class='ocrx_word' id='word_1_138' title='bbox 260 1433 321 1479; x_wconf 90' lang='lat' dir='ltr'>ita</span> <span class='ocrx_word' id='word_1_139' title='bbox 353 1443 402 1479; x_wconf 90' lang='lat' dir='ltr'>ut</span> <span class='ocrx_word' id='word_1_140' title='bbox 435 1433 473 1479; x_wconf 91' lang='lat' dir='ltr'>si</span> <span class='ocrx_word' id='word_1_141' title='bbox 509 1433 795 1481; x_wconf 89' lang='lat' dir='ltr'>sacerdotalis</span> <span class='ocrx_word' id='word_1_142' title='bbox 828 1433 1047 1481; x_wconf 92' lang='lat' dir='ltr'>eiusmodi</span> <span class='ocrx_word' id='word_1_143' title='bbox 1080 1433 1327 1480; x_wconf 90' lang='lat' dir='ltr'>benedictio</span> <span class='ocrx_word' id='word_1_144' title='bbox 1351 1450 1439 1481; x_wconf 93' lang='lat' dir='ltr'>non</span> <span class='ocrx_word' id='word_1_145' title='bbox 1463 1449 1584 1480; x_wconf 88' lang='lat' dir='ltr'>acce-</span> 
     </span>
     <span class='ocr_line' id='line_1_18' title="bbox 111 1508 1581 1575; baseline 0 -19"><span class='ocrx_word' id='word_1_146' title='bbox 111 1508 258 1565; x_wconf 85' lang='lat' dir='ltr'>deret,</span> <span class='ocrx_word' id='word_1_147' title='bbox 297 1510 564 1558; x_wconf 85' lang='lat' dir='ltr'>matrimonii</span> <span class='ocrx_word' id='word_1_148' title='bbox 610 1510 787 1575; x_wconf 86' lang='lat' dir='ltr'>proprie</span> <span class='ocrx_word' id='word_1_149' title='bbox 822 1521 1145 1559; x_wconf 89' lang='lat' dir='ltr'>sacramentum</span> <span class='ocrx_word' id='word_1_150' title='bbox 1180 1527 1269 1558; x_wconf 93' lang='lat' dir='ltr'>non</span> <span class='ocrx_word' id='word_1_151' title='bbox 1305 1509 1581 1558; x_wconf 74' lang='lat' dir='ltr'>haberetur?</span> 
     </span>
     <span class='ocr_line' id='line_1_19' title="bbox 111 1585 1582 1651; baseline 0.002 -21"><span class='ocrx_word' id='word_1_152' title='bbox 111 1585 180 1631; x_wconf 92' lang='lat' dir='ltr'>Nil</span> <span class='ocrx_word' id='word_1_153' title='bbox 215 1585 379 1633; x_wconf 91' lang='lat' dir='ltr'>minus.</span> <span class='ocrx_word' id='word_1_154' title='bbox 414 1585 621 1650; x_wconf 91' lang='lat' dir='ltr'>Alioquin</span> <span class='ocrx_word' id='word_1_155' title='bbox 655 1603 754 1634; x_wconf 92' lang='lat' dir='ltr'>cum</span> <span class='ocrx_word' id='word_1_156' title='bbox 791 1586 926 1634; x_wconf 88' lang='lat' dir='ltr'>illud:</span> <span class='ocrx_word' id='word_1_157' title='bbox 965 1588 1147 1651; x_wconf 87' lang='lat' dir='ltr'>aliisque</span> <span class='ocrx_word' id='word_1_158' title='bbox 1180 1588 1458 1634; x_wconf 77' lang='lat' dir='ltr'>sacramentis</span> <span class='ocrx_word' id='word_1_159' title='bbox 1493 1604 1582 1634; x_wconf 92' lang='lat' dir='ltr'>non</span> 
     </span>
     <span class='ocr_line' id='line_1_20' title="bbox 109 1660 1582 1728; baseline 0.001 -20"><span class='ocrx_word' id='word_1_160' title='bbox 109 1660 241 1709; x_wconf 89' lang='lat' dir='ltr'>modo</span> <span class='ocrx_word' id='word_1_161' title='bbox 277 1662 638 1711; x_wconf 72' lang='lat' dir='ltr'>benedictionibus</span> <span class='ocrx_word' id='word_1_162' title='bbox 684 1663 933 1710; x_wconf 82' lang='lat' dir='ltr'>nubentium</span> <span class='ocrx_word' id='word_1_163' title='bbox 949 1701 959 1718; x_wconf 88' lang='lat'><em>‚</em></span> <span class='ocrx_word' id='word_1_164' title='bbox 997 1681 1149 1711; x_wconf 89' lang='lat' dir='ltr'>verum</span> <span class='ocrx_word' id='word_1_165' title='bbox 1183 1664 1316 1711; x_wconf 88' lang='lat' dir='ltr'>etiam</span> <span class='ocrx_word' id='word_1_166' title='bbox 1349 1663 1582 1728; x_wconf 76' lang='lat' dir='ltr'>sepulturis</span> 
     </span>
     <span class='ocr_line' id='line_1_21' title="bbox 109 1739 1580 1805; baseline 0.001 -21"><span class='ocrx_word' id='word_1_167' title='bbox 109 1748 149 1784; x_wconf 82' lang='lat' dir='ltr'>et</span> <span class='ocrx_word' id='word_1_168' title='bbox 176 1740 369 1802; x_wconf 73' lang='lat' dir='ltr'>exequiis</span> <span class='ocrx_word' id='word_1_169' title='bbox 401 1749 665 1786; x_wconf 82' lang='lat' dir='ltr'>mortuorum</span> <span class='ocrx_word' id='word_1_170' title='bbox 688 1750 883 1804; x_wconf 90' lang='lat' dir='ltr'>aptetur,</span> <span class='ocrx_word' id='word_1_171' title='bbox 911 1757 1189 1805; x_wconf 90' lang='lat' dir='ltr'>consequens</span> <span class='ocrx_word' id='word_1_172' title='bbox 1213 1740 1325 1788; x_wconf 86' lang='lat' dir='ltr'>foret</span> <span class='ocrx_word' id='word_1_173' title='bbox 1345 1757 1398 1787; x_wconf 88' lang='lat' dir='ltr'>ex</span> <span class='ocrx_word' id='word_1_174' title='bbox 1422 1739 1580 1787; x_wconf 92' lang='lat' dir='ltr'>horum</span> 
     </span>
     <span class='ocr_line' id='line_1_22' title="bbox 110 1812 1582 1881; baseline 0.002 -21"><span class='ocrx_word' id='word_1_175' title='bbox 110 1812 412 1878; x_wconf 80' lang='lat' dir='ltr'>theologorum</span> <span class='ocrx_word' id='word_1_176' title='bbox 447 1816 829 1881; x_wconf 89' lang='lat' dir='ltr'>interpretatione,</span> <span class='ocrx_word' id='word_1_177' title='bbox 857 1826 950 1863; x_wconf 89' lang='lat' dir='ltr'>tum</span> <span class='ocrx_word' id='word_1_178' title='bbox 976 1816 1226 1881; x_wconf 87' lang='lat' dir='ltr'>sepulturas</span> <span class='ocrx_word' id='word_1_179' title='bbox 1260 1826 1352 1863; x_wconf 91' lang='lat' dir='ltr'>tum</span> <span class='ocrx_word' id='word_1_180' title='bbox 1387 1827 1582 1863; x_wconf 88' lang='lat' dir='ltr'>mortuo—</span> 
     </span>
     <span class='ocr_line' id='line_1_23' title="bbox 112 1892 1575 1957; baseline 0.003 -22"><span class='ocrx_word' id='word_1_181' title='bbox 112 1906 207 1936; x_wconf 90' lang='lat' dir='ltr'>rum</span> <span class='ocrx_word' id='word_1_182' title='bbox 242 1893 478 1955; x_wconf 86' lang='lat' dir='ltr'>exequias,</span> <span class='ocrx_word' id='word_1_183' title='bbox 514 1910 630 1957; x_wconf 93' lang='lat' dir='ltr'>quae</span> <span class='ocrx_word' id='word_1_184' title='bbox 663 1892 761 1939; x_wconf 88' lang='lat' dir='ltr'>sine</span> <span class='ocrx_word' id='word_1_185' title='bbox 793 1892 1037 1941; x_wconf 87' lang='lat' dir='ltr'>ministerio</span> <span class='ocrx_word' id='word_1_186' title='bbox 1060 1892 1305 1940; x_wconf 88' lang='lat' dir='ltr'>sacerdotis</span> <span class='ocrx_word' id='word_1_187' title='bbox 1329 1909 1417 1939; x_wconf 92' lang='lat' dir='ltr'>non</span> <span class='ocrx_word' id='word_1_188' title='bbox 1441 1892 1575 1949; x_wconf 88' lang='lat' dir='ltr'>fiunt,</span> 
     </span>
     <span class='ocr_line' id='line_1_24' title="bbox 111 1966 1579 2034; baseline 0.002 -22"><span class='ocrx_word' id='word_1_189' title='bbox 111 1966 289 2013; x_wconf 90' lang='lat' dir='ltr'>totidem</span> <span class='ocrx_word' id='word_1_190' title='bbox 321 1983 422 2015; x_wconf 88' lang='lat' dir='ltr'>esse</span> <span class='ocrx_word' id='word_1_191' title='bbox 456 1979 751 2026; x_wconf 89' lang='lat' dir='ltr'>sacramenta,</span> <span class='ocrx_word' id='word_1_192' title='bbox 780 1970 899 2034; x_wconf 91' lang='lat' dir='ltr'>quod</span> <span class='ocrx_word' id='word_1_193' title='bbox 923 1987 1052 2017; x_wconf 90' lang='lat' dir='ltr'>nemo</span> <span class='ocrx_word' id='word_1_194' title='bbox 1076 1987 1214 2017; x_wconf 88' lang='lat' dir='ltr'>sanus</span> <span class='ocrx_word' id='word_1_195' title='bbox 1236 1969 1409 2016; x_wconf 86' lang='lat' dir='ltr'>dixerit.</span> <span class='ocrx_word' id='word_1_196' title='bbox 1440 1969 1579 2032; x_wconf 82' lang='lat' dir='ltr'>Igitur</span> 
     </span>
     <span class='ocr_line' id='line_1_25' title="bbox 111 2042 1577 2111; baseline 0.003 -23"><span class='ocrx_word' id='word_1_197' title='bbox 111 2042 210 2089; x_wconf 92' lang='lat' dir='ltr'>heic</span> <span class='ocrx_word' id='word_1_198' title='bbox 232 2043 412 2107; x_wconf 90' lang='lat' dir='ltr'>ponitur</span> <span class='ocrx_word' id='word_1_199' title='bbox 431 2044 682 2093; x_wconf 88' lang='lat' dir='ltr'>benedictio</span> <span class='ocrx_word' id='word_1_200' title='bbox 705 2046 985 2111; x_wconf 90' lang='lat' dir='ltr'>nuptiarum,</span> <span class='ocrx_word' id='word_1_201' title='bbox 1013 2046 1119 2111; x_wconf 90' lang='lat' dir='ltr'>quia</span> <span class='ocrx_word' id='word_1_202' title='bbox 1141 2046 1252 2093; x_wconf 90' lang='lat' dir='ltr'>haec</span> <span class='ocrx_word' id='word_1_203' title='bbox 1268 2056 1337 2093; x_wconf 90' lang='lat' dir='ltr'>est</span> <span class='ocrx_word' id='word_1_204' title='bbox 1352 2046 1398 2094; x_wconf 91' lang='lat' dir='ltr'>id</span> <span class='ocrx_word' id='word_1_205' title='bbox 1414 2063 1577 2103; x_wconf 88' lang='lat' dir='ltr'>unum,</span> 
     </span>
     <span class='ocr_line' id='line_1_26' title="bbox 104 2117 1582 2188; baseline 0.003 -24"><span class='ocrx_word' id='word_1_206' title='bbox 104 2117 229 2182; x_wconf 88' lang='lat' dir='ltr'>quod</span> <span class='ocrx_word' id='word_1_207' title='bbox 264 2118 466 2166; x_wconf 88' lang='lat' dir='ltr'>minister</span> <span class='ocrx_word' id='word_1_208' title='bbox 497 2120 711 2168; x_wconf 87' lang='lat' dir='ltr'>ecclesiae</span> <span class='ocrx_word' id='word_1_209' title='bbox 745 2133 965 2187; x_wconf 87' lang='lat' dir='ltr'>praestat,</span> <span class='ocrx_word' id='word_1_210' title='bbox 993 2133 1036 2170; x_wconf 89' lang='lat' dir='ltr'>et</span> <span class='ocrx_word' id='word_1_211' title='bbox 1059 2139 1139 2187; x_wconf 92' lang='lat' dir='ltr'>pro</span> <span class='ocrx_word' id='word_1_212' title='bbox 1171 2139 1260 2188; x_wconf 93' lang='lat' dir='ltr'>quo</span> <span class='ocrx_word' id='word_1_213' title='bbox 1293 2123 1479 2187; x_wconf 88' lang='lat' dir='ltr'>proinde</span> <span class='ocrx_word' id='word_1_214' title='bbox 1501 2123 1582 2171; x_wconf 81' lang='lat' dir='ltr'>sti-</span> 
     </span>
     <span class='ocr_line' id='line_1_27' title="bbox 111 2194 1581 2264; baseline 0.005 -24"><span class='ocrx_word' id='word_1_215' title='bbox 111 2194 321 2259; x_wconf 89' lang='lat' dir='ltr'>pendium</span> <span class='ocrx_word' id='word_1_216' title='bbox 356 2207 587 2260; x_wconf 88' lang='lat' dir='ltr'>acceptare</span> <span class='ocrx_word' id='word_1_217' title='bbox 619 2214 754 2261; x_wconf 91' lang='lat' dir='ltr'>posse</span> <span class='ocrx_word' id='word_1_218' title='bbox 787 2199 872 2246; x_wconf 91' lang='lat' dir='ltr'>sibi</span> <span class='ocrx_word' id='word_1_219' title='bbox 906 2199 1078 2247; x_wconf 89' lang='lat' dir='ltr'>videtur</span> <span class='ocrx_word' id='word_1_220' title='bbox 1107 2200 1400 2264; x_wconf 79' lang='lat' dir='ltr'>(11).1taque</span> <span class='ocrx_word' id='word_1_221' title='bbox 1431 2210 1475 2248; x_wconf 91' lang='lat' dir='ltr'>et</span> <span class='ocrx_word' id='word_1_222' title='bbox 1507 2199 1581 2248; x_wconf 85' lang='lat' dir='ltr'>hic</span> 
     </span>
     <span class='ocr_line' id='line_1_28' title="bbox 111 2273 690 2337; baseline 0.005 -20"><span class='ocrx_word' id='word_1_223' title='bbox 111 2281 253 2318; x_wconf 88' lang='lat' dir='ltr'>textus</span> <span class='ocrx_word' id='word_1_224' title='bbox 290 2273 573 2337; x_wconf 87' lang='lat' dir='ltr'>seponendus</span> <span class='ocrx_word' id='word_1_225' title='bbox 608 2284 690 2320; x_wconf 90' lang='lat' dir='ltr'>est.</span> 
     </span>
    </p>
   </div>
   <div class='ocr_carea' id='block_1_3' title="bbox 108 2407 1582 2873">
    <p class='ocr_par' dir='ltr' id='par_1_3' title="bbox 108 2407 1582 2873">
     <span class='ocr_line' id='line_1_29' title="bbox 204 2407 1580 2452; baseline 0.004 -13"><span class='ocrx_word' id='word_1_226' title='bbox 204 2407 270 2447; x_wconf 82' lang='grc' dir='ltr'>(ιι)</span> <span class='ocrx_word' id='word_1_227' title='bbox 292 2409 375 2439; x_wconf 86' lang='lat' dir='ltr'>Sane</span> <span class='ocrx_word' id='word_1_228' title='bbox 397 2409 537 2440; x_wconf 89' lang='lat' dir='ltr'>mentem</span> <span class='ocrx_word' id='word_1_229' title='bbox 552 2417 730 2450; x_wconf 82' lang='lat' dir='ltr'>numquam</span> <span class='ocrx_word' id='word_1_230' title='bbox 757 2409 855 2441; x_wconf 81' lang='lat' dir='ltr'>fuisse</span> <span class='ocrx_word' id='word_1_231' title='bbox 882 2418 974 2442; x_wconf 78' lang='lat' dir='ltr'>conc.</span> <span class='ocrx_word' id='word_1_232' title='bbox 997 2410 1130 2443; x_wconf 84' lang='lat' dir='ltr'>lateran.</span> <span class='ocrx_word' id='word_1_233' title='bbox 1146 2412 1204 2443; x_wconf 86' lang='lat'><em>111.</em></span> <span class='ocrx_word' id='word_1_234' title='bbox 1219 2411 1365 2452; x_wconf 79' lang='lat' dir='ltr'>adeoque</span> <span class='ocrx_word' id='word_1_235' title='bbox 1376 2420 1434 2444; x_wconf 83' lang='lat' dir='ltr'>nec</span> <span class='ocrx_word' id='word_1_236' title='bbox 1445 2412 1580 2444; x_wconf 81' lang='lat' dir='ltr'>Alexan-</span> 
     </span>
     <span class='ocr_line' id='line_1_30' title="bbox 109 2458 1579 2502; baseline 0.004 -11"><span class='ocrx_word' id='word_1_237' title='bbox 109 2458 168 2491; x_wconf 87' lang='lat' dir='ltr'>dro</span> <span class='ocrx_word' id='word_1_238' title='bbox 182 2461 239 2492; x_wconf 85' lang='grc' dir='ltr'>ΙΙΙ.</span> <span class='ocrx_word' id='word_1_239' title='bbox 252 2459 313 2492; x_wconf 85' lang='lat' dir='ltr'>sub</span> <span class='ocrx_word' id='word_1_240' title='bbox 327 2469 393 2501; x_wconf 90' lang='lat' dir='ltr'>quo</span> <span class='ocrx_word' id='word_1_241' title='bbox 407 2460 581 2493; x_wconf 83' lang='lat' dir='ltr'>concilium</span> <span class='ocrx_word' id='word_1_242' title='bbox 596 2461 793 2494; x_wconf 86' lang='lat' dir='ltr'>celebratum</span> <span class='ocrx_word' id='word_1_243' title='bbox 806 2463 871 2502; x_wconf 83' lang='lat' dir='ltr'>est,</span> <span class='ocrx_word' id='word_1_244' title='bbox 885 2462 933 2494; x_wconf 88' lang='lat' dir='ltr'>uti</span> <span class='ocrx_word' id='word_1_245' title='bbox 947 2462 1149 2495; x_wconf 79' lang='lat' dir='ltr'>essentialem</span> <span class='ocrx_word' id='word_1_246' title='bbox 1163 2465 1365 2496; x_wconf 85' lang='lat' dir='ltr'>sacramento</span> <span class='ocrx_word' id='word_1_247' title='bbox 1380 2464 1579 2497; x_wconf 84' lang='lat' dir='ltr'>matrimonii</span> 
     </span>
     <span class='ocr_line' id='line_1_31' title="bbox 110 2511 1580 2558; baseline 0.004 -14"><span class='ocrx_word' id='word_1_248' title='bbox 110 2511 280 2545; x_wconf 82' lang='lat' dir='ltr'>decernere</span> <span class='ocrx_word' id='word_1_249' title='bbox 291 2512 547 2546; x_wconf 84' lang='lat' dir='ltr'>benedictionem</span> <span class='ocrx_word' id='word_1_250' title='bbox 557 2514 789 2547; x_wconf 85' lang='lat' dir='ltr'>sacerdotalem</span> <span class='ocrx_word' id='word_1_251' title='bbox 799 2514 964 2547; x_wconf 85' lang='lat' dir='ltr'>evidenter</span> <span class='ocrx_word' id='word_1_252' title='bbox 974 2517 1100 2549; x_wconf 82' lang='lat' dir='ltr'>constat</span> <span class='ocrx_word' id='word_1_253' title='bbox 1110 2525 1147 2548; x_wconf 88' lang='lat' dir='ltr'>ex</span> <span class='ocrx_word' id='word_1_254' title='bbox 1159 2517 1335 2558; x_wconf 82' lang='lat' dir='ltr'>appendice</span> <span class='ocrx_word' id='word_1_255' title='bbox 1344 2516 1493 2550; x_wconf 84' lang='lat' dir='ltr'>eiusdem</span> <span class='ocrx_word' id='word_1_256' title='bbox 1505 2526 1580 2550; x_wconf 87' lang='lat' dir='ltr'>con·</span> 
     </span>
     <span class='ocr_line' id='line_1_32' title="bbox 108 2564 1579 2612; baseline 0.004 -16"><span class='ocrx_word' id='word_1_257' title='bbox 108 2564 174 2596; x_wconf 80' lang='lat' dir='ltr'>ciiii</span> <span class='ocrx_word' id='word_1_258' title='bbox 184 2567 267 2606; x_wconf 84' lang='lat' dir='ltr'>part.</span> <span class='ocrx_word' id='word_1_259' title='bbox 275 2568 331 2598; x_wconf 81' lang='lat' dir='ltr'>vl.</span> <span class='ocrx_word' id='word_1_260' title='bbox 338 2575 410 2608; x_wconf 81' lang='lat' dir='ltr'>cap.</span> <span class='ocrx_word' id='word_1_261' title='bbox 418 2571 447 2599; x_wconf 81' lang='lat'>8.</span> <span class='ocrx_word' id='word_1_262' title='bbox 457 2567 512 2599; x_wconf 91' lang='lat' dir='ltr'>ubi</span> <span class='ocrx_word' id='word_1_263' title='bbox 521 2567 691 2600; x_wconf 84' lang='lat' dir='ltr'>exhibetur</span> <span class='ocrx_word' id='word_1_264' title='bbox 698 2567 823 2601; x_wconf 88' lang='lat' dir='ltr'>laudati</span> <span class='ocrx_word' id='word_1_265' title='bbox 835 2568 996 2610; x_wconf 85' lang='lat' dir='ltr'>pontificis</span> <span class='ocrx_word' id='word_1_266' title='bbox 1005 2570 1196 2610; x_wconf 83' lang='lat' dir='ltr'>rescriptum</span> <span class='ocrx_word' id='word_1_267' title='bbox 1205 2570 1256 2602; x_wconf 83' lang='lat' dir='ltr'>his</span> <span class='ocrx_word' id='word_1_268' title='bbox 1265 2569 1371 2602; x_wconf 83' lang='lat' dir='ltr'>verbis</span> <span class='ocrx_word' id='word_1_269' title='bbox 1379 2579 1579 2612; x_wconf 81' lang='lat' dir='ltr'>expressum:</span> 
     </span>
     <span class='ocr_line' id='line_1_33' title="bbox 113 2617 1580 2663; baseline 0.005 -15"><span class='ocrx_word' id='word_1_270' title='bbox 113 2629 130 2644; x_wconf 85' lang='lat'>«</span> <span class='ocrx_word' id='word_1_271' title='bbox 145 2617 246 2658; x_wconf 86' lang='lat' dir='ltr'>Super</span> <span class='ocrx_word' id='word_1_272' title='bbox 262 2619 323 2650; x_wconf 84' lang='lat' dir='ltr'>hoc</span> <span class='ocrx_word' id='word_1_273' title='bbox 337 2619 540 2660; x_wconf 82' lang='lat' dir='ltr'>inquisitioni</span> <span class='ocrx_word' id='word_1_274' title='bbox 560 2622 634 2653; x_wconf 84' lang='lat' dir='ltr'>tuae</span> <span class='ocrx_word' id='word_1_275' title='bbox 657 2621 767 2654; x_wconf 83' lang='lat' dir='ltr'>taliter</span> <span class='ocrx_word' id='word_1_276' title='bbox 786 2621 1033 2663; x_wconf 82' lang='lat' dir='ltr'>respondemus;</span> <span class='ocrx_word' id='word_1_277' title='bbox 1049 2622 1138 2663; x_wconf 88' lang='lat' dir='ltr'>quod</span> <span class='ocrx_word' id='word_1_278' title='bbox 1154 2622 1182 2654; x_wconf 90' lang='lat' dir='ltr'>si</span> <span class='ocrx_word' id='word_1_279' title='bbox 1198 2623 1360 2663; x_wconf 83' lang='lat' dir='ltr'>legitimus</span> <span class='ocrx_word' id='word_1_280' title='bbox 1374 2631 1548 2657; x_wconf 76' lang='lat' dir='ltr'>consensus</span> <span class='ocrx_word' id='word_1_281' title='bbox 1560 2632 1580 2656; x_wconf 86' lang='lat' dir='ltr'>a</span> 
     </span>
     <span class='ocr_line' id='line_1_34' title="bbox 110 2669 1580 2716; baseline 0.005 -15"><span class='ocrx_word' id='word_1_282' title='bbox 110 2669 212 2708; x_wconf 81' lang='lat' dir='ltr'>(sorte</span> <span class='ocrx_word' id='word_1_283' title='bbox 220 2671 283 2711; x_wconf 85' lang='lat' dir='ltr'>ea)</span> <span class='ocrx_word' id='word_1_284' title='bbox 297 2672 515 2714; x_wconf 79' lang='lat' dir='ltr'>solemnitate,</span> <span class='ocrx_word' id='word_1_285' title='bbox 529 2683 595 2715; x_wconf 86' lang='lat' dir='ltr'>qua</span> <span class='ocrx_word' id='word_1_286' title='bbox 609 2674 679 2707; x_wconf 84' lang='lat' dir='ltr'>fieri</span> <span class='ocrx_word' id='word_1_287' title='bbox 692 2675 792 2715; x_wconf 83' lang='lat' dir='ltr'>solet,</span> <span class='ocrx_word' id='word_1_288' title='bbox 814 2676 980 2716; x_wconf 83' lang='lat' dir='ltr'>praesente</span> <span class='ocrx_word' id='word_1_289' title='bbox 997 2675 1180 2716; x_wconf 83' lang='lat' dir='ltr'>sacerdote,</span> <span class='ocrx_word' id='word_1_290' title='bbox 1197 2677 1262 2708; x_wconf 75' lang='lat' dir='ltr'>aut</span> <span class='ocrx_word' id='word_1_291' title='bbox 1276 2677 1383 2709; x_wconf 72' lang='lat' dir='ltr'>etiam</span> <span class='ocrx_word' id='word_1_292' title='bbox 1397 2678 1471 2709; x_wconf 75' lang='lat' dir='ltr'>eius</span> <span class='ocrx_word' id='word_1_293' title='bbox 1484 2678 1580 2710; x_wconf 74' lang='lat' dir='ltr'>nota·</span> 
     </span>
     <span class='ocr_line' id='line_1_35' title="bbox 112 2722 1580 2767; baseline 0.006 -15"><span class='ocrx_word' id='word_1_294' title='bbox 112 2722 176 2759; x_wconf 74' lang='lat' dir='ltr'>rio,</span> <span class='ocrx_word' id='word_1_295' title='bbox 184 2722 268 2754; x_wconf 83' lang='lat' dir='ltr'>sicut</span> <span class='ocrx_word' id='word_1_296' title='bbox 280 2723 377 2756; x_wconf 85' lang='lat' dir='ltr'>etiam</span> <span class='ocrx_word' id='word_1_297' title='bbox 392 2725 426 2756; x_wconf 91' lang='lat' dir='ltr'>in</span> <span class='ocrx_word' id='word_1_298' title='bbox 438 2725 632 2766; x_wconf 82' lang='lat' dir='ltr'>quibusdam</span> <span class='ocrx_word' id='word_1_299' title='bbox 647 2726 727 2759; x_wconf 86' lang='lat' dir='ltr'>locis</span> <span class='ocrx_word' id='word_1_300' title='bbox 741 2727 846 2759; x_wconf 84' lang='lat' dir='ltr'>adhuc</span> <span class='ocrx_word' id='word_1_301' title='bbox 859 2727 1064 2767; x_wconf 82' lang='lat' dir='ltr'>observatur,</span> <span class='ocrx_word' id='word_1_302' title='bbox 1076 2735 1187 2759; x_wconf 83' lang='lat' dir='ltr'>coram</span> <span class='ocrx_word' id='word_1_303' title='bbox 1200 2727 1324 2761; x_wconf 82' lang='lat' dir='ltr'>idoneis</span> <span class='ocrx_word' id='word_1_304' title='bbox 1337 2728 1472 2762; x_wconf 77' lang='lat' dir='ltr'>testibus</span> <span class='ocrx_word' id='word_1_305' title='bbox 1483 2729 1580 2762; x_wconf 87' lang='lat' dir='ltr'>inter-</span> 
     </span>
     <span class='ocr_line' id='line_1_36' title="bbox 113 2774 1581 2824; baseline 0.007 -20"><span class='ocrx_word' id='word_1_306' title='bbox 113 2774 220 2806; x_wconf 84' lang='lat' dir='ltr'>veniat</span> <span class='ocrx_word' id='word_1_307' title='bbox 233 2774 273 2807; x_wconf 87' lang='lat' dir='ltr'>de</span> <span class='ocrx_word' id='word_1_308' title='bbox 289 2778 463 2817; x_wconf 81' lang='lat' dir='ltr'>praesenti,</span> <span class='ocrx_word' id='word_1_309' title='bbox 480 2778 525 2810; x_wconf 89' lang='lat' dir='ltr'>ita</span> <span class='ocrx_word' id='word_1_310' title='bbox 541 2779 630 2819; x_wconf 89' lang='lat' dir='ltr'>quod</span> <span class='ocrx_word' id='word_1_311' title='bbox 646 2787 730 2811; x_wconf 88' lang='lat' dir='ltr'>unus</span> <span class='ocrx_word' id='word_1_312' title='bbox 745 2779 846 2811; x_wconf 84' lang='lat' dir='ltr'>alium</span> <span class='ocrx_word' id='word_1_313' title='bbox 860 2780 894 2811; x_wconf 90' lang='lat' dir='ltr'>in</span> <span class='ocrx_word' id='word_1_314' title='bbox 906 2788 998 2812; x_wconf 83' lang='lat' dir='ltr'>suam</span> <span class='ocrx_word' id='word_1_315' title='bbox 1011 2781 1293 2814; x_wconf 74' lang='lat' dir='ltr'>mutuoconsensn</span> <span class='ocrx_word' id='word_1_316' title='bbox 1303 2780 1411 2814; x_wconf 84' lang='lat' dir='ltr'>verbis</span> <span class='ocrx_word' id='word_1_317' title='bbox 1422 2783 1581 2824; x_wconf 74' lang='lat' dir='ltr'>expressis</span> 
     </span>
     <span class='ocr_line' id='line_1_37' title="bbox 113 2826 1582 2873; baseline 0.007 -16"><span class='ocrx_word' id='word_1_318' title='bbox 113 2826 260 2866; x_wconf 70' lang='lat' dir='ltr'>recipiat,</span> <span class='ocrx_word' id='word_1_319' title='bbox 276 2827 439 2868; x_wconf 82' lang='lat' dir='ltr'>utrimque</span> <span class='ocrx_word' id='word_1_320' title='bbox 451 2828 604 2862; x_wconf 78' lang='lat' dir='ltr'>dicendo:</span> <span class='ocrx_word' id='word_1_321' title='bbox 622 2832 694 2870; x_wconf 75' lang='lat' dir='ltr'>Eyo</span> <span class='ocrx_word' id='word_1_322' title='bbox 707 2832 739 2863; x_wconf 81' lang='lat' dir='ltr'>te</span> <span class='ocrx_word' id='word_1_323' title='bbox 753 2833 879 2873; x_wconf 74' lang='lat' dir='ltr'>recipio</span> <span class='ocrx_word' id='word_1_324' title='bbox 893 2833 929 2864; x_wconf 76' lang='lat' dir='ltr'>in</span> <span class='ocrx_word' id='word_1_325' title='bbox 946 2840 1069 2871; x_wconf 83' lang='lat' dir='ltr'>meam,</span> <span class='ocrx_word' id='word_1_326' title='bbox 1087 2834 1121 2865; x_wconf 81' lang='lat' dir='ltr'>et</span> <span class='ocrx_word' id='word_1_327' title='bbox 1134 2841 1194 2873; x_wconf 74' lang='lat' dir='ltr'>eqo</span> <span class='ocrx_word' id='word_1_328' title='bbox 1206 2835 1239 2866; x_wconf 74' lang='lat' dir='ltr'>te</span> <span class='ocrx_word' id='word_1_329' title='bbox 1253 2835 1429 2871; x_wconf 68' lang='lat' dir='ltr'>recinium</span> <span class='ocrx_word' id='word_1_330' title='bbox 1442 2843 1557 2868; x_wconf 78' lang='lat' dir='ltr'>meum</span> <span class='ocrx_word' id='word_1_331' title='bbox 1569 2846 1582 2873; x_wconf 87' lang='lat'>,-</span> 
     </span>
    </p>
   </div>
  </div>
 </body>
</html>
