1918 3186
348 190 435 236 128
598 206 677 237 ma.
707 204 737 236 1.
765 202 878 235 secr..
907 203 936 235 1.
966 203 1018 235 ns
1052 204 1224 238 mrum.
1254 204 1533 238 sscmuanro.

347 292 436 338 tur,
464 291 507 328 et
527 297 670 344 neque
704 291 1030 328 sacramentum
1062 292 1179 329 erat:
1217 281 1335 329 unde
1369 283 1445 346 qui
1480 282 1542 329 ita
1574 283 1804 333 c‘ohabita—

344 368 440 404 rent
472 355 691 404 fornicarii
724 366 898 413 essent,
936 374 989 404 eo
1020 357 1140 422 quod
1173 357 1440 405 matrimonii
1475 370 1802 407 sacramentum

343 450 396 479 ex
427 432 591 480 Christi
624 431 847 479 voluntate
876 432 995 480 inter
1027 432 1294 481 christianos
1339 447 1552 498 sequatur
1592 434 1804 484 rationem

341 519 610 556 contractus.

441 585 484 630 4.
522 584 587 631 De
606 583 692 632 illis
710 601 840 648 porro
857 584 1138 647 coniugibus,
1160 584 1238 649 qui
1256 602 1310 632 ex
1327 584 1587 633 infidelitate
1603 586 1803 634 conversi

341 658 398 705 ad
423 658 554 706 fidem
577 659 864 707 christianam
897 659 1168 723 baptismum
1202 660 1455 724 suscipiunt
1486 661 1664 709 diversa
1686 662 1804 725 viget

342 733 458 781 inter
479 733 707 797 theologos
734 734 977 790 sententia;
1005 744 1110 781 sunt
1131 733 1272 791 enim,
1299 735 1375 799 qui
1403 747 1586 783 censent
1606 753 1659 795 ex
1681 753 1803 784 mero

341 818 565 856 contractu
582 809 639 856 ad
657 818 819 856 statum
844 808 1111 855 sacramenti
1136 807 1312 856 illorum
1335 809 1593 873 coniugium
1617 811 1805 859 transire

342 884 387 930 in
421 884 520 948 ipsa
552 883 759 949 baptismi
804 883 1084 948 susceptione
1118 883 1175 931 ob
1210 883 1469 948 implicitam
1505 885 1686 942 saltem,
1723 902 1804 934 seu

341 960 516 1011 tacitam
550 977 702 1008 eorum
733 959 1002 1007 voluntatem
1041 960 1159 1021 (40).
1193 958 1279 1006 Alii
1312 976 1417 1008 vero
1456 960 1725 1009 arbitrantur
1758 961 1802 1008 id

342 1035 435 1083 fieri
469 1053 549 1100 per
580 1035 933 1084 ratihabitionem
954 1073 964 1092 ,
1009 1053 1142 1101 quam
1185 1047 1366 1093 vocant,
1405 1037 1573 1101 proprii
1607 1038 1800 1101 coniugii

342 1111 387 1157 in
410 1110 522 1158 sacie
545 1110 773 1159 ecclesiae.
804 1110 941 1159 Nobis
966 1110 1086 1175 prior
1118 1111 1335 1159 sententia
1368 1111 1509 1174 magis
1542 1112 1726 1169 arridet,
1749 1130 1802 1161 eo

340 1186 459 1251 quod
482 1203 624 1251 neque
645 1186 825 1251 ubique,
848 1203 992 1251 neque
1014 1204 1189 1251 semper
1211 1187 1430 1235 eiusmodi
1449 1187 1703 1236 ratihabitio
1721 1205 1801 1236 seu

340 1279 586 1310 consensus
603 1262 825 1310 renovatio
842 1271 1038 1310 servetur
1051 1299 1061 1319 ‚
1083 1261 1171 1310 imo
1191 1261 1412 1311 interdum
1430 1262 1560 1311 iustis
1578 1263 1636 1312 de
1651 1263 1802 1312 causis

339 1338 625 1386 interdicatur
644 1338 760 1400 (41).

436 1415 480 1460 5.
518 1413 684 1462 Eadem
707 1413 797 1461 fere
819 1412 1075 1478 opinionum
1098 1413 1398 1478 discrepantia
1420 1414 1539 1478 viget
1559 1414 1708 1479 quoad
1724 1432 1802 1464 eos

340 1489 574 1553 coniuges,
613 1507 801 1554 quorum
832 1489 941 1537 alter
965 1489 1022 1536 ad
1045 1488 1332 1537 christianam
1356 1490 1489 1537 fidem
1512 1490 1797 1548 convertitur,

336 1566 444 1613 dum
485 1565 596 1613 alter
636 1564 791 1614 saltem
834 1565 891 1614 ad
933 1575 1106 1630 tempus
1133 1565 1187 1612 in
1221 1583 1304 1613 sua
1336 1576 1486 1614 manet
1519 1566 1795 1615 infidelitate.

338 1642 545 1690 Nonnulli
578 1642 696 1690 enim
729 1642 982 1690 existimant
1023 1641 1218 1690 nondum
1258 1641 1412 1689 haberi
1453 1653 1796 1700 sacramentum,

337 1717 551 1782 quamdiu
583 1717 788 1766 alteruter
815 1716 976 1766 coniux
1003 1716 1198 1764 infidelis
1221 1726 1313 1774 est,
1341 1715 1449 1782 quia
1478 1727 1800 1765 sacramentum

337 1803 406 1840 est
427 1792 726 1850 individuum3
754 1803 886 1858 atque
918 1791 1003 1840 hoc
1035 1792 1081 1840 in
1114 1809 1225 1840 casu
1257 1809 1486 1840 versamur
1507 1802 1631 1840 extra
1654 1791 1799 1857 hypo-

337 1867 498 1917 thesim
542 1868 597 1917 de
641 1868 845 1932 coniugio
896 1867 1092 1917 fidelium
1135 1867 1192 1915 ad
1235 1866 1499 1915 sacramenti
1539 1866 1797 1930 dignitatem

336 1955 501 1994 evecto.
523 1944 609 1992 Alii
633 1944 901 1993 contendunt
922 1961 1055 2009 posse
1079 1943 1233 1991 haberi
1257 1953 1586 1991 sacramentum
1604 1959 1657 1990 ex
1673 1954 1799 2007 parte

337 2020 480 2079 illius,
517 2022 594 2087 qui
627 2022 684 2070 ad
716 2021 848 2070 fidem
881 2021 1167 2070 convertitur.
1195 2019 1282 2067 Alii
1306 2020 1484 2068 demum
1519 2029 1623 2067 tunc
1654 2018 1797 2068 solum

428 2174 495 2215 (40)
516 2174 566 2207 Cf.
582 2174 724 2208 Sanchez
737 2177 788 2208 De
799 2177 952 2208 matrim.
965 2175 1022 2207 lib.
1034 2175 1076 2207 11.
1092 2174 1174 2216 disp.
1186 2177 1227 2207 x.
1242 2182 1275 2206 ιι.
1292 2178 1322 2207 5.
1334 2182 1409 2206 cum
1426 2173 1511 2207 aliis.

429 2227 495 2268 (41)
512 2229 550 2259 1η
572 2227 737 2260 nonnuliis
763 2227 964 2261 dioecesibus
988 2227 1041 2260 hic
1069 2236 1139 2260 mos
1165 2226 1327 2259 introduci
1354 2226 1476 2268 caepit,
1493 2226 1531 2259 ut
1549 2225 1700 2267 coniuges
1722 2228 1796 2268 post

333 2279 517 2319 susceptum
535 2278 729 2320 baptismum
745 2281 898 2312 renovent
911 2288 1101 2313 eonsensum
1115 2288 1210 2312 suum
1225 2288 1334 2312 eoram
1347 2278 1530 2318 sacerdote,
1545 2286 1658 2311 verum
1674 2278 1793 2319 passim

335 2340 401 2363 non
416 2331 452 2364 fit
467 2332 500 2363 in
515 2332 675 2373 plerisque
684 2332 763 2365 locis
773 2357 783 2374 ,
797 2334 830 2365 et
841 2333 974 2374 merit03
990 2341 1065 2365 nam
1080 2342 1120 2365 ex
1133 2331 1351 2365 declaratione
1366 2331 1542 2364 Innocentii
1558 2332 1584 2362 1.
1593 2330 1795 2372 aliorumque

332 2382 520 2424 pontificum
535 2393 591 2425 per
605 2383 798 2425 baptismum
814 2385 1023 2417 remittuntur
1036 2385 1165 2426 peccata
1174 2408 1183 2425 ,
1200 2392 1265 2416 non
1279 2383 1450 2416 solvuntur
1464 2382 1612 2423 coniugia
1621 2407 1631 2423 ,
1649 2382 1796 2423 adeoque

334 2435 414 2467 haec
431 2436 644 2476 perseverant.
661 2435 807 2467 lnduunt
826 2437 932 2468 antem
952 2435 1142 2468 sacramenti
1161 2435 1349 2476 dignitatem
1363 2443 1401 2467 ex
1416 2443 1571 2467 consensu
1588 2433 1657 2467 sive
1669 2434 1793 2475 verbis,

331 2487 400 2519 sive
417 2487 567 2528 nutibus,
580 2490 650 2520 sive
661 2487 759 2520 etiam
773 2487 842 2529 ipso
854 2487 995 2528 coniugii
1010 2496 1082 2520 usu.
1098 2489 1222 2519 Horum
1235 2487 1389 2528 placitum
1404 2486 1505 2527 magis
1517 2485 1611 2518 nobis
1627 2485 1793 2527 probatur.

332 2540 426 2577 Quod
449 2549 526 2572 vero
544 2541 659 2573 attinet
670 2540 710 2572 ad
725 2540 879 2581 placitum
893 2540 1021 2572 iliorum
1037 2540 1277 2581 theologorum,
1291 2538 1349 2580 qui
1364 2540 1534 2571 autumant
1551 2539 1792 2571 matrimonium

333 2594 430 2626 semel
458 2595 519 2627 rite
550 2593 666 2626 initum
693 2593 727 2625 in
755 2593 880 2626 ratione
908 2593 1092 2625 contractus
1117 2600 1293 2633 numquam
1320 2591 1362 2623 ad
1389 2591 1578 2632 dignitatem
1603 2593 1794 2624 sacramenti

331 2647 423 2679 evehi
451 2656 544 2688 posse
559 2672 568 2688 ‚
600 2647 648 2679 uti
673 2648 837 2688 vasquez,
862 2645 1014 2686 Pontius,
1039 2645 1217 2686 Tournely,
1233 2645 1356 2683 (louet,
1375 2645 1529 2685 Biiluart,
1554 2644 1793 2685 Lagedaemon,

332 2698 413 2731 mihi
427 2699 578 2732 videntur
595 2700 732 2732 infirmis
747 2699 808 2732 niti
823 2698 1057 2739 fundamentis,
1078 2698 1127 2730 uti
1149 2706 1224 2730 cum
1246 2697 1461 2730 communiori
1486 2696 1634 2729 doctrina
1656 2697 1795 2730 ostendit

331 2752 473 2784 Sanchez
490 2752 547 2784 lib.
570 2755 610 2785 Π.
634 2755 684 2786 De
707 2754 814 2785 matr.
838 2751 925 2793 disp.
954 2754 1009 2784 lx.
1034 2751 1086 2784 Gi.
1109 2750 1272 2784 Benedict.
1293 2752 1378 2783 xlv.
1407 2753 1457 2783 De
1482 2750 1609 2792 synodo
1632 2750 1688 2784 lib.
1704 2751 1792 2783 vui.

329 2814 401 2846 cap.
419 2806 507 2838 Xlll.
526 2814 557 2837 n.
575 2810 603 2838 8.
621 2808 740 2839 Verum
754 2805 795 2839 de
811 2806 872 2838 hoc
888 2806 921 2837 in
937 2805 993 2837 lib.
1008 2806 1049 2837 u.
1067 2813 1105 2837 ex
1123 2804 1266 2845 professo
1284 2803 1439 2837 dicemus.
