1912 3180
318 229 408 260 cir.
432 228 477 260 11.
501 229 553 260 ni:
586 228 710 261 iim.
740 229 823 260 eiv.
847 229 958 261 ome.
984 228 1032 261 m·
1058 229 1205 261 rixosa.
1230 229 1321 260 uir.
1350 229 1379 260 1.
1518 214 1607 258 257

235 306 329 354 Hac
364 307 534 353 ratione
567 306 757 354 ecclesia
790 306 1013 354 alliciebat
1047 307 1201 354 fideles
1236 323 1341 354 suos
1367 316 1415 353 ut
1444 305 1613 353 lubenti

138 383 288 430 animo
331 382 580 430 uberiorem
622 382 738 428 hanc
777 382 1171 430 sanctificationem
1212 394 1255 430 et
1294 383 1479 446 gratiam
1526 381 1612 429 sibi

138 467 467 522 compararent,
501 467 634 520 atque
658 456 742 503 hoc
765 457 896 503 modo
919 457 1018 521 ipsa
1034 459 1194 506 certior
1222 458 1357 506 fiebat
1383 458 1440 505 de
1466 457 1614 521 legiti-

140 533 247 589 mis,
270 550 385 597 quae
401 532 786 587 contrahebantur,
810 532 993 596 nuptiis.
1023 533 1307 582 Conditiones
1333 535 1517 598 insuper
1539 551 1614 598 ap-

140 609 289 674 posuit
312 609 367 655 ad
393 607 587 670 legitime
617 609 795 672 nuptias
826 609 1072 665 ineundas,
1097 611 1261 673 quibus
1290 629 1378 658 non
1407 610 1611 667 servatis,

139 695 216 731 aut
248 684 444 740 illicitae,
484 694 560 731 aut
599 684 748 731 irritae
788 685 919 731 etiam
954 701 1006 731 ac
1040 684 1207 732 nullius
1240 687 1419 750 penitus
1450 686 1616 734 valoris

140 760 450 816 redderentur,
482 760 542 807 ita
564 771 612 807 ut
637 760 834 824 separari
854 760 910 807 ab
928 760 1116 807 invicem
1144 760 1376 817 deberent,
1399 762 1495 825 qui,
1524 761 1616 808 illis

141 835 472 883 conditionibus
502 835 795 900 posthabitis,
824 836 1004 900 nuptias
1028 836 1369 883 contraxissent.
1400 836 1520 884 Talis
1547 848 1616 883 est

140 913 265 975 origo
299 929 450 960 eorum
474 950 484 968 ,
523 929 638 977 quae
678 930 760 959 nos
803 929 1011 960 vocamus
1053 912 1371 977 impedimenta
1406 913 1616 960 ecclesia-

141 989 253 1036 stica
287 988 576 1053 impedientia
609 998 685 1035 aut
717 988 988 1036 dirimentia.

234 1065 301 1110 Ad
326 1062 514 1129 primam
540 1064 881 1128 impedientium
907 1064 1325 1128 impedimentorum
1349 1064 1540 1112 classem
1570 1065 1616 1110 in

141 1141 405 1205 antiquitate
432 1150 603 1205 spectat
626 1140 725 1194 illa,
754 1158 888 1205 quam
913 1158 994 1188 nos
1014 1141 1231 1198 dicimus,
1253 1141 1589 1189 clandestinitas
1604 1179 1614 1196 ,

143 1235 232 1283 qua
266 1217 420 1264 fideles
456 1218 572 1264 inter
605 1234 681 1272 se,
719 1218 827 1282 quin
854 1235 902 1264 se
926 1217 1144 1265 sacerdoti
1181 1217 1404 1274 sisterent,
1444 1228 1619 1265 contra-

144 1293 312 1341 hebant
342 1293 621 1356 coniugium,
656 1304 698 1340 et
731 1293 912 1358 quidem
948 1293 1169 1341 interdum
1204 1294 1385 1341 omnino
1418 1293 1610 1349 occulte,

147 1370 270 1418 nullo
311 1370 482 1417 adscito
528 1381 653 1417 teste.
699 1370 931 1416 Eiusmodi
979 1369 1203 1416 connubia
1246 1370 1329 1417 etsi
1369 1380 1621 1417 constanter

144 1457 370 1511 tamquam
395 1446 657 1509 irregularia
679 1463 731 1493 ac
755 1462 843 1492 non
868 1445 1024 1509 paucis
1046 1445 1237 1493 obnoxia
1255 1463 1336 1493 nec
1358 1445 1531 1493 levibus
1556 1446 1620 1492 in-

143 1522 388 1570 commodis
430 1522 619 1569 ecclesia
653 1521 968 1585 improbaverit
1002 1538 1054 1568 ac
1088 1522 1305 1569 detestata
1331 1522 1484 1578 fuerit,
1525 1532 1619 1569 rata

144 1610 291 1646 tamen
313 1636 324 1655 ,
367 1599 610 1646 universim
646 1598 828 1654 saltem,
868 1615 919 1645 ac
955 1608 1178 1662 tamquam
1212 1615 1317 1645 vera
1351 1598 1508 1645 habuit
1547 1615 1621 1645 sa-

142 1686 389 1730 cramenta,
433 1675 574 1722 donec
608 1674 653 1720 in
687 1673 875 1721 concilio
909 1674 1151 1721 tridentino
1190 1692 1243 1721 ea
1280 1674 1403 1721 irrita
1437 1675 1619 1722 omnino

145 1750 357 1799 decrevit.

243 1827 424 1874 Interim
459 1844 511 1873 ex
546 1826 618 1873 his
653 1827 859 1873 novimus
887 1826 1120 1874 ecclesiam
1156 1827 1201 1873 in
1236 1837 1326 1874 tota
1359 1826 1621 1890 antiquitate

147 1919 392 1966 numquam
427 1911 654 1966 spectasse
677 1901 1020 1949 christianorum
1044 1903 1251 1966 coniugia
1280 1912 1503 1966 tamquam
1529 1918 1622 1948 me-

148 1994 221 2024 ros
256 1987 506 2024 contractus
540 1977 716 2034 civiles,
749 1978 843 2024 sive
876 1995 1024 2025 coram
1052 1995 1099 2024 se
1125 1978 1220 2025 sive
1253 1977 1420 2025 occulte
1455 1977 1621 2023 iniren-

148 2063 242 2108 tur;
275 2052 410 2099 immo
442 2069 547 2099 vero
581 2053 784 2099 novimus
819 2070 872 2099 ea
906 2053 1065 2115 iugiter
1093 2053 1307 2100 habuisse
1341 2063 1388 2099 ut
1422 2069 1513 2098 rem
1549 2068 1621 2098 sa-

148 2144 266 2174 cram
283 2165 293 2183 ,
323 2128 691 2191 praeseferentem
715 2128 879 2175 Christi
905 2145 1003 2175 cum
1029 2128 1217 2175 ecclesia
1239 2127 1617 2183 coniunctionem,

149 2213 282 2268 atque
324 2204 713 2251 indiscriminatim
755 2204 961 2251 omnibus
1005 2222 1087 2251 sua
1125 2204 1392 2268 apposuisse
1435 2202 1622 2267 impedi—

151 2290 315 2326 menta.

244 2356 443 2404 Potestas
467 2374 571 2404 vero
595 2356 740 2403 civilis
765 2357 859 2403 sive
887 2356 1131 2420 imperialis
1162 2358 1257 2404 sive
1284 2357 1420 2419 regia,
1452 2373 1505 2402 ex
1534 2373 1622 2420 quo

149 2432 195 2477 in
230 2431 519 2479 christianam
556 2432 787 2479 immutata
817 2442 908 2488 est,
941 2432 1246 2495 coniugiorum
1275 2431 1622 2478 moderationem

149 2507 363 2555 ecclesiae
396 2507 595 2563 dimisit,
634 2519 677 2555 et
710 2509 748 2555 si
784 2525 897 2573 quas
938 2508 1178 2572 aliquando
1212 2507 1332 2570 leges
1368 2506 1467 2553 tulit
1505 2507 1624 2553 circa

149 2585 478 2632 matrimonium
514 2585 711 2631 fidelium
729 2623 738 2641 ,
768 2596 815 2632 ut
839 2602 919 2632 suo
944 2586 991 2631 in
1014 2584 1111 2631 loco
1134 2583 1407 2639 videbimus,
1437 2599 1515 2630 eae
1548 2593 1624 2629 aut

153 2675 240 2706 non
275 2660 550 2724 attingebant
583 2660 809 2708 vinculum
838 2662 984 2725 ipsum
1001 2698 1011 2716 ,
1043 2670 1118 2706 aut
1146 2677 1247 2706 cum
1277 2659 1492 2706 ecclesiae
1525 2675 1624 2707 con-

154 2752 288 2783 sensu
333 2737 726 2800 promulgabantur
759 2755 785 2784 a
819 2736 1097 2801 principibus
1138 2736 1396 2783 christianis
1426 2773 1436 2792 ,
1474 2747 1550 2783 aut
1583 2736 1622 2782 si

155 2811 331 2858 demum
366 2813 578 2861 ecclesiae
611 2813 785 2875 legibus
810 2812 1170 2867 adversarentur,
1199 2811 1319 2858 nulla
1342 2829 1489 2859 earum
1516 2812 1625 2858 ratio

1516 2911 1555 2941 17
