<?xml version="1.0" encoding="UTF-8"?>
<!DOCTYPE html PUBLIC "-//W3C//DTD XHTML 1.0 Transitional//EN"
    "http://www.w3.org/TR/xhtml1/DTD/xhtml1-transitional.dtd">
<html xmlns="http://www.w3.org/1999/xhtml" xml:lang="en" lang="en">
 <head>
  <title>
</title>
<meta http-equiv="Content-Type" content="text/html;charset=utf-8" />
  <meta name='ocr-system' content='tesseract 3.04.00' />
  <meta name='ocr-capabilities' content='ocr_page ocr_carea ocr_par ocr_line ocrx_word'/>
</head>
<body>
  <div class='ocr_page' id='page_1' title='image "a603380701perruoft_0429.png"; bbox 0 0 1912 3180; ppageno 0'>
   <div class='ocr_carea' id='block_1_1' title="bbox 269 174 1607 220">
    <p class='ocr_par' dir='ltr' id='par_1_1' title="bbox 269 174 1607 220">
     <span class='ocr_line' id='line_1_1' title="bbox 269 174 1607 220; baseline 0 -1"><span class='ocrx_word' id='word_1_1' title='bbox 269 189 359 219; x_wconf 76' lang='lat' dir='ltr'>GAP.</span> <span class='ocrx_word' id='word_1_2' title='bbox 376 188 433 218; x_wconf 90' lang='lat' dir='ltr'>1v.</span> <span class='ocrx_word' id='word_1_3' title='bbox 453 188 520 218; x_wconf 78' lang='lat' dir='ltr'>DE.</span> <span class='ocrx_word' id='word_1_4' title='bbox 544 188 699 219; x_wconf 70' lang='lat' dir='ltr'>Antium.</span> <span class='ocrx_word' id='word_1_5' title='bbox 717 188 793 219; x_wconf 79' lang='lat' dir='ltr'>PRO</span> <span class='ocrx_word' id='word_1_6' title='bbox 813 188 916 219; x_wconf 70' lang='lat' dir='ltr'><strong>LEGE</strong></span> <span class='ocrx_word' id='word_1_7' title='bbox 934 188 986 219; x_wconf 79' lang='lat' dir='ltr'>m:</span> <span class='ocrx_word' id='word_1_8' title='bbox 1006 188 1130 220; x_wconf 69' lang='lat' dir='ltr'>uun.</span> <span class='ocrx_word' id='word_1_9' title='bbox 1148 187 1230 219; x_wconf 85' lang='lat' dir='ltr'>CIV.</span> <span class='ocrx_word' id='word_1_10' title='bbox 1249 187 1342 219; x_wconf 69' lang='lat' dir='ltr'>Am.</span> <span class='ocrx_word' id='word_1_11' title='bbox 1359 188 1420 219; x_wconf 84' lang='lat'>111.</span> <span class='ocrx_word' id='word_1_12' title='bbox 1520 174 1607 219; x_wconf 60' lang='lat'>407</span> 
     </span>
    </p>
   </div>
   <div class='ocr_carea' id='block_1_2' title="bbox 142 264 1612 482">
    <p class='ocr_par' dir='ltr' id='par_1_2' title="bbox 142 264 1612 482">
     <span class='ocr_line' id='line_1_2' title="bbox 143 264 1612 330; baseline 0.001 -18"><span class='ocrx_word' id='word_1_13' title='bbox 143 265 325 330; x_wconf 91' lang='lat' dir='ltr'>quidem</span> <span class='ocrx_word' id='word_1_14' title='bbox 359 264 457 321; x_wconf 89' lang='lat' dir='ltr'>fuit,</span> <span class='ocrx_word' id='word_1_15' title='bbox 488 275 535 312; x_wconf 88' lang='lat' dir='ltr'>at</span> <span class='ocrx_word' id='word_1_16' title='bbox 556 265 597 312; x_wconf 88' lang='lat' dir='ltr'>vi</span> <span class='ocrx_word' id='word_1_17' title='bbox 634 264 748 328; x_wconf 80' lang='lat' dir='ltr'>legis</span> <span class='ocrx_word' id='word_1_18' title='bbox 782 264 962 311; x_wconf 84' lang='lat' dir='ltr'>civilis:</span> <span class='ocrx_word' id='word_1_19' title='bbox 1002 266 1090 312; x_wconf 91' lang='lat' dir='ltr'>iam</span> <span class='ocrx_word' id='word_1_20' title='bbox 1125 282 1229 313; x_wconf 89' lang='lat' dir='ltr'>vero</span> <span class='ocrx_word' id='word_1_21' title='bbox 1263 265 1382 330; x_wconf 94' lang='lat' dir='ltr'>quod</span> <span class='ocrx_word' id='word_1_22' title='bbox 1417 264 1486 313; x_wconf 81' lang='lat' dir='ltr'>lex</span> <span class='ocrx_word' id='word_1_23' title='bbox 1509 265 1612 313; x_wconf 84' lang='lat' dir='ltr'>fecit</span> 
     </span>
     <span class='ocr_line' id='line_1_3' title="bbox 142 339 1611 407; baseline -0.001 -18"><span class='ocrx_word' id='word_1_24' title='bbox 142 352 288 407; x_wconf 90' lang='lat' dir='ltr'>potest</span> <span class='ocrx_word' id='word_1_25' title='bbox 316 340 528 388; x_wconf 85' lang='lat' dir='ltr'>infectum</span> <span class='ocrx_word' id='word_1_26' title='bbox 563 339 769 396; x_wconf 82' lang='lat' dir='ltr'>reddere,</span> <span class='ocrx_word' id='word_1_27' title='bbox 798 340 886 387; x_wconf 91' lang='lat' dir='ltr'>imo</span> <span class='ocrx_word' id='word_1_28' title='bbox 903 350 947 387; x_wconf 91' lang='lat' dir='ltr'>et</span> <span class='ocrx_word' id='word_1_29' title='bbox 965 340 1120 397; x_wconf 84' lang='lat' dir='ltr'>debet,</span> <span class='ocrx_word' id='word_1_30' title='bbox 1142 340 1246 388; x_wconf 91' lang='lat' dir='ltr'>dum</span> <span class='ocrx_word' id='word_1_31' title='bbox 1283 340 1537 405; x_wconf 86' lang='lat' dir='ltr'><strong>respublica</strong></span> <span class='ocrx_word' id='word_1_32' title='bbox 1565 341 1611 388; x_wconf 87' lang='lat' dir='ltr'>id</span> 
     </span>
     <span class='ocr_line' id='line_1_4' title="bbox 142 415 475 482; baseline -0.015 -17"><span class='ocrx_word' id='word_1_33' title='bbox 142 415 338 482; x_wconf 89' lang='lat' dir='ltr'>postulat</span> <span class='ocrx_word' id='word_1_34' title='bbox 358 416 475 477; x_wconf 86' lang='lat'>(90).</span> 
     </span>
    </p>
   </div>
   <div class='ocr_carea' id='block_1_3' title="bbox 745 533 991 598">
    <p class='ocr_par' dir='ltr' id='par_1_3' title="bbox 745 533 991 598">
     <span class='ocr_line' id='line_1_5' title="bbox 745 533 991 598; baseline 0 -19"><span class='ocrx_word' id='word_1_35' title='bbox 745 533 991 598; x_wconf 81' lang='lat' dir='ltr'><strong><em>Responsio.</em></strong></span> 
     </span>
    </p>
   </div>
   <div class='ocr_carea' id='block_1_4' title="bbox 130 644 1611 2539">
    <p class='ocr_par' dir='ltr' id='par_1_4' title="bbox 130 644 1611 1929">
     <span class='ocr_line' id='line_1_6' title="bbox 232 644 1609 711; baseline 0.002 -20"><span class='ocrx_word' id='word_1_36' title='bbox 232 645 358 692; x_wconf 82' lang='lat' dir='ltr'>Brevi</span> <span class='ocrx_word' id='word_1_37' title='bbox 383 658 555 693; x_wconf 90' lang='lat' dir='ltr'>nosmet</span> <span class='ocrx_word' id='word_1_38' title='bbox 579 646 864 710; x_wconf 84' lang='lat' dir='ltr'><strong>expediemus</strong></span> <span class='ocrx_word' id='word_1_39' title='bbox 890 645 947 693; x_wconf 92' lang='lat' dir='ltr'>ab</span> <span class='ocrx_word' id='word_1_40' title='bbox 969 644 1095 693; x_wconf 87' lang='lat' dir='ltr'>hisce</span> <span class='ocrx_word' id='word_1_41' title='bbox 1119 645 1347 695; x_wconf 86' lang='lat' dir='ltr'>historicis</span> <span class='ocrx_word' id='word_1_42' title='bbox 1376 664 1609 711; x_wconf 85' lang='lat' dir='ltr'>argumen-</span> 
     </span>
     <span class='ocr_line' id='line_1_7' title="bbox 138 721 1611 788; baseline 0.002 -20"><span class='ocrx_word' id='word_1_43' title='bbox 138 722 211 769; x_wconf 88' lang='lat' dir='ltr'>tis.</span> <span class='ocrx_word' id='word_1_44' title='bbox 252 721 460 778; x_wconf 86' lang='lat' dir='ltr'>Etenim,</span> <span class='ocrx_word' id='word_1_45' title='bbox 500 722 604 769; x_wconf 91' lang='lat' dir='ltr'>data</span> <span class='ocrx_word' id='word_1_46' title='bbox 640 722 773 769; x_wconf 89' lang='lat' dir='ltr'>etiam</span> <span class='ocrx_word' id='word_1_47' title='bbox 806 722 989 769; x_wconf 90' lang='lat' dir='ltr'>veritate</span> <span class='ocrx_word' id='word_1_48' title='bbox 1023 722 1238 770; x_wconf 86' lang='lat' dir='ltr'>historica</span> <span class='ocrx_word' id='word_1_49' title='bbox 1277 739 1457 779; x_wconf 87' lang='lat' dir='ltr'>eorum,</span> <span class='ocrx_word' id='word_1_50' title='bbox 1495 740 1611 788; x_wconf 91' lang='lat' dir='ltr'>quae</span> 
     </span>
     <span class='ocr_line' id='line_1_8' title="bbox 136 798 1610 863; baseline 0.001 -17"><span class='ocrx_word' id='word_1_51' title='bbox 136 809 332 846; x_wconf 89' lang='lat' dir='ltr'>oratores</span> <span class='ocrx_word' id='word_1_52' title='bbox 368 809 708 855; x_wconf 89' lang='lat' dir='ltr'>recensuerunt,</span> <span class='ocrx_word' id='word_1_53' title='bbox 741 798 853 845; x_wconf 92' lang='lat' dir='ltr'>nihil</span> <span class='ocrx_word' id='word_1_54' title='bbox 880 799 985 846; x_wconf 91' lang='lat' dir='ltr'>inde</span> <span class='ocrx_word' id='word_1_55' title='bbox 1014 816 1093 863; x_wconf 89' lang='lat' dir='ltr'>pro</span> <span class='ocrx_word' id='word_1_56' title='bbox 1121 816 1273 846; x_wconf 88' lang='lat' dir='ltr'>eorum</span> <span class='ocrx_word' id='word_1_57' title='bbox 1304 799 1418 847; x_wconf 89' lang='lat' dir='ltr'>thesi</span> <span class='ocrx_word' id='word_1_58' title='bbox 1453 817 1610 848; x_wconf 88' lang='lat' dir='ltr'>conse-</span> 
     </span>
     <span class='ocr_line' id='line_1_9' title="bbox 136 874 1610 940; baseline -0.001 -18"><span class='ocrx_word' id='word_1_59' title='bbox 136 885 360 940; x_wconf 85' lang='lat' dir='ltr'>queretur.</span> <span class='ocrx_word' id='word_1_60' title='bbox 401 874 558 921; x_wconf 90' lang='lat' dir='ltr'>Thesis</span> <span class='ocrx_word' id='word_1_61' title='bbox 593 874 710 921; x_wconf 92' lang='lat' dir='ltr'>enim</span> <span class='ocrx_word' id='word_1_62' title='bbox 745 891 833 921; x_wconf 90' lang='lat' dir='ltr'>non</span> <span class='ocrx_word' id='word_1_63' title='bbox 868 884 937 921; x_wconf 89' lang='lat' dir='ltr'>est</span> <span class='ocrx_word' id='word_1_64' title='bbox 970 874 1057 920; x_wconf 90' lang='lat' dir='ltr'>nisi</span> <span class='ocrx_word' id='word_1_65' title='bbox 1093 874 1354 938; x_wconf 83' lang='lat' dir='ltr'>approbatio</span> <span class='ocrx_word' id='word_1_66' title='bbox 1390 874 1502 938; x_wconf 76' lang='lat' dir='ltr'>legis</span> <span class='ocrx_word' id='word_1_67' title='bbox 1532 892 1610 940; x_wconf 89' lang='lat' dir='ltr'>per</span> 
     </span>
     <span class='ocr_line' id='line_1_10' title="bbox 135 949 1609 1016; baseline 0 -19"><span class='ocrx_word' id='word_1_68' title='bbox 135 968 271 1015; x_wconf 89' lang='lat' dir='ltr'>quam</span> <span class='ocrx_word' id='word_1_69' title='bbox 306 950 404 998; x_wconf 90' lang='lat' dir='ltr'>sine</span> <span class='ocrx_word' id='word_1_70' title='bbox 437 960 540 997; x_wconf 91' lang='lat' dir='ltr'>actu</span> <span class='ocrx_word' id='word_1_71' title='bbox 571 949 806 1012; x_wconf 82' lang='lat' dir='ltr'>religioso,</span> <span class='ocrx_word' id='word_1_72' title='bbox 840 966 920 996; x_wconf 91' lang='lat' dir='ltr'>seu</span> <span class='ocrx_word' id='word_1_73' title='bbox 954 949 1101 1013; x_wconf 89' lang='lat' dir='ltr'>potius</span> <span class='ocrx_word' id='word_1_74' title='bbox 1134 950 1232 997; x_wconf 90' lang='lat' dir='ltr'>sine</span> <span class='ocrx_word' id='word_1_75' title='bbox 1265 950 1447 1014; x_wconf 86' lang='lat' dir='ltr'>parochi</span> <span class='ocrx_word' id='word_1_76' title='bbox 1481 967 1609 1016; x_wconf 91' lang='lat' dir='ltr'>prae-</span> 
     </span>
     <span class='ocr_line' id='line_1_11' title="bbox 134 1025 1607 1090; baseline 0 -16"><span class='ocrx_word' id='word_1_77' title='bbox 134 1027 279 1074; x_wconf 91' lang='lat' dir='ltr'>sentia</span> <span class='ocrx_word' id='word_1_78' title='bbox 303 1026 458 1073; x_wconf 91' lang='lat' dir='ltr'>haberi</span> <span class='ocrx_word' id='word_1_79' title='bbox 483 1026 627 1090; x_wconf 86' lang='lat' dir='ltr'>possit</span> <span class='ocrx_word' id='word_1_80' title='bbox 651 1037 876 1090; x_wconf 92' lang='lat' dir='ltr'>tamquam</span> <span class='ocrx_word' id='word_1_81' title='bbox 899 1043 1050 1072; x_wconf 90' lang='lat' dir='ltr'>verum</span> <span class='ocrx_word' id='word_1_82' title='bbox 1075 1025 1330 1089; x_wconf 79' lang='lat' dir='ltr'>coniugium</span> <span class='ocrx_word' id='word_1_83' title='bbox 1355 1036 1607 1074; x_wconf 87' lang='lat' dir='ltr'>contractus</span> 
     </span>
     <span class='ocr_line' id='line_1_12' title="bbox 133 1102 1607 1168; baseline 0.001 -18"><span class='ocrx_word' id='word_1_84' title='bbox 133 1120 254 1151; x_wconf 90' lang='lat' dir='ltr'>mere</span> <span class='ocrx_word' id='word_1_85' title='bbox 272 1102 416 1151; x_wconf 93' lang='lat' dir='ltr'>civilis</span> <span class='ocrx_word' id='word_1_86' title='bbox 441 1113 542 1168; x_wconf 88' lang='lat' dir='ltr'>post</span> <span class='ocrx_word' id='word_1_87' title='bbox 565 1103 790 1149; x_wconf 88' lang='lat' dir='ltr'>tridentini</span> <span class='ocrx_word' id='word_1_88' title='bbox 816 1102 979 1150; x_wconf 90' lang='lat' dir='ltr'>decreti</span> <span class='ocrx_word' id='word_1_89' title='bbox 1004 1102 1364 1167; x_wconf 89' lang='lat' dir='ltr'>publicationem.</span> <span class='ocrx_word' id='word_1_90' title='bbox 1384 1103 1479 1150; x_wconf 90' lang='lat' dir='ltr'>lam</span> <span class='ocrx_word' id='word_1_91' title='bbox 1502 1120 1607 1151; x_wconf 88' lang='lat' dir='ltr'>vero</span> 
     </span>
     <span class='ocr_line' id='line_1_13' title="bbox 135 1178 1605 1244; baseline -0.001 -16"><span class='ocrx_word' id='word_1_92' title='bbox 135 1179 269 1228; x_wconf 92' lang='lat' dir='ltr'>simul</span> <span class='ocrx_word' id='word_1_93' title='bbox 307 1197 359 1228; x_wconf 92' lang='lat' dir='ltr'>ac</span> <span class='ocrx_word' id='word_1_94' title='bbox 388 1179 612 1227; x_wconf 90' lang='lat' dir='ltr'>decretum</span> <span class='ocrx_word' id='word_1_95' title='bbox 648 1179 757 1226; x_wconf 90' lang='lat' dir='ltr'>illud</span> <span class='ocrx_word' id='word_1_96' title='bbox 793 1179 1035 1227; x_wconf 91' lang='lat' dir='ltr'>solemnem</span> <span class='ocrx_word' id='word_1_97' title='bbox 1068 1178 1224 1226; x_wconf 90' lang='lat' dir='ltr'>habuit</span> <span class='ocrx_word' id='word_1_98' title='bbox 1260 1178 1605 1244; x_wconf 89' lang='lat' dir='ltr'>publicationem</span> 
     </span>
     <span class='ocr_line' id='line_1_14' title="bbox 133 1253 1604 1321; baseline -0.002 -18"><span class='ocrx_word' id='word_1_99' title='bbox 133 1255 361 1321; x_wconf 86' lang='lat' dir='ltr'>aliquibus</span> <span class='ocrx_word' id='word_1_100' title='bbox 380 1256 427 1302; x_wconf 92' lang='lat' dir='ltr'>in</span> <span class='ocrx_word' id='word_1_101' title='bbox 451 1256 585 1312; x_wconf 90' lang='lat' dir='ltr'>locis,</span> <span class='ocrx_word' id='word_1_102' title='bbox 613 1255 895 1303; x_wconf 87' lang='lat' dir='ltr'>matrimonia</span> <span class='ocrx_word' id='word_1_103' title='bbox 921 1255 1093 1311; x_wconf 92' lang='lat' dir='ltr'>omnia,</span> <span class='ocrx_word' id='word_1_104' title='bbox 1128 1272 1243 1320; x_wconf 93' lang='lat' dir='ltr'>quae</span> <span class='ocrx_word' id='word_1_105' title='bbox 1268 1254 1389 1301; x_wconf 81' lang='lat' dir='ltr'>iuxta</span> <span class='ocrx_word' id='word_1_106' title='bbox 1418 1253 1604 1302; x_wconf 85' lang='lat' dir='ltr'>formam</span> 
     </span>
     <span class='ocr_line' id='line_1_15' title="bbox 133 1329 1607 1397; baseline -0.001 -19"><span class='ocrx_word' id='word_1_107' title='bbox 133 1332 244 1379; x_wconf 89' lang='lat' dir='ltr'>inibi</span> <span class='ocrx_word' id='word_1_108' title='bbox 281 1331 599 1397; x_wconf 90' lang='lat' dir='ltr'>praescriptam</span> <span class='ocrx_word' id='word_1_109' title='bbox 633 1348 721 1379; x_wconf 90' lang='lat' dir='ltr'>non</span> <span class='ocrx_word' id='word_1_110' title='bbox 755 1330 1032 1378; x_wconf 89' lang='lat' dir='ltr'>celebrantur</span> <span class='ocrx_word' id='word_1_111' title='bbox 1054 1369 1063 1387; x_wconf 92' lang='lat'><strong>‚</strong></span> <span class='ocrx_word' id='word_1_112' title='bbox 1102 1330 1226 1378; x_wconf 91' lang='lat' dir='ltr'>nulla</span> <span class='ocrx_word' id='word_1_113' title='bbox 1261 1341 1364 1378; x_wconf 89' lang='lat' dir='ltr'>sunt</span> <span class='ocrx_word' id='word_1_114' title='bbox 1394 1347 1447 1377; x_wconf 88' lang='lat' dir='ltr'>ac</span> <span class='ocrx_word' id='word_1_115' title='bbox 1482 1329 1607 1377; x_wconf 89' lang='lat' dir='ltr'>irrita</span> 
     </span>
     <span class='ocr_line' id='line_1_16' title="bbox 134 1405 1605 1462; baseline -0.001 -7"><span class='ocrx_word' id='word_1_116' title='bbox 134 1425 223 1455; x_wconf 91' lang='lat' dir='ltr'>non</span> <span class='ocrx_word' id='word_1_117' title='bbox 259 1407 403 1455; x_wconf 91' lang='lat' dir='ltr'>solum</span> <span class='ocrx_word' id='word_1_118' title='bbox 439 1407 608 1454; x_wconf 89' lang='lat' dir='ltr'>ratione</span> <span class='ocrx_word' id='word_1_119' title='bbox 637 1407 926 1462; x_wconf 86' lang='lat' dir='ltr'>sacramenti,</span> <span class='ocrx_word' id='word_1_120' title='bbox 959 1424 1112 1454; x_wconf 88' lang='lat' dir='ltr'>verum</span> <span class='ocrx_word' id='word_1_121' title='bbox 1142 1406 1273 1453; x_wconf 91' lang='lat' dir='ltr'>etiam</span> <span class='ocrx_word' id='word_1_122' title='bbox 1302 1405 1471 1453; x_wconf 91' lang='lat' dir='ltr'>ratione</span> <span class='ocrx_word' id='word_1_123' title='bbox 1501 1422 1605 1453; x_wconf 87' lang='lat' dir='ltr'>cou-</span> 
     </span>
     <span class='ocr_line' id='line_1_17' title="bbox 132 1481 1604 1546; baseline -0.001 -17"><span class='ocrx_word' id='word_1_124' title='bbox 132 1493 298 1530; x_wconf 87' lang='lat' dir='ltr'>tractus</span> <span class='ocrx_word' id='word_1_125' title='bbox 318 1482 413 1530; x_wconf 91' lang='lat' dir='ltr'>sive</span> <span class='ocrx_word' id='word_1_126' title='bbox 431 1482 576 1529; x_wconf 88' lang='lat' dir='ltr'>civilis</span> <span class='ocrx_word' id='word_1_127' title='bbox 602 1482 695 1529; x_wconf 89' lang='lat' dir='ltr'>sive</span> <span class='ocrx_word' id='word_1_128' title='bbox 719 1482 965 1529; x_wconf 85' lang='lat' dir='ltr'>domestici.</span> <span class='ocrx_word' id='word_1_129' title='bbox 984 1482 1136 1529; x_wconf 89' lang='lat' dir='ltr'>Totius</span> <span class='ocrx_word' id='word_1_130' title='bbox 1162 1482 1310 1546; x_wconf 86' lang='lat' dir='ltr'>itaque</span> <span class='ocrx_word' id='word_1_131' title='bbox 1329 1481 1604 1546; x_wconf 87' lang='lat' dir='ltr'>quaestionis</span> 
     </span>
     <span class='ocr_line' id='line_1_18' title="bbox 130 1557 1603 1622; baseline -0.001 -16"><span class='ocrx_word' id='word_1_132' title='bbox 130 1558 382 1606; x_wconf 87' lang='lat' dir='ltr'>substantia</span> <span class='ocrx_word' id='word_1_133' title='bbox 415 1575 467 1606; x_wconf 94' lang='lat' dir='ltr'>eo</span> <span class='ocrx_word' id='word_1_134' title='bbox 503 1568 756 1614; x_wconf 89' lang='lat' dir='ltr'>revocatur,</span> <span class='ocrx_word' id='word_1_135' title='bbox 787 1569 934 1605; x_wconf 91' lang='lat' dir='ltr'>utrum</span> <span class='ocrx_word' id='word_1_136' title='bbox 965 1569 1157 1622; x_wconf 89' lang='lat' dir='ltr'>potestas</span> <span class='ocrx_word' id='word_1_137' title='bbox 1183 1557 1328 1605; x_wconf 88' lang='lat' dir='ltr'>civilis</span> <span class='ocrx_word' id='word_1_138' title='bbox 1354 1557 1498 1621; x_wconf 89' lang='lat' dir='ltr'>possit</span> <span class='ocrx_word' id='word_1_139' title='bbox 1523 1574 1603 1604; x_wconf 92' lang='lat' dir='ltr'>nec</span> 
     </span>
     <span class='ocr_line' id='line_1_19' title="bbox 131 1634 1600 1699; baseline -0.001 -18"><span class='ocrx_word' id='word_1_140' title='bbox 131 1652 188 1682; x_wconf 90' lang='lat' dir='ltr'>ne</span> <span class='ocrx_word' id='word_1_141' title='bbox 221 1634 398 1682; x_wconf 91' lang='lat' dir='ltr'>abolere</span> <span class='ocrx_word' id='word_1_142' title='bbox 431 1634 572 1698; x_wconf 80' lang='lat' dir='ltr'>legem</span> <span class='ocrx_word' id='word_1_143' title='bbox 607 1634 785 1681; x_wconf 87' lang='lat' dir='ltr'>concilii</span> <span class='ocrx_word' id='word_1_144' title='bbox 817 1635 1115 1691; x_wconf 78' lang='lat' dir='ltr'>oecumenici,</span> <span class='ocrx_word' id='word_1_145' title='bbox 1146 1635 1190 1681; x_wconf 90' lang='lat' dir='ltr'>in</span> <span class='ocrx_word' id='word_1_146' title='bbox 1226 1634 1308 1691; x_wconf 89' lang='lat' dir='ltr'>iis,</span> <span class='ocrx_word' id='word_1_147' title='bbox 1347 1651 1462 1699; x_wconf 93' lang='lat' dir='ltr'>quae</span> <span class='ocrx_word' id='word_1_148' title='bbox 1500 1651 1600 1698; x_wconf 91' lang='lat' dir='ltr'>per-</span> 
     </span>
     <span class='ocr_line' id='line_1_20' title="bbox 132 1709 1603 1759; baseline -0.001 -1"><span class='ocrx_word' id='word_1_149' title='bbox 132 1712 273 1758; x_wconf 90' lang='lat' dir='ltr'>tinent</span> <span class='ocrx_word' id='word_1_150' title='bbox 297 1711 354 1758; x_wconf 89' lang='lat' dir='ltr'>ad</span> <span class='ocrx_word' id='word_1_151' title='bbox 379 1721 751 1758; x_wconf 90' lang='lat' dir='ltr'>sacramentorum</span> <span class='ocrx_word' id='word_1_152' title='bbox 780 1711 1226 1759; x_wconf 90' lang='lat' dir='ltr'>administrationem.</span> <span class='ocrx_word' id='word_1_153' title='bbox 1255 1710 1350 1757; x_wconf 87' lang='lat' dir='ltr'>Hoc</span> <span class='ocrx_word' id='word_1_154' title='bbox 1373 1709 1603 1757; x_wconf 89' lang='lat' dir='ltr'>debuisset</span> 
     </span>
     <span class='ocr_line' id='line_1_21' title="bbox 131 1784 1601 1851; baseline -0.003 -16"><span class='ocrx_word' id='word_1_155' title='bbox 131 1787 306 1835; x_wconf 90' lang='lat' dir='ltr'>ostendi</span> <span class='ocrx_word' id='word_1_156' title='bbox 342 1786 565 1834; x_wconf 88' lang='lat' dir='ltr'>historicis</span> <span class='ocrx_word' id='word_1_157' title='bbox 596 1786 893 1841; x_wconf 89' lang='lat' dir='ltr'>documentis;</span> <span class='ocrx_word' id='word_1_158' title='bbox 923 1797 994 1834; x_wconf 90' lang='lat' dir='ltr'>ast</span> <span class='ocrx_word' id='word_1_159' title='bbox 1015 1786 1101 1834; x_wconf 94' lang='lat' dir='ltr'>hoc</span> <span class='ocrx_word' id='word_1_160' title='bbox 1123 1797 1214 1843; x_wconf 91' lang='lat' dir='ltr'>est,</span> <span class='ocrx_word' id='word_1_161' title='bbox 1244 1785 1362 1851; x_wconf 91' lang='lat' dir='ltr'>quod</span> <span class='ocrx_word' id='word_1_162' title='bbox 1386 1784 1601 1848; x_wconf 87' lang='lat' dir='ltr'>prudente</span> 
     </span>
     <span class='ocr_line' id='line_1_22' title="bbox 132 1862 827 1929; baseline -0.003 -19"><span class='ocrx_word' id='word_1_163' title='bbox 132 1863 316 1911; x_wconf 89' lang='lat' dir='ltr'>silentio</span> <span class='ocrx_word' id='word_1_164' title='bbox 350 1862 711 1929; x_wconf 89' lang='lat' dir='ltr'>praetermissum</span> <span class='ocrx_word' id='word_1_165' title='bbox 745 1872 827 1909; x_wconf 92' lang='lat' dir='ltr'>est.</span> 
     </span>
    </p>

    <p class='ocr_par' dir='ltr' id='par_1_5' title="bbox 133 1935 1602 2387">
     <span class='ocr_line' id='line_1_23' title="bbox 234 1935 1602 2004; baseline -0.002 -18"><span class='ocrx_word' id='word_1_166' title='bbox 234 1941 317 1987; x_wconf 90' lang='lat' dir='ltr'>Per</span> <span class='ocrx_word' id='word_1_167' title='bbox 350 1940 478 2004; x_wconf 91' lang='lat' dir='ltr'>plura</span> <span class='ocrx_word' id='word_1_168' title='bbox 513 1938 663 1986; x_wconf 91' lang='lat' dir='ltr'>secula</span> <span class='ocrx_word' id='word_1_169' title='bbox 686 1938 965 1985; x_wconf 87' lang='lat' dir='ltr'>matrimonia</span> <span class='ocrx_word' id='word_1_170' title='bbox 989 1939 1086 1985; x_wconf 90' lang='lat' dir='ltr'>sine</span> <span class='ocrx_word' id='word_1_171' title='bbox 1109 1938 1195 1984; x_wconf 91' lang='lat' dir='ltr'>ritu</span> <span class='ocrx_word' id='word_1_172' title='bbox 1219 1937 1426 2000; x_wconf 82' lang='lat' dir='ltr'>religioso</span> <span class='ocrx_word' id='word_1_173' title='bbox 1450 1935 1602 1983; x_wconf 87' lang='lat' dir='ltr'>habita</span> 
     </span>
     <span class='ocr_line' id='line_1_24' title="bbox 134 2011 1602 2078; baseline -0.003 -14"><span class='ocrx_word' id='word_1_174' title='bbox 134 2027 240 2064; x_wconf 88' lang='lat' dir='ltr'>sunt</span> <span class='ocrx_word' id='word_1_175' title='bbox 273 2015 438 2063; x_wconf 89' lang='lat' dir='ltr'>valida.</span> <span class='ocrx_word' id='word_1_176' title='bbox 468 2015 584 2071; x_wconf 86' lang='lat' dir='ltr'>Quid</span> <span class='ocrx_word' id='word_1_177' title='bbox 622 2013 761 2060; x_wconf 72' lang='lat' dir='ltr'>inde?</span> <span class='ocrx_word' id='word_1_178' title='bbox 795 2014 888 2061; x_wconf 91' lang='lat' dir='ltr'>Hoc</span> <span class='ocrx_word' id='word_1_179' title='bbox 923 2013 1066 2061; x_wconf 89' lang='lat' dir='ltr'>solum</span> <span class='ocrx_word' id='word_1_180' title='bbox 1112 2013 1400 2078; x_wconf 87' lang='lat' dir='ltr'>consequitur</span> <span class='ocrx_word' id='word_1_181' title='bbox 1421 2051 1430 2069; x_wconf 91' lang='lat'>,</span> <span class='ocrx_word' id='word_1_182' title='bbox 1468 2011 1602 2060; x_wconf 91' lang='lat' dir='ltr'>bene-</span> 
     </span>
     <span class='ocr_line' id='line_1_25' title="bbox 135 2089 1602 2155; baseline -0.003 -15"><span class='ocrx_word' id='word_1_183' title='bbox 135 2093 373 2140; x_wconf 89' lang='lat' dir='ltr'>dictionem</span> <span class='ocrx_word' id='word_1_184' title='bbox 408 2091 723 2139; x_wconf 87' lang='lat' dir='ltr'>sacerdotalem</span> <span class='ocrx_word' id='word_1_185' title='bbox 749 2108 836 2137; x_wconf 92' lang='lat' dir='ltr'>non</span> <span class='ocrx_word' id='word_1_186' title='bbox 861 2090 1024 2155; x_wconf 88' lang='lat' dir='ltr'>requiri</span> <span class='ocrx_word' id='word_1_187' title='bbox 1055 2090 1333 2146; x_wconf 90' lang='lat' dir='ltr'>necessario;</span> <span class='ocrx_word' id='word_1_188' title='bbox 1367 2089 1486 2154; x_wconf 92' lang='lat' dir='ltr'>quod</span> <span class='ocrx_word' id='word_1_189' title='bbox 1520 2105 1602 2136; x_wconf 90' lang='lat' dir='ltr'>nos</span> 
     </span>
     <span class='ocr_line' id='line_1_26' title="bbox 136 2164 1602 2222; baseline -0.005 -5"><span class='ocrx_word' id='word_1_190' title='bbox 136 2186 223 2217; x_wconf 91' lang='lat' dir='ltr'>non</span> <span class='ocrx_word' id='word_1_191' title='bbox 259 2169 388 2216; x_wconf 90' lang='lat' dir='ltr'>modo</span> <span class='ocrx_word' id='word_1_192' title='bbox 421 2168 704 2216; x_wconf 87' lang='lat' dir='ltr'>concedimus</span> <span class='ocrx_word' id='word_1_193' title='bbox 734 2205 744 2222; x_wconf 94' lang='lat'>,</span> <span class='ocrx_word' id='word_1_194' title='bbox 783 2167 860 2213; x_wconf 89' lang='lat' dir='ltr'>sed</span> <span class='ocrx_word' id='word_1_195' title='bbox 894 2178 936 2213; x_wconf 90' lang='lat' dir='ltr'>et</span> <span class='ocrx_word' id='word_1_196' title='bbox 969 2166 1266 2213; x_wconf 88' lang='lat' dir='ltr'>vindicamus.</span> <span class='ocrx_word' id='word_1_197' title='bbox 1305 2166 1462 2212; x_wconf 91' lang='lat' dir='ltr'>Verum</span> <span class='ocrx_word' id='word_1_198' title='bbox 1499 2164 1602 2211; x_wconf 91' lang='lat' dir='ltr'>inde</span> 
     </span>
     <span class='ocr_line' id='line_1_27' title="bbox 135 2241 1599 2310; baseline -0.004 -17"><span class='ocrx_word' id='word_1_199' title='bbox 135 2246 388 2294; x_wconf 87' lang='lat' dir='ltr'>nullatenus</span> <span class='ocrx_word' id='word_1_200' title='bbox 408 2245 625 2310; x_wconf 87' lang='lat' dir='ltr'>sequitur,</span> <span class='ocrx_word' id='word_1_201' title='bbox 657 2244 753 2291; x_wconf 91' lang='lat' dir='ltr'>sine</span> <span class='ocrx_word' id='word_1_202' title='bbox 778 2243 958 2307; x_wconf 81' lang='lat' dir='ltr'>parochi</span> <span class='ocrx_word' id='word_1_203' title='bbox 986 2243 1235 2308; x_wconf 86' lang='lat' dir='ltr'>praesentia</span> <span class='ocrx_word' id='word_1_204' title='bbox 1255 2253 1355 2307; x_wconf 90' lang='lat' dir='ltr'>post</span> <span class='ocrx_word' id='word_1_205' title='bbox 1373 2241 1599 2288; x_wconf 90' lang='lat' dir='ltr'>tridentini</span> 
     </span>
     <span class='ocr_line' id='line_1_28' title="bbox 133 2319 1180 2387; baseline -0.005 -17"><span class='ocrx_word' id='word_1_206' title='bbox 133 2322 479 2387; x_wconf 85' lang='lat' dir='ltr'>publicationem</span> <span class='ocrx_word' id='word_1_207' title='bbox 514 2320 844 2368; x_wconf 89' lang='lat' dir='ltr'>matrimonium</span> <span class='ocrx_word' id='word_1_208' title='bbox 878 2319 1025 2367; x_wconf 88' lang='lat' dir='ltr'>valide</span> <span class='ocrx_word' id='word_1_209' title='bbox 1062 2319 1180 2365; x_wconf 86' lang='lat' dir='ltr'>iniri.</span> 
     </span>
    </p>

    <p class='ocr_par' dir='ltr' id='par_1_6' title="bbox 132 2393 1601 2539">
     <span class='ocr_line' id='line_1_29' title="bbox 226 2393 1600 2462; baseline -0.002 -17"><span class='ocrx_word' id='word_1_210' title='bbox 226 2398 281 2445; x_wconf 90' lang='lat' dir='ltr'>At</span> <span class='ocrx_word' id='word_1_211' title='bbox 299 2408 524 2462; x_wconf 86' lang='lat' dir='ltr'>praeterea</span> <span class='ocrx_word' id='word_1_212' title='bbox 539 2435 548 2451; x_wconf 89' lang='lat'>,</span> <span class='ocrx_word' id='word_1_213' title='bbox 574 2413 679 2443; x_wconf 87' lang='lat' dir='ltr'>vera</span> <span class='ocrx_word' id='word_1_214' title='bbox 699 2413 754 2442; x_wconf 92' lang='lat' dir='ltr'>ne</span> <span class='ocrx_word' id='word_1_215' title='bbox 773 2406 874 2443; x_wconf 91' lang='lat' dir='ltr'>sunt</span> <span class='ocrx_word' id='word_1_216' title='bbox 893 2412 1201 2461; x_wconf 90' lang='lat' dir='ltr'>quaecumque</span> <span class='ocrx_word' id='word_1_217' title='bbox 1218 2404 1442 2459; x_wconf 89' lang='lat' dir='ltr'>tamquam</span> <span class='ocrx_word' id='word_1_218' title='bbox 1466 2393 1600 2442; x_wconf 81' lang='lat' dir='ltr'>histo-</span> 
     </span>
     <span class='ocr_line' id='line_1_30' title="bbox 132 2465 1601 2539; baseline -0.004 -17"><span class='ocrx_word' id='word_1_219' title='bbox 132 2475 225 2523; x_wconf 86' lang='lat' dir='ltr'>rica</span> <span class='ocrx_word' id='word_1_220' title='bbox 250 2474 428 2522; x_wconf 80' lang='lat' dir='ltr'>fuerunt</span> <span class='ocrx_word' id='word_1_221' title='bbox 452 2471 652 2539; x_wconf 69' lang='lat' dir='ltr'>prolata?</span> <span class='ocrx_word' id='word_1_222' title='bbox 670 2472 836 2520; x_wconf 87' lang='lat' dir='ltr'>Revera</span> <span class='ocrx_word' id='word_1_223' title='bbox 860 2471 1013 2520; x_wconf 88' lang='lat' dir='ltr'>ludaei</span> <span class='ocrx_word' id='word_1_224' title='bbox 1048 2488 1224 2536; x_wconf 91' lang='lat' dir='ltr'>semper</span> <span class='ocrx_word' id='word_1_225' title='bbox 1251 2470 1501 2534; x_wconf 84' lang='lat' dir='ltr'>religiosam</span> <span class='ocrx_word' id='word_1_226' title='bbox 1524 2465 1601 2517; x_wconf 88' lang='lat' dir='ltr'>ali·</span> 
     </span>
    </p>
   </div>
   <div class='ocr_carea' id='block_1_5' title="bbox 130 2630 1598 2777">
    <p class='ocr_par' dir='ltr' id='par_1_7' title="bbox 130 2630 1598 2777">
     <span class='ocr_line' id='line_1_31' title="bbox 231 2630 683 2673; baseline -0.004 -9"><span class='ocrx_word' id='word_1_227' title='bbox 231 2632 298 2673; x_wconf 80' lang='grc'>(90)</span> <span class='ocrx_word' id='word_1_228' title='bbox 315 2634 452 2664; x_wconf 78' lang='lat' dir='ltr'>senato.</span> <span class='ocrx_word' id='word_1_229' title='bbox 470 2635 521 2664; x_wconf 86' lang='lat'>20.</span> <span class='ocrx_word' id='word_1_230' title='bbox 538 2630 683 2663; x_wconf 84' lang='lat' dir='ltr'>Dicemb.</span> 
     </span>
     <span class='ocr_line' id='line_1_32' title="bbox 226 2679 1598 2726; baseline -0.004 -9"><span class='ocrx_word' id='word_1_231' title='bbox 226 2685 385 2717; x_wconf 82' lang='lat' dir='ltr'>Consulto</span> <span class='ocrx_word' id='word_1_232' title='bbox 400 2683 599 2726; x_wconf 81' lang='lat' dir='ltr'>praetermisi</span> <span class='ocrx_word' id='word_1_233' title='bbox 613 2682 694 2715; x_wconf 81' lang='lat' dir='ltr'>alias</span> <span class='ocrx_word' id='word_1_234' title='bbox 707 2681 933 2722; x_wconf 82' lang='lat' dir='ltr'>difficultates,</span> <span class='ocrx_word' id='word_1_235' title='bbox 947 2690 1030 2723; x_wconf 78' lang='lat' dir='ltr'>quae</span> <span class='ocrx_word' id='word_1_236' title='bbox 1042 2681 1225 2714; x_wconf 78' lang='lat' dir='ltr'>reseruntur</span> <span class='ocrx_word' id='word_1_237' title='bbox 1236 2681 1277 2713; x_wconf 80' lang='lat' dir='ltr'>ad</span> <span class='ocrx_word' id='word_1_238' title='bbox 1292 2681 1480 2722; x_wconf 66' lang='lat' dir='ltr'>potestatem</span> <span class='ocrx_word' id='word_1_239' title='bbox 1493 2679 1598 2719; x_wconf 76' lang='lat' dir='ltr'>legum</span> 
     </span>
     <span class='ocr_line' id='line_1_33' title="bbox 130 2731 1598 2777; baseline -0.005 -8"><span class='ocrx_word' id='word_1_240' title='bbox 130 2736 334 2770; x_wconf 76' lang='lat' dir='ltr'>ferendarum</span> <span class='ocrx_word' id='word_1_241' title='bbox 347 2737 434 2770; x_wconf 64' lang='lat' dir='ltr'>circa</span> <span class='ocrx_word' id='word_1_242' title='bbox 444 2737 688 2769; x_wconf 79' lang='lat' dir='ltr'>matrimonium</span> <span class='ocrx_word' id='word_1_243' title='bbox 703 2735 744 2768; x_wconf 85' lang='lat' dir='ltr'>de</span> <span class='ocrx_word' id='word_1_244' title='bbox 758 2744 823 2777; x_wconf 78' lang='lat' dir='ltr'>qua</span> <span class='ocrx_word' id='word_1_245' title='bbox 841 2737 949 2768; x_wconf 80' lang='lat' dir='ltr'>actum</span> <span class='ocrx_word' id='word_1_246' title='bbox 964 2736 1013 2767; x_wconf 78' lang='lat' dir='ltr'>est</span> <span class='ocrx_word' id='word_1_247' title='bbox 1030 2735 1062 2766; x_wconf 86' lang='lat' dir='ltr'>in</span> <span class='ocrx_word' id='word_1_248' title='bbox 1078 2734 1218 2766; x_wconf 80' lang='lat' dir='ltr'>comitiis</span> <span class='ocrx_word' id='word_1_249' title='bbox 1233 2735 1266 2765; x_wconf 82' lang='lat' dir='ltr'>et</span> <span class='ocrx_word' id='word_1_250' title='bbox 1280 2734 1393 2766; x_wconf 70' lang='lat' dir='ltr'>senatu</span> <span class='ocrx_word' id='word_1_251' title='bbox 1406 2731 1598 2772; x_wconf 74' lang='lat' dir='ltr'>subalpinis,</span> 
     </span>
    </p>
   </div>
   <div class='ocr_carea' id='block_1_6' title="bbox 130 2788 957 2831">
    <p class='ocr_par' dir='ltr' id='par_1_8' title="bbox 130 2788 957 2831">
     <span class='ocr_line' id='line_1_34' title="bbox 130 2788 957 2831; baseline -0.006 -8"><span class='ocrx_word' id='word_1_252' title='bbox 130 2790 208 2830; x_wconf 70' lang='lat' dir='ltr'>quin</span> <span class='ocrx_word' id='word_1_253' title='bbox 217 2791 279 2823; x_wconf 80' lang='lat' dir='ltr'>hoc</span> <span class='ocrx_word' id='word_1_254' title='bbox 293 2790 334 2823; x_wconf 83' lang='lat' dir='ltr'>de</span> <span class='ocrx_word' id='word_1_255' title='bbox 347 2791 536 2831; x_wconf 74' lang='lat' dir='ltr'>argumento</span> <span class='ocrx_word' id='word_1_256' title='bbox 552 2798 683 2830; x_wconf 77' lang='lat' dir='ltr'>agemus</span> <span class='ocrx_word' id='word_1_257' title='bbox 697 2789 730 2821; x_wconf 86' lang='lat' dir='ltr'>in</span> <span class='ocrx_word' id='word_1_258' title='bbox 746 2789 850 2822; x_wconf 80' lang='lat' dir='ltr'>altero</span> <span class='ocrx_word' id='word_1_259' title='bbox 863 2788 957 2823; x_wconf 83' lang='lat' dir='ltr'>libro.</span> 
     </span>
    </p>
   </div>
  </div>
 </body>
</html>
