1918 3186
295 183 353 229 ¹2
558 198 639 230 un.
669 198 699 229 1.
727 195 841 228 sacr.
874 196 903 226 ι.
935 194 987 226 ns
1010 195 1184 227 mmm.
1215 193 1496 226 SAanusNro.

291 291 467 323 merans
501 285 646 322 autem
680 271 898 320 eiusmodi
934 282 1211 320 sacramenta
1244 272 1388 337 pergit
1423 270 1540 318 idem
1574 281 1753 320 auctor:

295 350 517 397 «Primum
536 358 856 397 sacramentum
873 354 942 395 est
957 347 1223 412 baptismus;
1246 347 1489 396 secundum
1506 347 1670 395 missae
1688 365 1760 396 sa-

290 425 529 482 crificium3
553 425 728 472 tertium
750 423 999 472 benedictio
1022 423 1252 488 unguenti,
1278 423 1398 489 quod
1418 423 1545 470 latini
1563 423 1760 472 chrisma

289 512 450 550 vocant
476 519 486 558 ;
532 511 740 566 quartum
777 510 846 548 est
883 500 991 548 ordo
1019 519 1028 556 ;
1069 500 1273 565 quintum
1305 510 1374 547 est
1405 501 1752 556 matrimonium,-

292 588 464 624 sextum
496 587 564 624 est
595 576 764 633 oleum,
801 594 890 642 quo
923 587 1151 640 unguntur
1183 576 1348 623 infirmi
1392 586 1475 623 etc.
1509 577 1625 638 (36).
1659 596 1682 620 υ
1710 576 1761 623 In

290 652 439 700 rituali
479 653 719 700 eorundem
753 670 1031 701 armenorum
1070 652 1183 700 libro
1221 652 1330 700 ritus
1365 652 1633 700 describitur
1670 669 1760 718 quo

289 727 521 775 conficitur
553 727 639 776 hoc
671 738 995 775 sacramentum
1013 765 1023 784 ,
1057 727 1134 792 qui
1168 744 1256 775 non
1290 727 1463 775 abludit
1495 727 1552 775 ab
1586 745 1638 775 eo
1671 745 1761 793 quo

289 806 462 851 ceterae
477 803 690 852 ecclesiae
712 803 948 852 orientales
971 813 1176 859 utuntur,
1201 814 1335 868 atque
1351 803 1520 867 gratiae
1536 814 1580 851 et
1597 804 1763 852 sancti-

290 878 510 928 ficationis
534 880 585 927 fit
606 880 786 936 mentio,
809 897 924 944 quae
948 897 1026 944 per
1049 879 1146 926 eius
1171 879 1500 944 susceptionem
1518 879 1755 928 confertur.

322 978 325 980 ·
383 956 457 1003 Sic
477 956 595 1003 enim
619 955 843 1013 sacerdos,
870 955 976 1002 dum
999 955 1222 1004 benedicit
1246 955 1431 1020 nuptiis,
1464 955 1755 1019 adprecatur:

292 1051 315 1077 «
337 1031 548 1088 Benedic,
578 1031 785 1098 Domine,
819 1032 1003 1079 istorum
1036 1031 1294 1095 coniugium
1322 1031 1632 1079 benedictione
1657 1049 1757 1096 per-

290 1118 443 1172 petua,
475 1117 520 1155 et
551 1107 765 1164 concede,
796 1118 846 1154 ut
879 1124 957 1172 per
986 1107 1094 1155 hanc
1122 1109 1312 1172 qratiam
1337 1108 1410 1155 isti
1446 1108 1602 1165 fidem,
1633 1125 1759 1173 spem

287 1183 622 1231 et'charitatem
656 1183 929 1231 custodiant:
964 1183 1081 1231 dona
1113 1183 1180 1231 eis
1214 1194 1405 1231 mentem
1439 1183 1656 1241 sobriam,
1685 1201 1761 1232 co-

289 1258 524 1323 gitationes
560 1260 690 1324 pias.
720 1298 728 1306 .
757 1270 991 1308 .sanctum
1031 1277 1245 1308 conserva
1278 1260 1464 1308 istorum
1499 1260 1672 1318 cubile,
1713 1272 1763 1308 ut

286 1335 407 1383 omni
440 1352 494 1382 ex
528 1345 651 1400 parte
678 1335 891 1392 roborati,
926 1336 971 1382 in
998 1346 1072 1383 tuo
1099 1335 1378 1400 beneplacito
1408 1347 1705 1401 perseverent.
1734 1356 1757 1381 »

287 1410 457 1457 Deinde
490 1427 677 1458 coronas
711 1411 943 1476 imponens
977 1428 1128 1459 eorum
1162 1411 1409 1475 capitibus,
1444 1412 1756 1476 prosequitur:

291 1506 315 1531 α
335 1486 546 1543 Benedic‚
573 1486 781 1543 Domine,
809 1498 853 1534 et
881 1486 1112 1534 sanctifica
1140 1486 1299 1534 horum
1328 1504 1557 1534 servorum
1588 1498 1762 1535 tuorum

287 1562 566 1626 coniugium:
596 1572 643 1610 tu
667 1563 784 1610 enim
808 1579 885 1610 eos
909 1562 965 1609 ad
988 1562 1341 1610 benedictionem
1370 1563 1487 1610 hanc
1516 1573 1639 1610 tuam
1663 1581 1763 1628 per-

289 1638 478 1695 duxisti,
506 1650 549 1686 et
577 1639 766 1704 posuisti
791 1639 837 1685 in
862 1638 1081 1703 capitibus
1112 1655 1264 1685 eorum
1288 1656 1497 1686 coronam
1526 1639 1582 1686 de
1610 1639 1762 1703 lapide

288 1715 498 1779 pretioso.
527 1754 534 1760 .
565 1753 573 1761 .
601 1753 609 1761 .
639 1716 734 1763 Non
769 1715 886 1762 enim
916 1714 1184 1779 prohibuisti
1215 1715 1416 1779 nuptias,
1451 1715 1530 1762 sed
1565 1715 1762 1762 sanctifi—

287 1790 399 1837 casti
433 1807 533 1847 eas,
564 1802 607 1838 et
633 1790 961 1838 sacerdotaliter
986 1790 1278 1847 benedixisti,
1313 1801 1446 1855 atque
1474 1791 1763 1839 veracissimo

289 1877 364 1913 tuo
389 1865 523 1914 verbo
549 1867 843 1923 confirmasti,
877 1867 1055 1914 dicens:
1084 1867 1197 1930 quod
1224 1868 1339 1913 Deus
1366 1868 1613 1921 coniuravit,
1644 1868 1762 1914 homo

288 1960 371 1988 non
397 1951 564 2006 separet
592 1945 707 2005 (37).
736 1963 758 1987 »
788 1943 962 1999 Quibus
987 1943 1099 1989 nihil
1123 1942 1392 1990 luculentius
1417 1943 1664 1990 desiderari
1689 1960 1763 2007 po-

287 2028 373 2065 test
404 2018 462 2065 ad
496 2018 835 2082 significandam
869 2019 1078 2082 gratiam,
1112 2029 1156 2066 et
1190 2019 1610 2075 sanctificationem,
1646 2035 1762 2083 quae

288 2098 368 2157 per
394 2094 574 2158 nuptias
598 2094 963 2142 communicatur.
997 2094 1096 2141 Alia
1121 2111 1208 2142 non
1232 2112 1399 2159 pauca,
1428 2112 1545 2159 quae
1573 2094 1690 2141 hanc
1714 2094 1760 2140 in

288 2186 380 2216 rem
410 2170 595 2234 proferri
627 2181 810 2234 possent
837 2171 894 2218 ad
923 2181 1181 2236 perpetuam
1208 2170 1524 2218 adstruendam
1552 2168 1761 2216 ecelesia-

288 2261 386 2291 rum
419 2255 511 2291 tum
540 2245 819 2293 orientalium
847 2257 940 2293 tum
969 2245 1310 2293 occidentalium
1343 2245 1476 2292 fidem
1505 2262 1558 2292 ac
1587 2245 1759 2309 praxim

285 2320 433 2385 quoad
467 2320 603 2368 huius
638 2322 900 2368 sacramenti
934 2322 1161 2369 veritatem
1203 2320 1530 2385 praetermitto,
1570 2337 1672 2368 cum
1706 2338 1759 2367 ea

286 2412 403 2460 quae
426 2394 558 2442 allata
585 2406 688 2443 sunt
716 2396 773 2442 ad
801 2396 998 2444 sobrium
1027 2413 1298 2460 quemquam
1325 2395 1550 2443 hominem
1573 2411 1759 2459 persua-

286 2470 480 2517 dendum
515 2470 752 2518 sufficiant.

283 2589 556 2621 sacramentorum
570 2598 589 2621 a
604 2589 775 2621 florentina
797 2589 920 2630 synodo
944 2589 1085 2621 armenis
1105 2588 1274 2621 obtrusum
1290 2588 1406 2629 fuisse,
1423 2597 1498 2620 cum
1515 2597 1589 2621 eum
1603 2596 1659 2629 per
1672 2588 1760 2620 mille

282 2640 316 2671 et
337 2647 375 2671 eo
395 2640 533 2681 amplius
557 2650 658 2674 annos
682 2640 912 2682 ignorassent.»
927 2641 977 2673 Cf.
995 2641 1098 2673 Clem.
1115 2641 1275 2673 Galanum
1298 2641 1333 2672 in
1353 2640 1583 2673 conciliatore
1597 2640 1759 2673 ecclesiae

283 2699 446 2724 ormenae
463 2700 543 2724 cum
557 2701 714 2726 romana.
728 2695 849 2725 Romae
867 2697 956 2725 1661.
971 2694 1050 2724 tom.
1069 2694 1107 2724 ΙΙ.
1124 2695 1249 2733 quaest.
1272 2697 1300 2726 3.
1315 2692 1346 2733 §.
1366 2697 1392 2725 1.
1409 2701 1480 2733 pag.
1497 2695 1569 2725 439.

380 2743 446 2784 (36)
466 2743 549 2776 lbid.
567 2754 637 2786 cap.
651 2747 712 2778 VI.

379 2797 445 2836 (37)
468 2797 559 2838 Apud
579 2799 738 2831 Galanum
754 2808 806 2839 op.
824 2800 855 2831 et
873 2800 933 2831 loc.
949 2799 1003 2831 cit.
1021 2798 1051 2839 §.
1064 2801 1104 2831 V.
1119 2807 1191 2839 pag.
1210 2800 1270 2830 469
1283 2807 1350 2838 seq.
