1918 3186
287 145 344 191 42
430 186 433 189 .
538 160 618 192 ult.
647 160 677 190 1.
706 159 819 191 SECT.
849 157 879 187 1.
907 156 960 187 DE
983 156 1154 189 nunu.
1176 157 1457 189 memmi-mro.

284 243 430 302 patres
473 243 671 301 repetant
712 234 966 298 nuptiarum
1005 246 1326 282 sacramentum
1359 252 1411 282 ex
1444 235 1748 286 benedictione

282 313 445 361 Christi
488 312 655 376 nuptiis
698 311 744 357 in
786 309 907 358 Cana
940 309 1159 359 Galilaeae
1197 311 1430 359 celebratis
1452 349 1462 368 ‚
1501 312 1620 377 quod
1662 331 1749 362 non

281 388 541 445 abnuimus,
581 388 690 452 quin
722 385 856 434 etiam
889 386 1003 435 ultro
1037 386 1247 444 fatemur;
1287 397 1434 434 tamen
1474 405 1563 436 non
1602 388 1753 437 minus

283 475 449 512 certum
471 473 542 511 est
570 469 704 527 atque
727 461 1002 527 exploratum
1033 472 1201 511 veteres
1231 463 1394 528 pariter
1416 464 1616 511 eamdem
1637 465 1754 512 v'eri-

282 550 414 587 tatem
437 557 490 587 ex
513 538 695 603 paulino
728 549 942 586 commate
975 538 1218 586 adstruere.
1246 540 1356 587 Nam
1380 550 1554 604 praeter
1575 540 1755 588 ritualia

281 625 325 663 et
345 614 607 678 euchologia
628 614 864 680 utriusque
889 614 1177 663 occidentalis
1197 626 1241 662 et
1262 615 1486 663 orientalis
1510 617 1746 672 ecclesiae,

281 707 396 755 quae
412 728 423 747 ,
450 700 500 738 ut
530 690 724 738 vidimus
744 728 756 747 ,
792 701 868 738 aut
900 690 1101 737 alludunt
1134 690 1190 737 ad
1223 690 1333 738 haee
1365 691 1566 755 Apostoli
1596 692 1748 749 verba,

280 776 358 813 aut
390 782 444 814 ea
475 772 686 831 expresse
726 766 946 822 referunt,
984 772 1149 813 certum
1182 777 1251 814 est
1282 766 1518 832 plerosque
1555 778 1752 815 veterum

278 842 400 891 hune
432 842 581 907 ipsum
615 848 779 890 textum
813 858 984 905 urgere.
1015 843 1124 889 Nam
1159 853 1330 906 praeter
1359 860 1398 890 s.
1432 842 1748 906 Augustinum,

280 919 360 983 qui
393 929 544 984 aperte
577 918 664 967 ait:
691 928 1004 966 sacramentum
1036 919 1288 982 nuptiarum·
1319 919 1615 966 commendari
1644 919 1753 966 fide-

279 994 401 1043 libus
423 994 670 1057 coniugatis
695 994 752 1041 ab
773 994 971 1059 Apostolo
993 994 1051 1041 ad
1073 995 1282 1059 Ephesios
1305 996 1455 1057 (107),
1477 994 1553 1041 alii
1578 1005 1754 1059 praesto

280 1082 384 1119 sunt
414 1087 575 1134 magno
609 1077 808 1118 nu'mero.

374 1147 490 1195 Sane
512 1145 713 1194 Clemens
745 1146 856 1194 alex.
889 1146 1056 1202 «Quod
1091 1146 1131 1194 si
1163 1147 1236 1194 lex
1261 1156 1412 1194 sancta
1443 1157 1533 1203 est,
1578 1147 1744 1211 inquit,

280 1232 483 1271 sanetum
515 1232 586 1271 est
614 1222 958 1270 matrimonium.
986 1223 1243 1287 Mysterium
1276 1239 1380 1286 ergo
1414 1222 1499 1270 hoe
1532 1222 1590 1269 ad-
1622 1222 1751 1269 Chri-

279 1308 397 1347 stum
429 1309 474 1348 et
503 1298 737 1348 ecelesian‘r
768 1299 893 1347 ducit
922 1298 1158 1363 Apostolus
1187 1300 1334 1362 (108).
1356 1318 1383 1344 »⁷

373 1374 716 1423 Ambrosianus:
743 1374 1030 1440 «Mysterium
1053 1374 1139 1422 hoe
1161 1392 1370 1438 magnum
1393 1385 1483 1431 est,
1503 1392 1585 1439 ego
1603 1385 1750 1422 autem

279 1449 383 1498 dieo
402 1449 452 1496 in
466 1448 645 1499 Christo>
665 1449 771 1497 etin
789 1449 991 1498 ecelesia.
1015 1450 1213 1514 Mysterii
1237 1460 1561 1498 sacramentum·
1582 1450 1751 1513 grande

278 1525 325 1572 in'
357 1527 521 1574 unitate
541 1527 632 1575 viri
652 1544 703 1574 ae
723 1526 921 1574 mulieris
949 1543 1049 1574 esse
1083 1525 1319 1589 significat.
1349 1527 1438 1573 Ne'e
1461 1526 1545 1574 hoc
1574 1526 1745 1590 prodit,

280 1600 360 1649 sed
393 1601 527 1649 aliam
560 1610 742 1650 causam
759 1640 769 1659 ,
797 1620 913 1667 quae
945 1618 1032 1649 non
1065 1601 1290 1650 discordet
1322 1618 1348 1648 a
1379 1613 1619 1650 memorato
1653 1620 1750 1667 my-

280 1677 438 1734 sterio,
476 1677 666 1741 flagitat,
705 1695 844 1742 quum
877 1677 965 1726 seit
992 1677 1048 1725 ad
1083 1677 1324 1744 profeetum
1357 1677 1541 1725 humani
1575 1678 1749 1742 generis

280 1752 526 1816 pertinere,
555 1753 641 1800 hoc
664 1764 732 1801 est
764 1753 978 1801 eeclesiae
1011 1764 1052 1800 et
1085 1752 1349 1810 Sa‘lvatoris‚
1374 1764 1425 1801 ut
1447 1754 1563 1801 sieut
1585 1753 1748 1801 relictis

280 1828 536 1892 parentibus
570 1828 704 1878 homo
735 1829 862 1877 uxori
886 1846 994 1877 suae
1016 1829 1250 1886 adhaeret,
1279 1830 1340 1877 ita
1361 1834 1428 1886 et,
1455 1828 1606 1876 relicto
1629 1846 1747 1876 omni

279 1920 447 1961 errore,
475 1903 663 1953 ecelesia
696 1904 934 1954 adhaereat
965 1915 1008 1952 et
1042 1904 1304 1953 subiiciatur
1336 1905 1469 1969 capiti
1494 1922 1599 1961 suo,
1629 1904 1747 1968 quod

279 1990 347 2027 est
379 1979 582 2029 Christus
609 1981 758 2042 (109).
778 1999 803 2026 »

373 2055 418 2101 S.
457 2055 520 2103 Io.
547 2054 888 2121 Chrysostomus
906 2094 916 2113 ,
955 2057 1148 2105 recitatis
1181 2056 1378 2120 Apostoli
1415 2055 1562 2103 verbis
1601 2072 1746 2111 saera-

278 2141 464 2177 mentum
497 2132 570 2178 hoe
607 2149 811 2195 maynum
853 2143 914 2179 est
955 2142 1054 2187 etc„
1095 2132 1276 2179 scribit:
1323 2131 1485 2187 «Quid
1518 2141 1585 2178 est
1626 2130 1746 2178 hoe?

280 2205 486 2270 Magnum
519 2217 864 2265 sacramentum,
892 2208 991 2274 ipse
1023 2208 1156 2266 dicit,
1183 2208 1290 2274 quia
1322 2225 1531 2272 magnum
1563 2206 1672 2272 quid
1704 2218 1747 2254 et

280 2282 539 2330 admirabile
571 2284 838 2346 significavit
858 2284 1015 2332 beatus
1038 2285 1182 2332 Moses
1196 2323 1206 2341 ,
1234 2285 1324 2332 imo
1345 2299 1448 2332 vero
1471 2284 1606 2330 Deus.
1630 2283 1745 2330 Inte-

282 2359 364 2405 rim
387 2369 531 2406 autem
564 2358 695 2406 dicit:
723 2361 770 2406 in
795 2360 963 2407 Christo
986 2360 1103 2414 dico,
1133 2359 1344 2424 quoniam
1367 2370 1410 2407 et
1432 2359 1531 2423 ipse
1557 2357 1745 2406 dimisso

282 2436 410 2483 Patre
447 2434 676 2483 deseendit
707 2445 750 2482 et
786 2435 907 2483 venit
945 2435 1004 2483 ad
1045 2452 1283 2499 sponsam,
1322 2446 1366 2482 et
1406 2435 1548 2482 faetus
1591 2444 1658 2481 est
1698 2434 1743 2480 in

374 2603 460 2644 (1⁰7)
480 2606 529 2636 De
549 2613 632 2647 nup.
654 2604 712 2637 lib.
729 2606 755 2637 Ι.
773 2614 803 2637 e.
819 2607 859 2638 Χ.
875 2603 1001 2637 Profert
1019 2603 1106 2636 enim
1124 2588 1170 2636 ibi
1190 2612 1228 2636 ex
1252 2603 1324 2636 loeo
1344 2602 1387 2635 de
1406 2612 1473 2644 quo
1493 2602 1681 2636 disserimus
1703 2612 1740 2636 ea

280 2655 402 2689 verba:
429 2657 500 2689 Viri
513 2656 648 2698 diliqtte
662 2666 789 2690 uxores
813 2659 947 2690 vestras
970 2658 1061 2690 sicut
1081 2658 1115 2689 et
1140 2655 1298 2691 christus
1319 2655 1445 2688 dilexit
1465 2655 1653 2689 ecclesiam.

375 2707 465 2750 (108)-
481 2709 553 2742 Lib.
573 2711 632 2742 111.
649 2712 776 2743 strom.
792 2710 844 2743 ed.
860 2712 967 2743 Oxou.
985 2712 1076 2742 1715.
1087 2717 1164 2750 opp.
1177 2709 1256 2741 tom.
1270 2709 1297 2741 1.
1314 2716 1387 2749 pag.
1403 2710 1473 2741 549.

375 2760 462 2803 (1⁰9)
481 2763 568 2795 luter
588 2772 662 2804 opp.
679 2772 706 2796 s.
722 2762 868 2796 Ambros.
886 2763 919 2796 in
934 2762 1069 2804 append.
1087 2763 1121 2794 in
1136 2770 1186 2802 ep.
1203 2761 1242 2793 ad
1259 2760 1374 2802 Ephoe.
1386 2760 1428 2793 ad
1444 2761 1476 2793 h.
1492 2761 1517 2793 Ι.
