1912 3180
1470 165 1559 209 287

656 259 873 297 carum·
900 261 1008 297 ιιι.

485 387 535 418 DE
572 387 817 420 nA'rnffloNn
851 387 999 420 civius
1034 391 1152 421 LEGE.

681 505 954 542 ARTICULUS
983 507 1011 540 Ι.

111 607 192 645 Lex
211 607 449 646 Matrimonii
467 608 591 646 civilis
609 608 710 646 inter
726 607 933 646 catholicos
950 618 973 645 a
990 606 1207 646 christianis
1226 610 1550 660 pseudo-politicis

366 674 562 721 proposita
590 671 938 721 antiphilosophica
964 675 1021 710 est
1047 675 1084 709 et
1110 673 1254 721 iniqua.

194 788 417 835 Hactenus
455 787 781 835 matrimonium
810 787 940 835 civile
973 788 1018 834 in
1052 787 1148 834 eius
1182 788 1355 851 origine
1389 800 1432 836 et
1464 808 1564 853 pro-

95 880 269 926 gressu,
310 863 355 909 in
390 863 539 928 pravis
575 862 830 919 effectibus,
859 874 992 927 atque
1015 863 1060 908 in
1086 862 1242 910 intima
1275 864 1372 911 eius
1407 875 1564 912 natura

96 940 397 1003 spectavimus
416 939 500 986 sub
517 939 753 1003 multiplici
777 949 976 1003 aspectu,
999 938 1310 1003 philosophico
1334 940 1560 994 nimirum,

96 1015 364 1078 theologico,
405 1016 645 1071 canonico,
685 1016 929 1072 historico,
968 1015 1122 1062 sociali
1155 1015 1288 1062 etiam
1321 1027 1456 1080 atque
1490 1033 1564 1080 po—

95 1091 239 1138 litico:
279 1108 396 1138 nunc
430 1092 612 1156 propius
647 1092 867 1155 agendum
892 1102 959 1138 est
982 1091 1038 1138 de
1061 1092 1159 1156 ipsa
1185 1092 1292 1155 leqe,
1322 1108 1439 1156 quae
1469 1110 1566 1140 ma-

95 1166 349 1214 trimonium
384 1167 514 1214 civile
543 1167 687 1214 sancit
716 1168 761 1213 in
790 1166 1044 1230 regionibus
1069 1167 1202 1214 etiam
1226 1166 1560 1222 catholicorum,

93 1241 167 1288 ubi
204 1241 491 1289 tridentinum
526 1242 799 1307 publicatum
833 1254 915 1290 est.

190 1317 448 1383 Optandum
484 1335 593 1366 sane
625 1329 777 1375 esset,
813 1329 862 1366 ut
899 1318 1159 1365 huiusmodi
1193 1318 1265 1365 lex
1298 1318 1469 1365 nullum
1493 1335 1566 1366 ca·-

95 1393 359 1442 tholicorum
400 1394 602 1442 codicum
648 1395 849 1442 inficeret
879 1412 932 1442 ac
963 1395 1240 1458 deturparet,
1278 1394 1566 1458 quemadmo-

93 1470 201 1517 dum
236 1487 387 1518 revera
421 1470 590 1535 aliquot
615 1470 757 1517 inficit
785 1487 838 1517 ac
860 1470 1082 1535 deturpat.
1104 1471 1154 1517 In
1173 1470 1348 1527 Galliis,
1375 1481 1424 1517 ut
1453 1470 1567 1517 dixi-

93 1563 191 1594 mus
207 1585 217 1603 ,
245 1556 484 1612 postquam
514 1546 728 1594 sanctitas
761 1547 1029 1594 matrimonii
1060 1546 1144 1594 sub
1169 1546 1386 1595 libertatis
1411 1546 1567 1594 arbore

93 1621 219 1670 foede
251 1623 336 1670 fuit
369 1623 622 1688 profanata,
651 1624 980 1671 matrimonium
1004 1623 1134 1671 civile
1159 1635 1389 1688 tamquam·
1416 1623 1566 1671 minus

91 1698 282 1756 malum,
311 1710 355 1747 at
377 1711 494 1748 certe
524 1701 837 1764 gravissimum
871 1699 1080 1756 invaluit,
1119 1717 1172 1747 ac
1205 1699 1304 1763 lege
1338 1699 1427 1747 lata
1460 1717 1567 1749 cau-

94 1786 186 1822 tum
209 1785 300 1832 est,
323 1786 373 1822 ut
394 1775 513 1840 quod
538 1776 695 1823 attinet
717 1774 774 1822 ad
798 1775 952 1822 civiles
976 1776 1159 1822 effectus
1194 1775 1316 1822 nulla
1351 1775 1461 1822 ratio
1486 1775 1567 1822 ha-

92 1850 250 1897 beatur
278 1851 456 1900 illarum
481 1852 763 1915 nuptiarum,
793 1869 908 1916 quae
925 1851 983 1898 ad
1000 1851 1187 1899 formam
1211 1851 1440 1898 tridentini
1465 1867 1566 1898 con-

93 1925 183 1974 cilii
203 1927 248 1973 in
267 1927 379 1974 facie
402 1927 618 1975 ecclesiae
643 1938 809 1975 tantum
832 1928 968 1975 initae
991 1927 1180 1984 fuerint,
1203 1938 1248 1975 at
1264 1927 1367 1974 iniri
1386 1927 1565 1975 omnino

93 2004 282 2052 debeant
315 2021 463 2052 coram
488 2004 607 2052 civili
637 2005 913 2068 magistratu.
944 2004 1073 2059 Quod
1096 2004 1278 2068 quidem
1304 2004 1343 2051 si
1369 2004 1467 2060 fiat,
1497 2004 1567 2050 lex

93 2080 274 2127 minime
308 2080 619 2128 contrahentes
660 2081 779 2144 cogit
814 2092 860 2127 ut
893 2080 1222 2128 matrimonium
1257 2081 1303 2126 in
1338 2080 1450 2127 facie
1493 2097 1564 2128 ec-

91 2156 253 2203 clesiae
298 2156 544 2212 celebrent;
583 2168 653 2204 ast
686 2157 815 2205 civile
849 2156 1104 2219 coniugium
1150 2156 1453 2203 necessarium
1498 2166 1567 2203 est

91 2241 134 2278 et
165 2230 413 2278 sufficiens.
450 2232 564 2278 Hinc
599 2249 687 2280 non
722 2233 851 2297 pauci
895 2232 1095 2296 perditae
1139 2231 1437 2279 conscientiae
1482 2230 1565 2277 viri

90 2324 140 2353 ac
173 2307 383 2354 mulieres
416 2307 607 2354 contenti
638 2325 885 2355 consensus
921 2307 1008 2354 sibi
1044 2307 1232 2354 invicem
1267 2305 1467 2371 praestiti
1491 2322 1566 2353 co-

91 2400 185 2429 ram
218 2383 341 2430 civili
376 2383 664 2446 magistratu,
703 2383 799 2447 lege
834 2382 1036 2439 suffulti,
1071 2383 1254 2447 perinde
1279 2399 1329 2429 ac
1353 2382 1391 2428 si
1414 2399 1567 2429 verum

90 2459 417 2507 matrimonium
436 2460 778 2518 contraxissent,
802 2459 935 2508 simul
955 2458 1227 2514 cohabitant,
1249 2457 1373 2506 obliti
1392 2458 1566 2505 animae

91 2552 142 2581 ac
160 2535 333 2583 salutis.
357 2537 422 2582 Ex
447 2536 583 2583 Gallis
608 2536 653 2583 in
672 2536 871 2600 Belgium
890 2536 1022 2582 etiam
1041 2545 1130 2581 tam
1151 2534 1401 2598 perniciosa
1426 2534 1565 2598 pestis

92 2621 161 2658 est
184 2623 445 2676 propagata.

186 2686 359 2734 Alicubi
379 2689 565 2752 spiritus
584 2687 839 2735 rebellionis
858 2697 901 2734 et
917 2685 1287 2750 independentiae
1304 2684 1362 2732 ab
1378 2684 1566 2732 ecclesia

95 2761 264 2809 similes
300 2762 419 2825 leges
456 2763 654 2819 induxit;
695 2764 937 2812 novissime
961 2762 1006 2808 in
1032 2760 1259 2825 republica
1293 2762 1566 2825 Neo-grana-
