1918 3186
294 210 384 243 CAP.
406 211 470 243 111.
493 211 544 243 DE
568 210 776 245 mms'rno.
800 211 894 243 mr.
918 212 980 244 111.
1003 210 1159 244 aneu!-
1181 209 1453 244 THEOLOGIGA.
1549 196 1607 244 93

144 288 463 354 susciperetur,
501 300 577 338 aut
609 288 933 336 ministraretur
955 327 965 346 ,
1009 289 1267 354 praesertim
1301 289 1340 336 si
1382 289 1492 339 ratio
1531 288 1612 337 ha-

142 364 296 413 beatur
328 366 510 413 canonis
538 366 580 411 4.
609 375 653 411 et
684 381 781 412 can.
813 365 889 411 32.
919 376 1091 429 quaest.
1115 367 1160 412 2.
1226 416 1230 420 y
1351 378 1353 380 ·
1487 377 1492 382 ·

239 441 360 489 Talia
392 459 570 506 quoque
602 440 757 488 baberi
785 439 947 488 debent
969 441 1175 505 coniugia
1196 441 1243 488 in
1266 438 1526 490 infidelitate
1548 440 1611 489 le-

142 517 295 580 gitime
337 516 447 563 inita
469 554 479 573 ,
524 516 704 581 quando
737 526 891 581 postea
923 515 1051 563 ambo
1086 517 1298 580 coniuges
1322 516 1609 570 ,matrimonio

142 592 231 639 iam
249 591 471 639 coniuncti
489 609 569 656 per
583 591 855 657 baptismum
871 591 1084 640 ecclesiae
1098 592 1427 640 adscribuntur.
1444 592 1611 640 Horum

141 666 471 714 matrimonium
493 678 596 732 post
616 667 887 733 baptismum
921 678 1244 715 sacramentum
1276 667 1477 722 evasisse
1509 667 1612 732 quis

139 741 330 789 dixerit?
355 741 600 808 Quousque
623 743 740 790 enim
764 758 1030 791 consensum
1055 759 1187 790 suum
1209 742 1255 789 in
1278 752 1516 807 conspectu
1538 759 1613 791 ec-

139 817 303 867 clesiae
329 818 539 882 coniuges
563 819 637 867 isti
663 837 751 867 non
769 818 1095 875 renovaverint,
1122 817 1289 881 vigebit
1309 818 1490 883 quidem
1513 835 1614 866 con-

139 903 302 941 tractus
337 894 605 958 coniugalis,
647 904 970 942 sacramentum
1003 904 1149 941 autem
1181 910 1270 941 non
1303 891 1554 941 habebitur.

240 969 360 1027 Quid
380 971 419 1018 si
438 970 581 1034 fingas
600 971 810 1034 coniuges
834 969 936 1018 illos
960 987 1047 1017 non
1070 970 1225 1018 eodem
1249 980 1447 1034 tempore
1467 969 1615 1035 bapti-

140 1045 261 1093 zari?
293 1047 358 1094 Εο
391 1047 633 1095 maioribus
666 1046 750 1094 hac
780 1047 827 1093 in
850 1046 1114 1112 hypothesi,
1152 1063 1268 1112 quae
1300 1057 1446 1094 tamen
1479 1046 1614 1094 infre-

142 1139 285 1187 quens
328 1140 414 1170 non
458 1133 546 1180 est,
594 1122 932 1170 difficultatibus
966 1140 1036 1170 res
1069 1122 1258 1170 obnoxia
1290 1140 1392 1170 esse
1423 1122 1614 1171 dicenda

143 1209 238 1247 est:
275 1217 379 1247 nam
410 1217 511 1247 cum
541 1211 864 1248 sacramentum
894 1218 982 1248 non
1009 1200 1068 1247 sit
1090 1200 1178 1257 nisi
1211 1200 1257 1247 in
1290 1210 1476 1264 utroque
1507 1216 1614 1247 con-

141 1276 244 1340 iuge
258 1315 268 1334 ,
295 1294 384 1325 non
415 1276 557 1342 liquet
588 1278 810 1343 quomodo
832 1277 878 1323 in
901 1277 1165 1342 baptismate
1187 1277 1321 1324 unius
1347 1277 1490 1341 possit
1511 1293 1613 1324 esse

143 1365 468 1411 sacramentum
499 1354 693 1418 coniugii
727 1355 861 1402 etiam
884 1354 930 1400 in
954 1354 1114 1410 altero,
1153 1354 1229 1419 qui
1264 1353 1411 1402 adhuc
1442 1354 1613 1418 baptis-

141 1440 258 1477 mate
290 1430 503 1478 lustratus
538 1448 626 1479 non
659 1442 748 1487 est;
786 1440 862 1478 aut
894 1431 1116 1495 quomodo
1140 1430 1185 1477 in
1208 1430 1474 1495 baptismate
1506 1429 1614 1478 alte-

144 1506 238 1553 rius
277 1506 464 1570 incipiat
495 1524 597 1554 esse
630 1516 953 1554 sacramentum
987 1506 1034 1552 in
1067 1516 1277 1571 utroque,
1323 1506 1508 1571 quando
1536 1506 1578 1554 is
1599 1544 1610 1563 ,

140 1582 218 1646 qui
252 1592 380 1629 antea
413 1581 663 1646 baptizatus
688 1592 771 1639 est,
799 1582 910 1629 forte
942 1582 998 1628 de
1030 1582 1296 1629 conferendo
1319 1599 1409 1630 non
1431 1582 1608 1646 cogitet.

141 1658 206 1706 Ex
229 1676 320 1723 qua
352 1659 739 1706 animadversione
771 1659 966 1724 quisque
999 1658 1205 1722 intelligit
1236 1659 1411 1716 illorum
1446 1658 1615 1707 theolo-

139 1751 293 1798 gorum
322 1734 555 1782 concidere
588 1735 875 1792 sententiam,
912 1735 989 1799 qui
1024 1735 1080 1782 ad
1114 1734 1388 1790 evadendam
1421 1734 1614 1793 difficul-

142 1819 276 1865 tatem
307 1821 551 1874 reponunt,
590 1810 919 1858 matrimonium
953 1809 1227 1868 infidelium,
1255 1810 1333 1875 qui
1368 1821 1521 1874 postea
1554 1810 1611 1858 ad

142 1883 396 1947 religionem
422 1903 473 1933 se
505 1885 797 1933 christianam
830 1896 1110 1942 convertunt,
1147 1903 1201 1932 ex
1233 1903 1354 1934 mero
1384 1896 1613 1944 ‚contractu

142 1959 236 2006 fieri
271 1973 592 2010 sacramentum
627 1963 729 2027 ipsa
759 1962 972 2027 baptismi
1007 1962 1302 2027 susceptione.
1577 2010 1580 2015 ζ

235 2038 360 2084 Nunc
389 2039 547 2086 iterum
572 2040 688 2103 finge
711 2040 1039 2088 matrimonium
1073 2039 1283 2087 celebrari
1317 2039 1432 2087 inter
1462 2038 1610 2104 bapti-

139 2122 287 2159 zatum
307 2150 317 2168 ,
356 2123 400 2160 et
431 2114 794 2168 catechumenam
815 2153 825 2172 ,
862 2115 1059 2178 legitima
1097 2115 1331 2168 accedente
1376 2115 1613 2180 dispensa-

139 2188 271 2238 tione.
294 2188 389 2236 Hoc
411 2189 605 2252 profecto
627 2190 673 2236 in
696 2208 804 2238 casu
827 2201 1076 2239 contractus
1093 2191 1197 2239 'sine
1219 2202 1495 2239 sacramento
1520 2193 1613 2247 ¹erit

138 2264 461 2328 agnoscendus.
503 2265 631 2321 Quod
665 2266 703 2312 si
738 2266 963 2331 quispiam
1002 2267 1161 2314 dixerit
1202 2278 1611 2317 sacramentum‘ex

138 2350 263 2404 parte
294 2340 505 2405 baptizati
539 2340 715 2397 haberi,
742 2356 830 2395 non
855 2342 1206 2399 minuitur‚„se,d
1232 2344 1389 2407 -potius
1426 2354 1612 2408 augetur

137 2416 405 2473 difficultas;
434 2427 537 2464 tunc
559 2417 677 2464 enim
701 2417 757 2474 is,
772 2418 849 2482 qui
869 2418 1122 2475 itasentiat,
1144 2430 1324 2482 urgetur
1345 2430 1395 2466 ut
1417 2419 1608 2477 indicet,

137 2509 225 2556 quo
248 2492 527 2540 ministrante
550 2492 1148 2557 sacramentum'baptizatus
1171 2494 1409 2558 acceperit,
1430 2506 1474 2543 et
1497 2511 1608 2560 quo-

137 2568 267 2615 modo
295 2568 390 2616 fieri
424 2569 568 2633 possit
599 2569 768 2626 edicat,
796 2580 847 2619 ut
867 2570 1203 2626 catechumena,
1232 2585 1350 2634 quae
1371 2571 1515 2636 impar
1539 2582 1610 2621 est

138 2655 187 2691 ut
219 2657 542 2694 sacramentum
576 2647 817 2712 suscipiat,
845 2666 901 2696 ea
923 2665 1004 2712 par
1038 2648 1115 2694 fiat
1147 2658 1197 2695 ut
1228 2648 1425 2702 conferat
1456 2666 1609 2698 sacra-

138 2730 348 2767 mentum.
375 2722 638 2787 Exemplum
662 2723 843 2770 ductum
866 2740 919 2770 ex
941 2722 1164 2787 baptismo
1195 2722 1352 2772 collato
1375 2724 1517 2777 {etiam
1551 2725 1608 2773 ab

138 2795 307 2843 infideli
331 2814 420 2845 non
445 2798 715 2861 suffragatur
747 2798 831 2856 iis,
857 2798 934 2862 qui
972 2799 1030 2846 ita
1064 2799 1283 2857 sentiunt,
1314 2816 1418 2849 cum
1453 2812 1611 2865 agatur
