1918 3186
379 237 467 268 mr.
497 237 555 268 vr.
585 237 637 268 m:
663 237 796 269 msrr.
826 235 975 267 coma.
1009 236 1056 267 ET
1081 219 1195 267 sancii.
1228 233 1320 265 Aur.
1350 233 1379 264 1.
1541 217 1627 261 191

154 314 381 362 formalem
407 331 459 361 ac
481 313 694 370 validum,
729 313 806 378 qui
837 330 926 359 non
951 313 1010 360 sit
1034 321 1375 360 sacramentum.
1398 309 1491 358 Hac
1514 310 1634 357 enim

152 392 197 437 in
223 390 461 456 hypothesi
487 390 543 437 ad
568 406 789 437 summum
824 389 1036 451 coniuges
1070 389 1353 453 privarentur
1374 387 1516 451 gratia
1535 393 1637 434 'tan-

155 478 248 515 tum
292 465 628 523 sacramentali,
666 465 734 513 vel
770 474 1005 530 peccarent
1038 465 1099 513 ita
1132 464 1441 513 contrahentes
1484 472 1635 511 contra

157 542 374 590 ecclesiae
408 551 719 606 praeceptum,
759 541 837 589 sed
872 551 1122 588 contractus
1158 542 1203 587 in
1238 558 1319 588 suo
1354 540 1510 588 robore
1536 556 1638 604 per-

156 629 383 673 maneret,
423 635 475 664 ac
509 617 575 663 illi
609 635 711 665 vere
746 618 956 681 coniuges
998 628 1163 665 essent.
1208 618 1409 665 Attamen
1450 615 1637 664 ecclesia

155 693 218 741 uti
253 693 401 740 nullas
435 703 689 740 constanter
722 693 878 740 habuit
900 704 943 740 et
964 693 1100 741 habet
1122 693 1339 740 eiusmodi
1363 692 1637 741 coniunctio-

158 788 254 818 nes.
284 769 553 834 Argumento
581 770 714 833 igitur
738 769 1009 818 ineluctabili
1034 779 1125 825 est,
1156 786 1242 817 non
1268 769 1514 817 subsistere
1536 786 1637 817 con-

157 857 345 894 tractum
363 885 373 903 ,
412 847 450 894 si
481 864 569 895 non
603 847 866 894 interveniat
899 856 1251 901 sacramentum,
1280 862 1359 892 seu
1383 846 1532 893 verius
1556 843 1635 910 qui

158 940 246 971 non
283 923 342 971 sit
374 934 716 971 sacramentum.

241 1000 363 1047 Idem
384 1000 663 1065 apertissime
680 999 900 1063 colligitur
917 1017 968 1047 ex
981 999 1272 1054 Allocutione,
1294 1009 1427 1063 quam
1440 997 1545 1045 Pius
1557 998 1633 1044 lx.

159 1075 317 1123 habuit
339 1075 396 1123 ad
421 1086 571 1140 patres
595 1075 843 1123 cardinales
867 1075 940 1122 die
966 1076 1041 1122 27.
1067 1074 1288 1140 Septemb.
1315 1076 1454 1124 1852.
1478 1075 1524 1120 in
1549 1091 1638 1139 qua

160 1163 313 1200 contra
345 1151 487 1216 legem
522 1152 576 1199 de
610 1152 892 1199 matrimonio
930 1151 1049 1200 civili
1090 1153 1134 1198 in
1170 1150 1537 1215 Neo—granatensi
1573 1167 1643 1197 re-

160 1227 341 1292 publica
387 1229 700 1293 propositam,
746 1229 806 1276 ita
848 1227 1091 1276 catholicae
1138 1228 1354 1275 ecclesiae
1396 1227 1642 1275 doctrinam

159 1305 386 1369 exposuit:
415 1304 571 1350 «Nihil
607 1303 799 1352 dicimus
840 1304 896 1351 de
929 1304 1016 1351 alio
1056 1304 1132 1351 illo
1172 1304 1378 1359 decreto,
1424 1320 1514 1368 quo
1549 1320 1644 1351 ma-

157 1380 352 1427 trimonii
378 1379 641 1427 sacramenti
670 1380 901 1445 mysterio,
930 1379 1164 1443 dignitate,
1195 1379 1428 1427 sanctitate
1461 1379 1640 1426 omnino

160 1456 396 1520 despecta,
417 1455 605 1520 eiusque
624 1456 900 1503 institutione
919 1494 928 1512 ,
956 1466 999 1503 et
1022 1467 1180 1503 natura
1204 1472 1388 1521 prorsus
1412 1455 1614 1519 ignorata
1629 1493 1639 1509 ‚

160 1543 204 1579 et
231 1549 411 1589 eversa,
443 1542 576 1597 atque
611 1531 825 1579 ecclesiae
854 1532 898 1578 in
927 1544 1253 1580 sacramentum
1284 1532 1402 1579 idem
1427 1541 1643 1597 potestate

163 1609 342 1673 penitus
368 1620 534 1672 spreta,
565 1608 895 1673 proponebatur
928 1609 1049 1656 iuxta
1072 1609 1161 1656 iam
1186 1609 1420 1657 damnatos
1455 1608 1646 1656 haereti—

144 1697 318 1732 'corum
352 1701 551 1741 errores,
581 1694 713 1750 atque
737 1685 952 1732 adversus
978 1685 1223 1733 catholicae
1247 1685 1461 1733 ecclesiae
1490 1685 1648 1732 doctri-

163 1778 291 1818 nam,
319 1771 369 1808 ut
390 1761 722 1809 matrimonium
758 1772 981 1827 tamquam
1019 1762 1164 1810 civilis
1202 1772 1368 1809 tantum
1393 1772 1644 1810 contractus

164 1836 429 1895 haberetur,
458 1848 501 1885 et
535 1838 578 1883 in
603 1838 741 1885 variis
777 1839 956 1887 casibus
992 1839 1230 1886 divortium
1264 1839 1443 1903 proprie
1478 1838 1643 1885 dictum

166 1913 438 1971 sanciretur,
477 1931 722 1979 omnesque
755 1915 1104 1963 matrimoniales
1134 1922 1297 1963 causae
1330 1915 1387 1962 ad
1421 1914 1538 1962 laica
1570 1914 1648 1960 de-

167 1989 386 2035 ferrentur
417 1990 683 2046 tribunalia,
723 2001 766 2038 et
800 1991 856 2038 ab
891 1992 981 2040 illis
1016 1992 1343 2046 iudicarentur;
1383 2008 1483 2038 cum
1519 2007 1648 2056 nemo

166 2082 219 2112 ex
237 2064 468 2112 catholicis
487 2066 683 2128 ignoret,
705 2078 781 2114 aut
798 2067 1000 2130 ignorare
1019 2068 1178 2133 possit,
1200 2067 1529 2115 matrimonium
1547 2083 1648 2114 esse

167 2158 285 2197 vere,
314 2151 356 2188 et
380 2142 559 2206 proprie
593 2159 730 2189 unum
755 2160 807 2190 ex
832 2155 999 2208 septem
1035 2143 1316 2207 evangelicae
1350 2143 1462 2207 legis
1499 2159 1648 2191 sacra-

169 2218 329 2267 mentis
363 2235 390 2265 a
422 2217 598 2266 Christo
631 2219 820 2267 Domino
862 2220 1136 2276 institutum,
1175 2237 1226 2267 ac
1261 2230 1491 2285 propterea
1534 2221 1646 2266 inter

166 2293 313 2358 fideles
357 2296 679 2342 matrimonium
722 2295 824 2343 clari
854 2314 937 2342 non
966 2314 1089 2360 posse
1110 2334 1120 2350 ‚
1168 2298 1274 2360 quin
1306 2313 1389 2343 uno
1424 2295 1646 2360 eodemque

172 2380 352 2435 tempore
387 2373 445 2418 sit
478 2382 819 2426 sacramentum,
861 2383 993 2437 atque
1039 2372 1206 2420 idcirco
1240 2372 1484 2438 quamlibet
1516 2372 1649 2419 aliam

171 2447 285 2494 inter
307 2447 578 2495 christianos
598 2449 680 2495 viri
706 2459 750 2495 et
771 2448 986 2503 mulieris,
1004 2459 1178 2513 praeter
1194 2458 1522 2503 sacramentum,
1546 2465 1652 2496 con-

171 2523 468 2582 iunctionem,
510 2525 831 2590 cuiuscumque
866 2526 998 2572 etiam
1032 2525 1176 2573 civilis
1210 2524 1322 2588 legis
1361 2524 1405 2572 vi
1446 2525 1605 2572 factam
1635 2563 1644 2579 ‚

173 2599 284 2646 nihil
330 2599 451 2649 aliud
486 2619 615 2658 esse,
655 2602 741 2649 nisi
783 2612 948 2666 turpem
981 2612 1108 2665 atque
1141 2602 1366 2649 exitialem
1393 2600 1651 2653 ,concubina-

175 2685 263 2721 tum
296 2676 353 2723 ab
386 2677 575 2726 ecclesia
610 2689 839 2743 tantopere
874 2677 1151 2734 damnatum,
1191 2677 1461 2743 ac‘proinde
1493 2694 1519 2724 a
1553 2694 1653 2726 con-

176 2749 310 2813 iugali
346 2750 522 2799 foedere
556 2763 881 2801 sacramentum
913 2752 1110 2817 separari
1145 2770 1378 2818 numquam
1397 2756 1572 2819 Posse,
1610 2763 1653 2800 et

175 2826 354 2873 omnino
389 2839 590 2891 spectare
623 2829 678 2874 ad
714 2829 928 2876 ecclesiae
963 2839 1221 2892 potestatem
1246 2847 1299 2878 ea
1322 2830 1471 2878 omnia
1500 2830 1653 2877 decer-
