1918 3186
257 224 347 256 ω).
377 224 421 255 11.
451 223 502 254 mv.
527 221 736 255 umrsrno.
766 222 857 252 Aur.
887 222 932 253 11.
963 221 1131 260 QuAnsr.
1160 220 1427 254 rnounzssus.
1533 207 1590 252 73

227 302 344 348 Licet
370 317 496 358 vero,
524 299 587 346 uti
615 315 668 351 ex
695 297 825 345 dictis
851 309 1044 356 constat,
1077 298 1223 363 plures
1256 298 1447 361 theologi
1482 297 1590 346 Cani

130 378 411 425 adhaeserint
453 376 716 431 sententiae,
756 392 996 438 numquam
1030 386 1176 422 tamen
1210 375 1440 423 defuerunt
1463 374 1594 440 'iique

130 472 216 502 non
252 454 402 519 pauci,
437 453 512 517 qui
538 462 628 498 tum
652 469 704 498 ea
728 451 825 515 ipsa
841 489 850 507 ‚
876 459 967 497 tum
992 452 1180 499 maxime
1204 451 1431 516 posteriori
1455 461 1596 499 aetate

129 530 187 577 ad
220 530 330 577 haec
362 546 503 593 usque
535 538 731 592 tempora
765 527 885 574 illius
918 527 1116 591 opinioni
1151 545 1250 575 sese
1278 528 1436 575 acriter
1459 545 1595 592 oppo-

129 606 310 653 suerint.
346 604 443 660 Quo
476 604 638 650 factum
673 613 771 659 est,
809 613 858 650 ut
890 603 1072 667 antiqua
1108 603 1307 651 doctrina
1348 604 1395 650 in
1429 603 1596 651 scholis

127 680 356 730 catholicis
391 679 665 727 communior
695 696 870 744 semper
901 679 1258 744 perseveraverit.

221 756 283 803 Ac
316 756 458 821 primo
493 756 673 821 quidem
707 756 1038 803 insurrexerunt
1071 755 1284 802 adversus
1313 754 1480 802 Canum
1508 755 1597 803 Do-

127 832 317 879 minicus
341 833 459 888 Soto‚
492 832 569 896 qui
594 831 690 878 eius
715 831 976 878 sententiam
1010 847 1190 895 prorsus
1224 830 1491 893 sinqularem
1523 847 1598 895 ap-

127 908 306 974 pellavit
343 910 458 971 (51).
491 907 782 955 Bellarminus
817 908 912 969 (52)
934 945 943 963 ‚
976 907 1174 971 Vasquez
1208 907 1335 968 (53),
1375 906 1599 971 Theophi-

128 985 197 1032 lus
231 984 495 1050 Raynaud'as
539 985 662 1046 (54),
698 983 964 1030 Simonettus
1011 985 1126 1045 (55),
1162 982 1434 1047 Van'Espen
1471 982 1591 1044 (56).

127 1061 219 1108 Hos
259 1061 468 1126 deinceps
510 1059 684 1124 sequuti
730 1069 833 1107 sunt
873 1058 1118 1106 Marbesius
1146 1097 1156 1115 ,
1203 1059 1362 1106 Pontas
1384 1095 1394 1114 ‚
1417 1060 1421 1064 ’
1448 1067 1599 1106 auctor

130 1137 382 1201 Tkeoloqiae
431 1137 739 1200 petrocorensis
765 1173 777 1190 ,
844 1137 881 1182 T
881 1136 1092 1199 heoloqiae
1133 1132 1558 1199 'qratianopolitanae
1578 1171 1592 1189 ,

130 1212 308 1260 Pothier
341 1251 351 1269 ‚
399 1212 648 1259 redactores
690 1212 980 1258 Callationum
1019 1210 1323 1274 andeqawm„
1372 1209 1554 1256 Billuart
1581 1247 1592 1267 ‚

127 1289 319 1353 theologi
369 1288 783 1351 wirtemburgenses
813 1325 822 1343 ‚
876 1287 1102 1350 Sardagna
1124 1325 1134 1343 ‚
1167 1286 1354 1351 ‘aliique
1403 1285 1552 1351 plures
1580 1323 1591 1342 ,

128 1382 240 1430 quos
270 1365 377 1412 dum
419 1383 456 1412 s.
486 1364 739 1428 Alphonsus
773 1364 837 1411 De
870 1363 1043 1426 Ligorio
1080 1364 1174 1424 (57)
1213 1372 1411 1409 recenset
1430 1364 1495 1408 'ac
1528 1363 1599 1409 se-

129 1442 303 1506 quitur,
342 1441 500 1488 horum
534 1439 795 1487 sententiam
829 1439 1050 1485 moraliter
1075 1447 1232 1485 certam
1265 1437 1484 1484 affirmare
1511 1453 1599 1484 non

134 1516 320 1564 dubitat.

225 1592 532 1639 Recentissimi
573 1591 704 1638 etiam
740 1591 976 1656 scriptores
1019 1590 1219 1638 eamdem
1264 1589 1476 1637 adversus
1515 1588 1599 1636 Ca—

130 1685 234 1715 num
269 1669 533 1716 sententiam
569 1677 914 1734 propugnarunt.
938 1668 1003 1713 Ex
1026 1667 1184 1714 horum
1207 1683 1389 1714 numero
1407 1668 1477 1713 'est
1500 1666 1601 1712 Fer-

128 1742 350 1790 dinandus
383 1743 549 1790 Walter
581 1743 812 1791 canonista
837 1742 1084 1789 Bonnensis
1103 1780 1112 1798 ‚
1141 1742 1218 1806 qui
1243 1745 1392 1789 censet
1424 1750 1600 1793 senten-

130 1819 235 1865 tiam
275 1818 331 1866 de
369 1819 637 1884 presbytero
665 1836 746 1866 ceu
785 1818 986 1866 ministro
1029 1817 1290 1865 sacramenti
1329 1815 1595 1864 matrimonii

132 1893 318 1941 infirmis
353 1895 538 1942 nimium
562 1895 779 1942 rationum
796 1895 1037 1943 'momentis
1062 1894 1164 1950 niti;
1199 1903 1349 1942 contra
1369 1895 1474 1941 vero
1494 1909 1596 1939 sen-

129 1969 309 2016 tentiam
326 1969 380 2016 de
403 1969 763 2018 contrahentibus
787 1970 849 2016 uti
874 1970 1089 2018 ministris
1107 1979 1199 2016 tum
1218 1978 1398 2015 naturae
1415 1967 1477 2014 rei
1495 1983 1598 2032 con-

129 2060 284 2105 gruere
301 2052 324 2099 ‚'
341 2053 432 2091 tum
460 2045 752 2093 validissimis
782 2044 926 2092 fulciri
956 2045 1228 2108 argumentis
1250 2044 1435 2106 (58).Et
1447 2042 1600 2091 Henriss

136 2234 186 2266 vel
203 2242 258 2266 eos
272 2235 327 2275 qui
341 2236 495 2276 putarunt
508 2235 705 2268 sacerdotem
721 2237 753 2268 et
766 2236 989 2269 contrahentes
1002 2236 1196 2268 constituere
1209 2236 1395 2280 ministrum
1404 2236 1535 2269 totalem
1546 2259 1556 2276 ,
1570 2236 1603 2268 et

133 2287 330 2328 completum
346 2289 443 2320 huius
453 2288 665 2329 sacramenti,
686 2290 845 2329 quatenus
868 2289 1092 2321 contrahentes
1113 2279 1320 2331 suppeditant
1342 2278 1529 2328 materiam,
1550 2296 1600 2321 sa·

129 2339 244 2372 cerdos
259 2342 365 2372 autem
381 2341 531 2374 sormam.
553 2343 643 2379 Quae
657 2350 790 2383 prorsus
804 2341 944 2374 absurda
958 2341 1119 2374 videntur.

224 2393 290 2434 (51)
313 2395 350 2425 ln
371 2397 402 2426 4.
417 2396 510 2426 Sene.
523 2394 598 2427 dist.
612 2399 662 2427 26.
679 2403 712 2435 q.
726 2399 756 2427 2.
768 2395 831 2426 art.
845 2398 873 2426 3.

223 2446 289 2486 (52)
310 2447 360 2478 De
373 2448 528 2478 matrim.
542 2454 613 2487 cap.
630 2449 661 2479 7.
677 2447 710 2479 et
730 2451 759 2481 8.

223 2497 290 2539 (53)
311 2500 361 2530 De
373 2500 527 2531 matrim.
541 2499 625 2540 disp.
642 2503 672 2532 3.
688 2498 765 2531 dub.
783 2503 812 2531 5.

222 2550 288 2590 (54)
309 2552 346 2582 In
361 2550 582 2583 Heteroclitis
593 2550 771 2592 spiritual.
789 2552 908 2592 puncto
925 2554 973 2584 14.
990 2560 1065 2592 opp.
1080 2552 1159 2584 tom.
1171 2552 1255 2583 XVI.

223 2602 289 2643 (55)
313 2605 404 2636 [nst.
419 2603 522 2636 theol.
539 2606 619 2636 tom.
634 2605 693 2636 111.
705 2605 800 2636 tract.
815 2608 864 2637 18.
876 2603 961 2645 disp.
976 2606 1002 2636 1.
1018 2605 1078 2636 art.
1091 2609 1122 2636 2.

226 2655 292 2695 (56)
314 2657 377 2689 Ius
390 2656 579 2690 ecclesiast.
595 2658 694 2690 univ.
710 2658 789 2690 tom.
803 2659 830 2689 l.
846 2658 930 2698 part.
945 2659 986 2689 Π.
1004 2658 1056 2689 tit.
1068 2660 1118 2689 72.
1135 2665 1164 2689 c.
1181 2661 1210 2689 3.

224 2707 290 2747 (57)
310 2707 444 2741 Dissert.
460 2710 515 2742 cit.
531 2718 563 2742 n.
580 2713 650 2743 397.

227 2758 350 2852 (52³)(113
371 2768 425 2800 op.
438 2769 536 2801 germ.
556 2761 723 2794 Manuale
745 2763 833 2794 iuris
855 2761 1042 2799 ecclesiast.
1059 2763 1187 2794 Bonnae
1205 2765 1292 2795 1829.
1306 2761 1336 2802 §.
1352 2765 1422 2796 310.
1441 2770 1510 2803 pag.
1529 2766 1599 2795 563.

133 2815 202 2843 565.
221 2819 262 2842 no
282 2835 288 2843 .
317 2821 335 2843 ο
354 2836 361 2844 .
