1918 3186
318 207 374 254 72
491 245 494 248 -
576 223 654 254 Lm.
684 222 714 253 1.
743 220 854 252 SECT.
885 219 915 250 1.
945 220 996 250 DE
1021 220 1191 253 imum.
1221 219 1500 253 SACRAMENTO.

315 300 450 345 tentia
472 298 527 344 de
550 297 774 344 sacerdote
807 295 1009 343 ministro
1041 297 1291 354 dimicavit,
1318 308 1366 344 ut
1388 298 1640 362 opinionem
1670 316 1776 346 con-

315 374 491 420 trariam
529 372 659 434 plane
698 370 931 416 absurdam
969 389 1067 418 esse
1088 372 1366 430 asseruerit,
1411 383 1453 418 et
1496 372 1609 419 inter
1647 373 1779 421 scho-

314 447 563 494 lasticorum
599 454 842 491 commenta
873 445 1229 494 adnumeraverit
1267 448 1382 508 (46).
1419 446 1628 509 Georgius
1652 447 1776 511 Fejer

314 521 510 568 eamdem
531 518 790 567 sententiam
809 530 900 567 tum
918 539 969 568 ex
989 522 1127 585 praxi
1143 532 1351 586 perpetua
1376 522 1587 569 ecclesiae
1612 522 1775 569 utrius-

314 615 415 661 que,
435 596 659 644 orientalis
678 614 835 662 nempe
851 607 894 643 et
909 597 1211 654 occidentalis,
1228 615 1306 662 per
1323 597 1635 645 sacerdotalem
1654 597 1783 645 bene-

312 671 548 718 dictionem
582 671 940 719 contrahentibus
975 671 1238 736 impertitam
1257 709 1266 727 ,
1303 682 1395 718 tum
1428 689 1482 718 ex
1516 690 1578 719 ss.
1602 682 1774 737 patrum

312 746 577 793 testimoniis
595 746 794 793 evincere
813 746 1025 792 adnititur
1046 747 1162 807 (47).
1178 745 1377 810 Idipsum
1394 748 1653 811 pertentavit
1668 748 1779 810 Berg

315 822 536 886 professor
568 821 939 877 uratislaviensis,
979 821 1055 885 qui
1097 831 1322 885 praeterea
1357 823 1575 885 exegetice
1608 832 1778 887 patrum

315 898 568 945 testimonia
600 897 807 962 expendit
839 897 895 944 ad
929 896 1291 962 propugnandam
1327 898 1588 944 sententiam
1622 897 1679 943 de
1708 914 1782 944 sa-

313 974 486 1021 cerdote
514 974 716 1021 ministro
745 973 1005 1020 sacramenti
1034 973 1302 1020 matrimonii
1327 975 1442 1035 (48).
1461 973 1688 1021 Stattlerus
1705 973 1783 1020 de-

312 1066 432 1095 mum
466 1049 771 1114 pronunciavit
804 1049 943 1095 firmis
975 1048 1086 1095 adeo
1114 1048 1412 1095 fundamentis
1447 1048 1575 1094 inniti
1611 1058 1783 1095 senten-

313 1125 588 1181 tiamhanc,
616 1136 664 1172 ut
690 1145 713 1170 «
734 1142 786 1171 ea
810 1135 1042 1189 tamquam
1066 1124 1227 1187 dogma
1260 1124 1497 1189 aliquando
1523 1124 1699 1172 definiri
1715 1124 1784 1171 ab

313 1199 500 1247 ecclesia
523 1200 685 1264 possit,
713 1217 802 1247 non
827 1216 956 1246 secus
989 1216 1041 1246 ac
1075 1215 1198 1246 conc.
1223 1199 1507 1246 tridentinum
1542 1199 1674 1264 plane
1703 1199 1781 1246 de-

315 1275 809 1322 finivitmatrimonium
839 1292 938 1322 esse
967 1292 1106 1322 novae
1128 1274 1239 1337 legis
1263 1285 1609 1332 sacramentum,
1639 1292 1780 1339 eoque

313 1351 508 1411 gratiam.
532 1349 718 1396 conferri
751 1351 899 1412 (49).»

409 1426 525 1472 Hinc
557 1425 717 1472 mirum
746 1442 834 1472 non
867 1435 934 1472 est
961 1426 1000 1472 si
1030 1425 1310 1490 Roskovany,
1343 1426 1419 1490 qui
1449 1426 1633 1472 istorum
1667 1441 1784 1490 quos

314 1502 615 1549 recensuimus
648 1501 893 1565 catalogum
920 1502 1080 1558 texuit,
1109 1502 1308 1549 eamdem
1343 1503 1597 1567 opinionem
1631 1502 1780 1551 fovere

312 1578 513 1625 videatur
535 1577 654 1624 dum;
670 1577 847 1625 scribit:
874 1577 1162 1640 «Innegabile
1187 1594 1286 1625 esse
1312 1577 1426 1624 ultro
1455 1594 1674 1634 assevero,
1698 1578 1785 1643 pri-

312 1669 481 1700 morum
512 1653 599 1699 iam
628 1652 873 1700 seculorum
899 1663 1044 1718 patres
1072 1670 1151 1718 pro
1178 1653 1262 1700 hac
1286 1653 1384 1718 ipsa
1410 1653 1644 1709 sententia,
1662 1652 1781 1717 quod

313 1728 778 1775 scilicetmatrimonii
802 1728 1085 1776 minister'sit
1108 1728 1337 1785 sacerdos,
1365 1729 1784 1792 testimoniumper-

312 1802 515 1850 hibuisse
529 1841 539 1858 ,
562 1803 667 1849 dum
685 1804 990 1851 necessitatem
1007 1803 1329 1851 benedictionis
1355 1803 1641 1851 sacerdotalis
1659 1820 1785 1867 prae-

313 1878 539 1935 dicarunt3
579 1895 694 1925 cum:
716 1879 843 1925 enim·
875 1880 1058 1927 nomina
1095 1881 1319 1934 materiae,
1357 1880 1518 1944 formae
1539 1916 1551 1934 ,
1595 1880 1787 1925 ministri

314 1955 498 2001 tardius,
509 1955 710 2019 primum·
729 1955 775 2001 in
810 1955 1073 2019 theologiam
1109 1955 1231 2002 illata
1263 1956 1445 2013 fuerint,
1474 1973 1561 2002 non
1585 1964 1785 2019 poterant

313 2040 456 2093 patres
476 2049 567 2078 rem
586 2031 694 2078 forte
712 2031 987 2079 commodius
1005 2042 1047 2079 et
1064 2031 1225 2078 clarius
1241 2032 1485 2096 exprimere
1498 2069 1507 2087 ,
1525 2030 1612 2078 nisi
1631 2030 1784 2077 dicen-

314 2106 388 2153 do:
403 2107 616 2155 nubentes
634 2125 712 2172 per
727 2107 1080 2155 benedictionem
1096 2108 1337 2155 sacerdotis
1350 2107 1615 2155 sanctificari
1629 2108 1724 2168 (50)
1735 2125 1777 2152 .»

408 2283 473 2324 (46)
496 2285 686 2316 Demonstr.
696 2285 782 2326 reliq
788 2310 795 2317 .
805 2285 884 2318 Chr.
895 2286 1086 2319 catholicae
1094 2287 1173 2318 tom.
1182 2287 1223 2317 11.
1231 2294 1302 2327 pag.
1311 2290 1382 2318 212.
1391 2285 1550 2325 Augustae
1557 2283 1782 2316 vinde1.1832.

410 2336 476 2376 (47)
494 2338 757 2369 Matrimonium
777 2346 822 2370 ex
842 2339 952 2370 instit.
972 2339 1098 2371 Christ.
1117 2338 1239 2371 Pestini
1264 2342 1353 2371 1838.
1369 2345 1442 2378 pag.
1459 2341 1509 2369 29.

407 2390 472 2428 (48)
494 2390 530 2420 In
543 2397 745 2429 op.germau.
757 2391 810 2421 cui
825 2390 940 2423 titulus
955 2391 1071 2422 latine:
1086 2393 1136 2423 De
1151 2391 1351 2423 necessitate
1372 2385 1613 2422 benedictionis
1627 2388 1783 2420 sacerdo-

316 2439 396 2471 talis
411 2439 458 2472 ad
470 2449 561 2473 sacr.
575 2443 800 2474 matrimonii.

409 2493 475 2533 (49)
500 2495 612 2525 Tract.
628 2493 670 2525 de
685 2495 839 2526 matrim.
855 2502 925 2535 cap.
941 2496 1011 2526 VII.
1029 2493 1059 2535 §.
1077 2499 1128 2526 21.

409 2544 475 2584 (50)
495 2547 556 2585 Op.
565 2545 622 2577 cit.
635 2547 685 2577 De
693 2547 817 2586 potest.
830 2545 992 2577 ecclesiae
1007 2545 1156 2586 Iaeyislat.
1167 2545 1229 2577 sub
1243 2545 1340 2578 finem
1349 2545 1379 2586 §.
1391 2550 1442 2577 28.
1456 2545 1566 2577 Plures
1577 2544 1659 2576 alios
1678 2545 1787 2577 aucto-

314 2604 364 2627 res
376 2597 524 2629 consulto
539 2597 812 2638 praetermisimus
824 2606 864 2631 ex
879 2598 938 2639 iis,
949 2598 1006 2639 qui
1021 2598 1105 2630 hanc
1119 2598 1309 2630 sententiam
1321 2599 1453 2630 tuentur
1462 2621 1472 2635 .
1490 2606 1566 2629 cnm
1581 2606 1632 2630 res
1651 2598 1785 2630 molesta

314 2647 474 2680 accideret
488 2658 598 2682 omnes
612 2651 696 2683 velle
708 2659 895 2683 enumerare
903 2675 913 2692 ,
928 2659 1068 2692 quorum
1080 2651 1226 2692 plerique
1239 2650 1400 2682 notissimi
1413 2651 1499 2682 sunt.
1514 2650 1616 2682 Multo
1629 2658 1705 2682 vero
1718 2659 1784 2682 ma·

313 2700 361 2740 gis
379 2709 434 2732 eos
452 2701 637 2742 omisimus,
659 2703 716 2744 qui
734 2703 909 2736 sententias
930 2703 1026 2744 plane
1050 2703 1227 2744 singulares
1251 2702 1363 2734 sectati
1385 2703 1477 2742 suut,
1494 2702 1542 2734 uti
1555 2702 1760 2734 Maidonatus
1773 2726 1783 2742 ‚

313 2752 370 2792 qui
396 2754 659 2793 Dematrimon.
675 2757 803 2796 quaest.
817 2758 842 2788 1.
861 2765 936 2798 opp.
953 2758 1033 2789 tom.
1048 2758 1089 2789 Π.
1105 2764 1177 2798 pag.
1192 2758 1250 2789 441
1269 2764 1337 2796 seq.
1349 2754 1465 2787 'docuit
1478 2755 1678 2788 sacerdotem
1691 2755 1785 2787 mini·

314 2805 415 2837 strum
431 2805 562 2846 quidem
577 2815 644 2840 esse
660 2808 871 2850 ordinarium,
887 2810 1111 2843 contrahentes
1130 2817 1208 2842 vero
1227 2808 1391 2841 ministros
1404 2816 1472 2841 esse
1485 2807 1779 2846 extraordinarios;
