1918 3186
285 166 342 213 28
438 212 441 214 ,
545 179 624 214 m.
654 178 684 213 1.
713 176 824 212 sacr.
855 178 885 209 1.
907 175 958 210 nn
982 178 1156 210 numu.
1180 177 1464 210 SAGRAMENro.
1510 181 1515 184 ·

282 259 410 313 iri-224
433 259 537 306 dist.
560 260 778 322 q.1.1..“art.
814 260 854 302 1.
884 256 929 302 in
953 255 1169 303 solutione
1194 254 1556 320 quaestiunculae
1588 271 1741 304 secun-

281 335 393 398 dae„
429 335 473 381 in
507 350 595 398 qua
627 333 876 397 opinionem
909 331 1082 380 illorum
1111 332 1291 389 refellit,
1320 332 1396 397 qui
1421 331 1669 380 sentiebant
1694 334 1741 380 in

281 410 556 458 matrimonio
590 425 675 455 non
706 407 891 455 conferri
925 409 1135 472 gratiam,
1157 426 1209 455 eo
1230 408 1348 472 quod
1375 408 1625 456 ordinatum
1652 409 1744 456 tan-

282 494 380 535 tum',
401 487 458 533 sit
482 486 528 532 in
551 484 791 532 remedium
825 495 976 532 contra
1007 485 1406 549 concupiscentiam
1423 522 1433 541 ‚
1464 484 1746 550 ostenditque

282 562 364 609 hoc
399 562 638 609 remedium
661 559 815 607 haberi
850 578 935 607 non
964 564 1097 624 posse
1123 561 1219 607 sine
1252 561 1393 624 gratia
1421 578 1556 625 quam
1579 561 1747 608 confert

281 637 606 684 matrimonium
623 674 632 692 ‚
669 646 802 700 atque
834 635 1079 683 concludit:
1112 655 1134 679 «
1156 646 1199 682 et
1219 635 1329 682 'ideo
1363 635 1570 698 Magister
1605 636 1742 693 dicit,

279 713 398 777 quod
431 712 756 759 matrimonium
790 722 859 758 est
892 722 1058 759 tantum
1092 711 1138 757 in
1171 712 1436 768 remedium;
1475 713 1549 759 sed
1583 713 1656 760 hoc
1684 723 1747 760 est

274 806 356 853 per
387 790 575 852 qratiam
619 806 727 852 quae
759 790 805 834 in
838 806 882 837 eo
916 788 1149 851 confertur
1173 789 1288 849 (83).
1314 808 1338 833 »
1370 788 1536 835 Eadem
1575 789 1747 854 repetiit

279 883 319 914 s.
347 866 508 914 Doctor
537 865 594 913 ad
622 866 726 913 dist.
757 867 831 911 26.
861 882 905 929 q.
937 865 980 910 2.
1010 874 1090 911 art.
1129 866 1171 911 3.
1209 882 1343 928 quam
1379 865 1440 913 ita
1473 866 1697 913 concludit
1730 884 1739 912 :

285 960 308 987 «
327 941 536 988 Definitio
558 951 603 988 et
626 940 854 987 definitum
879 938 1042 987 debent
1067 940 1287 997 converti,
1317 939 1396 987 sed
1420 940 1467 986 in
1491 940 1750 989 definitione

281 1009 544 1066 sacramenti
579 1017 756 1081 ponitur
785 1015 1027 1063 *causalitas
1051 1016 1235 1079 gratiae.
1264 1016 1503 1079 Ergo‘cum
1526 1017 1750 1065 matrimo-

280 1093 404 1140 nium
427 1093 485 1140 sit
508 1102 828 1140 sacramentum
843 1130 853 1149 ,
880 1092 963 1138 erit
984 1108 1120 1139 causa
1143 1091 1323 1154 gratiae.
1349 1092 1578 1140 Praeterea
1597 1092 1748 1156 Augu-

280 1167 423 1215 stinus
457 1167 564 1214 dicit
600 1169 766 1231 (super
797 1166 902 1213 Gen.
933 1167 1003 1214 ad·
1022 1166 1195 1214 lit-lib.
1219 1168 1291 1213 IX.
1324 1168 1584 1232 cap.·VII.)
1624 1169 1745 1233 quod

279 1242 607 1290 matrimonium
640 1252 709 1289 est
739 1242 928 1305 aegrotis
962 1242 1025 1288 in-⁴
1048 1242 1306 1289 remedium.
1348 1243 1433 1289 Sed
1473 1260 1562 1291 non
1596 1254 1665 1291 est
1699 1244 1746 1290 in

281 1317 545 1374 remedium,
566 1318 655 1365 nisi
671 1318 716 1364 in
733 1327 949 1382 quantum
972 1317 1168 1383 aliquam
1191 1318 1435 1366 efficaciam
1450 1319 1608 1370 habet.
1631 1319 1747 1383 Ergo

280 1393 418 1442 habet
433 1393 603 1458 aliquid
622 1394 847 1446 efficaciae
864 1394 1263 1458 adrepsrimendam
1287 1395 1744 1459 concupiscentiam.»

281 1470 370 1517 Ne'c
398 1469 542 1520 obstat
564 1471 609 1516 in
633 1487 814 1534 corpore
845 1469 1018 1517 articuli
1053 1470 1296 1517 doctrinam
1331 1471 1446 1518 hanc
1475 1471 1748 1534 probabilius

279 1545 477 1600 adstrui;
516 1563 618 1594 nam
652 1546 770 1593 istud
804 1545 1078 1610 probabilius
1096 1554 1098 1556 ’
1113 1545 1297 1593 refertur
1330 1546 1387 1593 ad
1421 1546 1534 1594 duas
1567 1558 1745 1594 senten-

281 1621 381 1669 tias¹
401 1639 514 1686 quas
548 1622 789 1678 refellerat;
827 1633 888 1669 ut'
909 1632 1027 1689 patet
1071 1632 1163 1669 tum
1197 1639 1251 1669 ex
1285 1632 1494 1670 contextu
1517 1661 1527 1679 ‚
1568 1634 1660 1670 tum
1693 1641 1747 1670 ex

279 1698 377 1746 eius
411 1698 631 1762 positione
663 1697 896 1754 absolutas,
936 1715 1070 1762 quam
1105 1697 1332 1745 attulimus
1362 1699 1479 1760 (84).

377 1774 527 1838 Neque
545 1785 612 1821 est
629 1774 793 1838 pariter
815 1773 1129 1838 ambigendum
1152 1774 1208 1821 de
1225 1792 1262 1822 s.
1278 1775 1613 1822 Bonaventurae
1629 1775 1747 1822 circa

280 1849 363 1897 hos
397 1849 606 1898 articulos
640 1850 854 1897 doctrina.
883 1850 1057 1897 Etenim
1091 1860 1134 1897 et
1166 1850 1333 1914 ipsein
1358 1849 1601 1898 Comment.
1626 1851 1671 1897 in
1700 1852 1741 1896 4.

282 1925 359 1973 lib.
399 1926 593 1974 Sentent.
631 1925 735 1974 dist.
774 1927 817 1972 2.
851 1944 896 1991 q.
927 1927 975 1973 3.·
1001 1926 1153 1973 statuit
1187 1925 1347 1974 thesim
1382 1943 1463 1974 seu
1498 1926 1745 1974 conclusio—

283 2020 382 2050 nem
431 2007 650 2066 «septem
695 2012 798 2050 sunt
839 2012 1113 2050 sacramenta
1157 2013 1201 2050 et
1245 2020 1333 2050 non
1378 2002 1566 2066 plura.»
1604 2002 1747 2058 Quam

282 2078 608 2126 conclusionem
632 2078 788 2142 probat
821 2096 901 2142 per
934 2088 1210 2126 sacramenta
1237 2078 1428 2141 singula,
1457 2088 1500 2126 et
1523 2095 1623 2125 cum
1647 2095 1748 2142 per-

283 2154 403 2202 venit
436 2153 493 2200 ad
511 2154 853 2202 vmatrimonium
896 2154 1072 2201 scribit:
1113 2154 1168 2199 In
1201 2153 1406 2212 auaeilian
1447 2154 1746 2216 temperantiae

281 2229 597 2275 matrimonium
623 2229 810 2291 (85).Et
830 2229 935 2277 dist.
966 2230 1041 2276 26.
1075 2228 1220 2275 «Cum
1244 2246 1364 2292 ergo,
1392 2228 1561 2292 inquit,
1591 2227 1744 2275 coniu-

280 2306 403 2368 gium
437 2315 756 2352 sacramentum
791 2306 871 2361 sit,
910 2316 953 2352 et
974 2315 1161 2352 sacrum
1205 2305 1380 2368 signum
1425 2304 1483 2351 sit
1515 2314 1558 2350 et
1592 2320 1745 2350 sacrae

285 2381 347 2428 rei
362 2388 393 2438 ‚⁴
410 2380 579 2428 scilicet
610 2380 928 2428 coniunctionis
963 2380 1127 2428 Christi
1151 2391 1194 2427 et
1214 2379 1444 2435 ecclesiae;
1463 2398 1492 2430 »¹
1508 2389 1550 2426 et
1573 2395 1748 2426 rursum

373 2520 444 2562 ,(83)
465 2522 547 2562 opp.
567 2520 618 2553 ed.
638 2522 687 2553 De
705 2520 825 2553 Rubeis
841 2523 930 2553 1780.
948 2520 1027 2552 tom.
1044 2520 1114 2552 ΧΠ.

380 2572 446 2614 (84)
467 2573 550 2605 lbid.
563 2573 642 2605 tom.
657 2574 743 2606 xm.

379 2624 445 2665 (85)
464 2626 546 2658 Nam
563 2626 631 2667 ipse
651 2625 765 2657 statuit
783 2624 982 2658 sacramenta
1004 2623 1242 2656 institutavesse
1267 2622 1310 2655 ad
1333 2622 1514 2655 sanandum
1538 2622 1694 2660 vulnera,
1716 2623 1748 2654 et

283 2677 326 2710 ad
341 2676 561 2710 adiuvandum
576 2677 618 2710 ad
634 2677 783 2718 virtutes,
798 2677 895 2719 prout
907 2676 949 2709 de
967 2675 1174 2709 sacramentis
1188 2675 1322 2717 singulis
1336 2674 1487 2708 ostendit.
1503 2674 1598 2712 Quod
1611 2683 1687 2707 vero
1702 2676 1749 2707 at·

282 2730 365 2763 tinet
383 2730 425 2763 ad
445 2730 687 2763 matrimonium
709 2730 805 2765 docet
826 2730 1082 2770 matrimonium,
1106 2729 1308 2761 esserontra
1328 2727 1631 2769 concupiscentiam,
1654 2728 1750 2768 prout

282 2783 392 2824 sanat,
408 2782 488 2820 etin
507 2782 664 2815 auxilium
682 2782 911 2824 temperantiae
935 2782 1031 2824 prout
1048 2780 1181 2813 adiuvat
1200 2780 1362 2813 virtutem.
