1918 3186
229 229 319 262 CAP.
349 229 379 261 1.
409 228 501 262 Aur.
525 229 555 261 1.
579 228 630 260 m:
654 228 854 260 vamum
878 229 1051 261 sAanu.
1077 229 1129 262 EX
1154 229 1270 262 ECCL.
1293 230 1439 262 DOCTR.
1546 214 1605 263 13

231 308 407 364 Quanta
446 318 593 356 autem
634 307 692 354 sit
729 305 1035 371 liturgiarum,
1074 326 1126 356 ac
1164 309 1607 358 sacramentariorum

133 385 372 433 auctoritas
397 383 454 432 ad
483 383 699 432 ecclesiae
726 383 860 431 fidem
891 385 1138 433 testandam
1173 403 1226 434 ac
1254 381 1605 452 patefaciendam

134 478 263 508 nemo
292 460 378 508 nisi
407 460 571 524 hospes
597 460 641 506 in
666 459 925 524 theologicis
949 461 1201 526 disciplinis
1226 462 1414 526 ignorat.
1454 463 1606 528 Siqui-

132 535 368 584 demheic
401 537 546 600 agitur
577 554 666 584 non
698 537 756 584 de
789 537 977 585 testibus
1013 538 1315 602 singularibus
1348 550 1482 604 atque
1514 539 1608 604 pri-

130 613 268 669 vatis,
297 612 376 660 sed
406 612 463 659 de
488 611 730 661 collectivis
763 624 808 661 et
840 613 1055 678 publicis;
1084 615 1229 677 agitur
1250 615 1306 663 de
1328 615 1511 664 vocibus
1536 616 1607 662 in-

130 699 276 752 tegrae
313 689 639 737 communionis
681 707 762 737 seu
802 689 1042 746 ecclesiae3
1081 690 1226 754 agitur
1257 691 1313 738 de
1352 692 1607 740 testimonio

129 764 336 812 concordi
372 775 415 813 et
448 764 635 813 solemni
669 765 984 822 ecclesiarum,
1017 765 1119 814 licet
1150 766 1371 814 interdum
1406 768 1521 816 inter
1553 785 1604 815 se

129 858 217 888 non
251 841 395 889 solum
426 841 607 899 ritibus,
639 859 792 890 verum
821 842 953 890 etiam
981 842 1070 889 fide
1097 853 1140 890 et
1168 843 1477 891 communione
1508 844 1605 891 dis-

129 916 369 965 sidentium
404 935 430 965 a
464 917 669 983 pluribus
704 917 893 975 seculis;
925 918 1071 982 agitur
1097 918 1155 965 de
1181 918 1432 967 testimonio
1461 931 1605 968 secta-

128 1010 248 1050 rum,
283 1011 399 1058 quae
434 1011 461 1041 a
495 993 645 1042 seculo
679 994 741 1041 rei
775 994 1046 1042 christianae
1079 995 1252 1060 quinto,
1280 1005 1357 1043 aut
1379 1005 1503 1043 sexto
1532 1013 1604 1043 se-

128 1080 307 1133 paratae
340 1081 445 1118 sunt
477 1070 534 1118 ab
567 1070 757 1118 ecclesia
792 1087 975 1118 romana
1014 1088 1093 1118 seu
1127 1070 1370 1128 catholica,
1408 1089 1599 1137 quarum

127 1145 388 1210 euchologia
409 1146 479 1194 vel
503 1146 638 1212 paulo
665 1157 766 1213 post
789 1148 1114 1212 separationem
1141 1147 1340 1196 confecta
1367 1159 1493 1206 sunt,
1521 1166 1601 1197 seu

127 1221 277 1286 potius
310 1233 463 1280 antea,
496 1222 660 1271 additis
689 1223 902 1289 deinceps
932 1240 984 1271 ac
1012 1223 1252 1271 interiectis
1281 1223 1504 1272 erroribus
1531 1242 1604 1273 se-

125 1308 221 1346 ctae
242 1298 598 1365 uniuscuiusque
622 1300 814 1364 propriis
828 1339 838 1357 ‚
862 1299 1027 1365 quibus
1044 1300 1170 1364 ipsae
1187 1300 1500 1365 antiquissima
1523 1300 1601 1349 illa

125 1373 387 1439 euchologia
405 1387 695 1441 corruperunt
715 1378 831 1439 (38).
845 1375 1000 1440 Agitur
1015 1375 1071 1423 de
1087 1393 1140 1424 eo
1158 1376 1276 1442 quod
1295 1377 1340 1423 in
1358 1395 1443 1424 usu
1461 1378 1602 1442 quoti-

125 1450 260 1499 diano
285 1451 478 1516 positum
499 1463 586 1509 est,
609 1452 857 1500 cuiusmodi
881 1462 1257 1499 sacramentorum
1279 1452 1601 1501 administratio

126 1537 195 1574 est
227 1543 278 1575 ac
312 1528 558 1594 susceptio,
589 1545 642 1576 ac
674 1527 861 1593 proinde
893 1528 950 1575 de
983 1546 1143 1586 manu,
1174 1540 1224 1577 ut
1254 1529 1315 1577 ita
1349 1529 1516 1587 dicam,
1550 1531 1595 1577 in

125 1620 306 1651 manum
333 1605 733 1662 transmittebatur;
766 1605 912 1669 agitur
938 1605 1132 1671 denique
1157 1605 1214 1654 de
1242 1623 1290 1653 re
1317 1607 1478 1654 summi
1506 1603 1600 1655 mo-

125 1681 284 1738 menti,
313 1681 522 1729 nimirum
551 1682 608 1730 de
634 1683 922 1730 sacramentis
945 1700 1135 1748 quorum
1158 1683 1359 1731 doctrina
1383 1683 1599 1748 singulari

124 1758 318 1822 quadam
351 1775 458 1806 cura
491 1758 574 1806 fuit
607 1776 785 1825 semper
817 1759 873 1807 ab
906 1759 1095 1807 ecclesia
1124 1771 1311 1808 servata.
1352 1761 1432 1807 Est
1464 1760 1600 1824 igitur

127 1835 565 1883 sacramentariorum
590 1873 600 1893 ‚
643 1835 1034 1900 euchologiorum‚
1079 1835 1303 1884 ritualium
1334 1874 1345 1893 ,
1399 1836 1599 1900 liturgia-

129 1925 315 1975 rumque
347 1911 646 1960 testimonium
680 1912 800 1961 omni
834 1914 1092 1978 exceptione
1125 1913 1287 1961 maius.

223 1984 328 2034 Cum
358 2005 463 2037 vero
493 1988 652 2037 horum
679 1989 892 2038 librorum
921 1990 1044 2054 origo
1074 1989 1186 2055 ipsis
1215 1988 1503 2037 ecclesiarum
1531 1990 1601 2035 in-

129 2061 362 2111 cunabulis
388 2065 622 2114 tribuenda
645 2067 730 2124 sit,
758 2065 893 2115 immo
916 2083 1020 2115 vero
1044 2065 1275 2132 apostolis,
1292 2065 1369 2129 qui
1387 2064 1600 2114 ecclesias

222 2203 287 2245 (38)
302 2205 437 2237 constat
447 2204 531 2237 enim
545 2205 870 2248 plerasqueliturgias
882 2207 1054 2240 orientales
1065 2206 1151 2248 apud
1162 2214 1264 2247 syros,
1273 2206 1399 2247 coptos,
1407 2205 1476 2238 slve
1487 2213 1597 2238 mono·

126 2255 269 2297 physitas
279 2282 289 2298 ‚
311 2257 380 2290 sive
396 2259 597 2291 nestorianos
615 2261 689 2291 ante
707 2268 819 2292 eorum
838 2259 1049 2292 defectionem
1060 2260 1093 2291 in
1104 2268 1163 2292 usu
1174 2259 1283 2291 fuisse.
1292 2260 1362 2296 Qua
1372 2258 1412 2290 de
1422 2266 1519 2291 causa
1531 2259 1597 2291 tam

126 2309 371 2350 monophysitae
382 2318 480 2351 quam
491 2310 667 2343 nestoriani
681 2311 915 2352 cuiuscumque
928 2313 1034 2344 sectae
1049 2320 1107 2344 sua
1122 2311 1271 2352 repetunt
1285 2310 1490 2351 euchologia,
1506 2309 1598 2342 litur-

124 2361 250 2402 gias‚ac
263 2361 393 2394 ritualia
406 2362 446 2394 ab
462 2363 540 2404 ipsis
554 2363 709 2404 apostolis
715 2375 725 2404 3
740 2363 826 2395 idem
836 2363 889 2396 dic
899 2363 940 2395 de
953 2363 1110 2403 armenis,
1119 2363 1310 2404 ceterisque,
1322 2362 1415 2395 cuius
1425 2362 1470 2394 rei
1484 2370 1596 2394 monu-

124 2416 232 2447 menta
243 2423 312 2448 esse
323 2418 458 2457 possunt
472 2416 524 2449 vel
541 2416 611 2458 ipsa
632 2417 764 2449 nomina
787 2417 896 2450 lacobi
908 2441 917 2458 ,
934 2417 1032 2449 Marci
1047 2418 1108 2449 etc.
1126 2415 1245 2458 quibus
1259 2415 1417 2448 eiusmodi
1431 2414 1507 2447 libri
1521 2415 1597 2446 sunt

124 2467 270 2510 inscripti
282 2492 291 2509 ,
316 2469 430 2502 saltem
457 2471 616 2510 quatenus
640 2470 777 2503 confecti
802 2472 878 2503 sunt
902 2471 993 2502 iuxta
1013 2470 1161 2502 ordinem
1176 2478 1214 2502 ac
1228 2468 1420 2501 documenta
1431 2492 1440 2508 ‚
1463 2475 1546 2508 quae
1563 2467 1597 2499 in

123 2520 330 2555 absolvendis
355 2522 475 2555 divinis
500 2522 616 2555 officiis
640 2532 678 2555 sc
704 2523 916 2556 sacramentis
935 2522 1202 2556 administrandis
1221 2521 1358 2563 apostoli
1373 2522 1430 2553 aut
1441 2521 1504 2553 viri
1522 2529 1597 2562 apo·

124 2573 230 2607 stolici
244 2574 460 2608 tradiderunt.
1261 2611 1266 2616 ,

213 2626 263 2658 cr.
271 2627 509 2660 Renaudotium
518 2629 758 2669 Lituryiarum
768 2628 993 2662 orientalium
1002 2627 1228 2661 collect.Paris
1238 2629 1327 2659 1716.
1335 2627 1414 2659 tom.
1423 2627 1450 2659 1.
1458 2626 1491 2658 in
1498 2627 1598 2659 Prae·

118 2676 191 2717 sat.
201 2680 367 2721 aeneum,
379 2681 448 2713 tum
458 2681 491 2712 in
499 2682 642 2714 Dissert.
653 2681 696 2714 de
711 2681 939 2723 lituryiarum
953 2681 1176 2714 orientalium
1186 2681 1317 2721 oriqine
1326 2680 1361 2712 et
1374 2680 1596 2720 auctoritate,

126 2739 186 2763 nec
194 2740 259 2764 non
273 2733 306 2765 in
317 2735 457 2766 Dissert.
466 2733 509 2767 de
521 2736 733 2776 copularum
745 2734 931 2767 alexandr.
945 2735 1097 2774 lituryiis
1110 2735 1188 2765 tom.
1198 2735 1223 2765 1.
1238 2734 1534 2765 ltemAssemanum
1540 2733 1596 2764 Bi-

128 2783 246 2817 blioth.
261 2787 383 2819 ment.
399 2788 479 2821 tom.
498 2789 539 2820 ll.
555 2788 647 2828 parte
657 2787 798 2820 secunda
809 2788 949 2820 Dissert.
960 2786 1003 2819 de
1016 2787 1324 2827 syris-nestorianis
1337 2784 1367 2826 §.
1381 2786 1479 2819 xxn.
1495 2786 1596 2818 Ritus

126 2838 158 2869 et
184 2838 447 2872 consuetudines
470 2840 663 2880 peculiares
690 2842 967 2873 nestorianorum
981 2848 1013 2871 n.
1035 2843 1063 2871 5.
