1912 3180
464 204 554 234 mi».
579 204 607 233 ι.
635 204 684 233 ni:
716 202 890 234 munim.
916 201 1063 233 civius
1086 202 1260 233 NATURA.
1497 187 1583 231 ‘241

700 326 972 362 ARTlCULUS
999 327 1039 360 V.

228 461 515 500 Matrimonium
544 458 656 497 civile
682 461 818 496 natura
839 467 910 495 sua
934 458 1054 496 tendit
1076 459 1125 496 ad
1154 462 1302 498 ruinam
1332 460 1498 499 familiae

722 527 760 560 et
785 522 990 559 societatis.

225 663 364 710 Grave
396 663 577 727 quidem
612 673 680 709 est
707 662 827 727 quod
861 662 1183 719 enunciamus,
1222 674 1267 710 at
1300 665 1345 710 id
1381 681 1468 712 non
1503 682 1598 728 gra-

127 740 240 787 tuito
273 739 485 787 affirmari
515 740 662 804 palam
698 740 788 787 fiet.
818 741 953 787 Nemo
978 739 1096 786 enim
1130 739 1308 802 negabit
1330 740 1375 786 id
1403 741 1448 787 in
1470 741 1599 788 sami-

130 814 216 862 liae
250 833 301 863 ac
328 816 553 864 societatis
587 815 923 863 dissolutionem
952 815 1128 862 tandem
1153 832 1353 878 vergere,
1383 817 1502 881 quod
1527 834 1599 882 po-

130 891 302 938 tissime
328 891 447 939 laxat
477 892 655 939 vincula
689 902 794 959 tum¹
816 890 1031 947 familiae,
1061 901 1153 938 tum
1179 891 1404 939 societatis
1421 930 1431 947 ,
1464 893 1600 956 quod·

130 985 219 1031 que
236 985 289 1015 ea
307 968 447 1024 fovet,
470 985 586 1032 quae
610 967 837 1033 paullatim
861 967 1149 1014 domesticam
1166 967 1464 1032 socialemque
1487 984 1601 1015 com-

130 1045 287 1107 pagem
323 1043 603 1091 labefactant.
634 1043 687 1090 At
713 1061 816 1091 vero
845 1043 890 1090 id
913 1043 968 1090 de
990 1043 1270 1091 matrimonio
1301 1043 1420 1091 civili
1457 1054 1601 1091 osten-

129 1118 314 1174 demus,
349 1118 563 1183 inspectis
596 1119 803 1184 pessimis
831 1119 928 1166 eius
957 1118 1212 1175 effectibus,
1239 1129 1331 1166 tum
1355 1119 1599 1166 universim

130 1194 175 1241 in
210 1194 493 1258 religionem,
532 1195 578 1241 in
612 1195 898 1243 domesticam
943 1195 1255 1260 publicamque
1298 1195 1598 1243 auctoritatem

129 1280 172 1318 et
205 1271 250 1317 in
284 1288 453 1327 mores,
488 1281 579 1318 tum
608 1272 867 1319 nominatim
900 1271 946 1318 in
981 1271 1184 1334 coniugia
1224 1271 1345 1335 ipsa,
1391 1281 1524 1336 atque
1555 1271 1600 1318 in

129 1347 298 1410 prolem
332 1364 386 1394 ex
420 1348 478 1395 iis
511 1360 799 1412 procreatam.
1454 1342 1457 1344 ’

227 1422 290 1470 Ac
326 1423 468 1488 primo
503 1424 683 1489 quidem
716 1425 794 1489 qui
830 1425 946 1473 serio
980 1443 1071 1472 rem
1106 1425 1372 1490 perpendat,
1410 1423 1599 1472 inficiari

131 1515 216 1546 non
253 1499 413 1562 poterit
444 1499 636 1546 validius
669 1499 894 1547 vinculum
913 1538 922 1556 ,
954 1516 1041 1566 quo
1074 1509 1245 1547 tenetur
1284 1500 1473 1548 societas
1508 1500 1603 1547 sive

129 1573 392 1631 domestica,
418 1574 668 1622 cuiusmodi
693 1585 761 1623 est
782 1575 950 1623 familia
966 1613 976 1632 ,
1006 1576 1101 1624 sive
1124 1576 1318 1640 publica,
1352 1575 1600 1622 cuiusmodi

128 1659 199 1697 est
221 1649 417 1715 politica,
440 1668 541 1698 esse
566 1651 839 1715 religionem.
863 1653 918 1699 Et
943 1669 1043 1699 cum
1066 1652 1123 1700 de
1145 1670 1192 1699 re
1215 1662 1371 1715 agatur
1386 1651 1432 1697 in
1455 1651 1597 1716 pra-xi,

131 1743 220 1774 non
258 1737 403 1774 autem
442 1727 677 1775 theoretice
714 1739 757 1776 et
790 1728 837 1774 in
872 1728 1099 1777 abstracto
1118 1767 1127 1785 ,
1166 1728 1395 1792 religionis
1427 1727 1603 1775 nomine

133 1802 300 1850 nullam
335 1803 468 1851 aliam
501 1814 675 1869 praeter
708 1805 839 1852 unice
880 1822 1029 1853 veram
1075 1805 1405 1868 significamus,
1451 1803 1603 1850 cuius-

135 1879 256 1925 modi
280 1889 348 1926 est
370 1879 559 1927 ecclesia
583 1879 815 1927 catholica.
835 1880 1004 1928 Caeteri
1028 1898 1181 1928 omnes
1198 1891 1366 1936 caetus,
1386 1879 1463 1944 qui
1479 1879 1604 1926 vario

132 1954 311 2002 nomine
337 1955 618 2020 appellantur
640 1955 696 2003 ab
719 1956 908 2003 ecclesia
936 1956 1155 2004 catholica
1183 1956 1339 2011 divisi,
1378 1972 1466 2002 non
1501 1964 1605 2001 sunt

132 2029 219 2076 nisi
253 2029 481 2093 religionis
511 2030 658 2078 larvae
678 2069 688 2088 ,
731 2031 969 2078 simulacra
1003 2048 1055 2079 ac
1088 2030 1429 2078 adinventiones
1458 2028 1604 2077 homi-

133 2122 271 2158 num,
315 2105 392 2169 qui
432 2122 482 2152 se
515 2106 729 2153 adversus
764 2106 997 2153 ecclesiam
1032 2105 1196 2153 Christi
1236 2105 1483 2152 extulerunt
1501 2141 1511 2160 ,
1553 2120 1605 2151 ac

133 2180 380 2245 perduelles
415 2181 606 2228 fuerunt.
640 2183 794 2246 ltaque
818 2192 990 2229 certum-
1012 2191 1080 2229 est
1104 2181 1301 2228 divinam
1326 2180 1600 2242 religionem,

133 2256 347 2320 quamdiu
371 2258 505 2320 viget,
535 2267 733 2323 potenter
765 2274 895 2320 agere
917 2257 961 2303 in
991 2257 1220 2304 hominum
1245 2266 1436 2303 mentem
1459 2271 1511 2302 ac
1533 2271 1605 2302 vo·

131 2331 362 2379 luntatem.
404 2333 524 2380 Talis
568 2344 638 2380 est
669 2333 764 2380 eius
798 2333 962 2389 virtus,
1001 2343 1051 2379 ut
1083 2350 1171 2380 non
1207 2332 1350 2379 solum
1384 2348 1486 2378 cum
1517 2329 1605 2377 alia

134 2408 322 2455 conferri
355 2408 539 2455 minime
572 2408 742 2472 possit,
783 2408 861 2455 sed
895 2408 1012 2473 quod
1048 2407 1144 2454 eius
1179 2406 1386 2471 supplere
1413 2405 1604 2453 defectui

136 2494 269 2547 queat
298 2483 412 2530 nihil
447 2484 708 2548 reperiatur.
740 2484 843 2548 Ipsa
877 2484 974 2531 sola
1011 2483 1239 2531 hominum
1274 2482 1445 2528 animos
1481 2481 1606 2529 cohi-

133 2558 228 2615 bet,
266 2559 496 2623 ipsa-sola
529 2560 684 2607 intima
717 2560 815 2607 eius
846 2558 1087 2624 penetralia
1121 2557 1347 2623 pervadit,
1375 2574 1428 2605 ac
1451 2557 1600 2613 sinuS,

137 2633 421 2700 imtimosque
444 2636 584 2683 ambit
611 2654 815 2684 recessus
843 2653 1021 2691 omnes;
1054 2652 1178 2682 amor
1199 2651 1252 2682 ac
1274 2635 1404 2682 timor
1426 2634 1605 2682 immen-

137 2725 236 2754 sum
270 2722 472 2759 exercent
506 2712 739 2776 imperium
769 2712 814 2757 in
850 2710 1079 2758 hominum
1111 2710 1311 2766 decreta,
1344 2709 1531 2758 consilia
1563 2720 1607 2756 et

138 2784 346 2832 actiones.
380 2786 532 2835 Cetera
566 2798 686 2835 extra
722 2787 976 2848 religionem
1011 2786 1248 2834 constituta
1276 2802 1363 2834 non
1398 2786 1606 2834 cohibent

1502 2872 1544 2902 ie
