1912 3180
248 208 340 239 cn.
358 207 415 238 1v.
431 206 483 237 nn
502 205 659 237 Anaua.
679 204 756 236 rao
776 205 896 237 Lace.
913 205 965 236 mi
984 204 1109 236 mm.
1131 203 1215 236 civ.
1237 204 1331 236 mr.
1355 204 1416 236 111.
1516 190 1605 236 415

135 285 383 350 posuisset,
422 299 539 348 quae
571 280 775 346 pluribus
810 281 1011 347 patribus
1046 282 1222 339 arrisit,
1250 291 1292 329 et
1313 299 1423 346 quae
1441 285 1608 347 passim

133 359 255 425 apud
287 368 446 406 veteres
479 358 636 422 leqitur
666 358 901 421 ffleoloqos,
931 374 1019 405 non
1042 357 1203 405 mutari
1229 356 1436 406 videlicet
1457 374 1607 406 sacra-

135 446 332 484 mentum
350 473 360 491 ‚
388 434 565 482 etiamsi
590 434 693 499 quis
723 433 952 481 materiam
982 434 1179 482 alicuius
1198 435 1463 483 sacramenti
1486 451 1606 483 ever·

135 523 222 568 tat,
252 511 368 559 sicut
397 528 485 559 non
516 520 710 557 mutatur
733 509 985 575 baptismus
1018 511 1191 559 etiamsi
1216 512 1319 577 quis
1343 528 1506 577 aquam
1529 508 1609 559 ini-

134 597 306 643 mutet,
345 604 442 634 eam
483 605 529 634 ln
567 604 776 652 vaporem
809 596 1070 634 convertens
1095 606 1104 643 ;
1144 605 1196 635 ac
1228 587 1416 652 proinde
1436 626 1447 645 ,
1485 587 1609 636 salva

133 664 402 713 sacramenti
422 663 696 720 substantia,
719 662 955 711 ecclesiam
979 679 1113 728 posse
1136 664 1288 711 iubere
1311 665 1484 712 irritum
1507 681 1609 713 esse

134 751 411 789 contractum
445 740 690 805 nuptialem
726 739 1070 797 clancularium‚
1102 741 1306 804 quicum
1341 741 1490 790 nullus
1523 742 1604 797 sit,

133 817 320 864 formam
363 817 627 864 sacramenti
664 817 859 882 recipere
894 816 1063 881 nequit.
1102 815 1212 863 Cum
1241 855 1251 873 ,
1300 817 1482 881 inquam
1510 854 1520 874 ,
1561 817 1608 864 id

131 892 347 940 Camillus
375 893 644 958 Campegius
682 893 1017 958 proposuisset,
1056 891 1113 939 ab
1145 891 1338 940 Antonio
1370 901 1518 939 tamen
1542 892 1607 939 De

133 970 250 1018 Solis
265 1008 276 1027 ,
300 971 378 1035 qui
397 971 597 1036 proxime
621 971 797 1019 locutus
822 981 916 1028 est,
945 972 986 1018 ei
1012 972 1333 1020 contradictum
1357 982 1452 1020 est:
1482 972 1606 1038 quia,

134 1046 364 1111 inquiebat
397 1047 496 1103 ille,
527 1048 566 1094 si
591 1065 643 1095 ea
667 1048 837 1095 ratione
871 1047 1148 1095 irritarentur
1179 1048 1460 1096 matrimonia
1491 1047 1611 1096 clan-

135 1122 314 1170 destina
336 1162 346 1180 ,
380 1124 601 1171 eiusmodi
636 1134 887 1171 contractus
921 1124 1063 1171 nullos
1096 1125 1236 1188 facere
1271 1125 1505 1188 pertineret
1549 1124 1608 1171 ad

136 1200 249 1264 leqes
284 1209 324 1246 et
356 1201 639 1264 maqistratus
673 1201 914 1247 seculares:
950 1217 1082 1263 quare
1123 1199 1361 1247 cavendum
1402 1210 1464 1246 est
1504 1200 1609 1247 dili-

137 1285 285 1338 qenter
306 1312 317 1330 ,
357 1293 409 1321 ne
444 1276 548 1322 dum
590 1276 789 1323 ecclesiae
823 1277 1121 1323 auctoritatem
1152 1275 1425 1322 rescindendi
1456 1277 1610 1323 matri—

136 1352 325 1398 monium
359 1351 675 1398 clandestinum
708 1352 865 1398 vellent
899 1351 1119 1398 concedere
1140 1388 1151 1407 ,
1191 1369 1284 1399 eam
1317 1353 1463 1416 potius
1492 1362 1609 1417 pote-

138 1428 246 1473 stati
277 1428 497 1473 saeculari
511 1429 822 1491 permitterent.
846 1429 1047 1474 Attamen
1072 1427 1117 1473 id
1141 1427 1255 1474 dixit
1277 1427 1490 1484 Solisius‚
1520 1444 1607 1475 non

135 1519 225 1567 quo
254 1503 500 1551 vindicaret
534 1503 816 1567 principibus
852 1503 1127 1551 secularibus
1163 1504 1278 1551 hanc
1312 1513 1571 1569 potestatem
1594 1542 1604 1559 ,

137 1579 227 1626 imo
250 1579 358 1643 quia
381 1578 466 1626 hoc
490 1589 718 1643 tamquam
754 1578 997 1626 absurdum
1034 1579 1204 1644 aliquid
1238 1597 1291 1627 ex
1320 1580 1611 1644 campegiana

136 1654 440 1720 disputatione
464 1656 590 1720 sequi
616 1655 800 1720 putabat
835 1662 853 1717 (
869 1655 1126 1711 cavendum,
1157 1657 1324 1721 inquit,
1354 1656 1604 1720 diligenter,

136 1748 188 1778 ne
211 1730 313 1777 dum
342 1732 541 1778 ecclesiae
569 1732 868 1778 auctoritatem
887 1732 1160 1779 rescindendi
1182 1733 1502 1779 matrimonium
1523 1732 1610 1778 vel-

139 1808 226 1854 lent
261 1807 508 1861 concedere,
537 1824 630 1853 eam
651 1809 798 1870 potius
822 1809 1030 1871 potestati
1054 1809 1243 1854 seculari
1265 1810 1604 1871 permitterent),

138 1883 259 1950 quod
294 1894 439 1931 tamen
475 1884 657 1930 minime
693 1884 819 1949 sequi
855 1902 908 1931 ex
944 1884 1021 1930 illa
1051 1884 1277 1948 Campegii
1308 1884 1610 1948 speculatione

140 1960 353 2007 iudicavit
386 1960 650 2016 concilium,
689 1971 739 2007 ut
772 1961 931 2007 fatetur
963 1960 1060 2024 ipse
1094 1961 1333 2016 Launoius,
1372 1962 1444 2007 cui
1478 1963 1610 2023 (con-

138 2037 266 2099 cilio)
297 2038 496 2083 inventu-s
528 2055 556 2084 a
582 2038 812 2100 Campeqio
846 2036 1117 2083 rescindendi
1147 2037 1414 2083 matrimonii
1439 2036 1611 2083 clande—

140 2115 249 2160 stini
279 2113 430 2160 modus
464 2114 634 2160 omnino
662 2114 857 2177 placuit,
892 2115 1066 2177 insuper
1093 2114 1252 2160 habitis
1281 2130 1389 2177 quae
1427 2113 1610 2159 Solisius

142 2199 290 2236 contra
325 2189 601 2236 disseruerat.
642 2189 898 2236 Iudicarunt
931 2199 973 2236 et
1005 2189 1122 2252 regis
1155 2187 1527 2235 Christianissimi
1568 2198 1613 2235 et

140 2266 331 2313 aliorum
367 2266 617 2331 principum
653 2275 874 2321 oratores,
913 2265 989 2330 qui
1025 2282 1104 2330 per
1135 2265 1219 2312 hoc
1253 2274 1560 2327 argumentum
1583 2281 1611 2311 a

141 2341 303 2390 Solisio
328 2342 601 2407 propositum
627 2342 803 2389 excitati
834 2341 1017 2388 minime
1041 2341 1215 2388 suerunt
1248 2341 1303 2388 ad
1338 2341 1468 2388 istam
1493 2341 1611 2405 prin-

141 2420 318 2484 cipibus
354 2419 449 2467 suis
486 2427 748 2483 potestatem
782 2419 1096 2466 vindicandam
1114 2456 1123 2473 ,
1151 2418 1270 2483 quod
1296 2417 1448 2483 procul
1475 2417 1611 2466 dubio

143 2496 287 2543 facere
322 2496 526 2544 homines
561 2496 618 2543 ad
652 2495 801 2544 civilia
829 2496 927 2542 iura
957 2494 1122 2542 tuenda
1157 2512 1334 2559 semper
1366 2494 1607 2559 experrecti

145 2589 232 2620 non
263 2572 543 2629 omisissent,
573 2573 610 2620 si
638 2572 763 2637 paria
797 2588 896 2619 cum
931 2570 1180 2636 Spalatensi
1207 2571 1489 2636 Launoioque
1511 2588 1611 2619 sen-

144 2648 360 2696 sissent.»
384 2649 606 2696 Hactenus
640 2648 900 2696 Leullierius
927 2648 1074 2708 (100).

241 2771 328 2811 (100)
351 2771 529 2805 observat.
546 2774 600 2803 vl.
615 2771 645 2812 §.
668 2777 694 2804 ι.
711 2779 781 2812 pag.
794 2775 866 2804 212.
882 2772 966 2810 opp.
985 2770 1120 2802 hunni.
1137 2770 1319 2803 ed.colon.
1338 2770 1499 2811 Auchi-og.
1519 2773 1606 2803 1782.

148 2823 225 2854 tomi
242 2824 295 2854 iv.
311 2832 346 2863 p.
363 2824 403 2857 ιι.
