1912 3180
318 165 405 211 246
584 179 663 209 un.
693 177 721 208 1.
751 176 863 208 sacr.
893 176 1061 208 ALTERA.
1092 177 1143 208 nn
1166 177 1337 209 nunna.
1367 177 1505 209 clvm.

315 259 414 306 dem
448 254 719 303 concubinae
753 253 886 311 filios,
925 255 963 302 si
1000 271 1087 302 non
1122 265 1374 311 aversatur,
1411 254 1567 303 saltem
1598 273 1678 304 nec
1711 259 1779 304 di-

316 333 502 380 lectione
525 369 535 388 ,
578 348 722 395 neque
754 332 964 378 maternis
1005 331 1123 378 curis
1159 340 1465 396 prosequetur.
1511 331 1555 377 Si
1589 332 1781 397 denique

317 408 444 455 matri
486 407 568 455 soli
604 424 716 454 onus
750 407 1005 454 educandae
1050 406 1188 471 prolis
1222 406 1469 454 dimittatur
1491 445 1501 463 ‚
1538 424 1637 454 cum
1672 407 1782 455 haec

316 495 467 548 utpote
492 501 578 531 non
601 492 742 531 mater
774 483 995 547 legitima,
1025 499 1105 530 nec
1128 499 1322 530 amorem
1346 482 1433 529 sibi
1457 500 1510 529 ex
1533 483 1783 531 conditione

316 578 399 608 sua
435 559 672 607 conciliare
701 559 870 623 possit,
899 575 980 605 nec
1013 567 1165 622 utpote
1202 558 1395 605 foemina
1420 559 1620 606 timorem
1650 570 1786 624 queat

319 636 428 683 satis
462 636 680 692 incutere,
707 644 756 682 ut
788 651 884 681 eam
921 633 1007 680 sibi
1042 632 1278 680 obnoxiam
1301 633 1479 690 habeat,
1507 634 1613 681 hinc
1636 634 1707 690 fit,
1735 645 1784 681 ut

317 727 406 775 quo
429 710 572 775 magis
589 710 862 758 adoleverint
885 708 988 763 filii,
1018 718 1094 755 aut
1115 707 1256 765 filiae,
1284 726 1359 756 eos
1382 710 1530 757 minus
1551 710 1636 757 sibi
1655 710 1785 758 obse—

318 797 503 851 quentes
528 786 800 851 experiatur,
829 784 983 832 saltem
1009 784 1048 831 si
1072 784 1278 849 prudenti
1303 784 1467 832 iudicio
1491 785 1547 832 de
1570 786 1650 842 iis,
1671 803 1785 850 quae

319 862 554 910 usuvenire
587 862 729 909 solent
762 859 1004 923 generatim
1038 859 1159 924 loqui
1194 859 1397 907 velimus.

414 939 464 984 In
483 953 762 1003 quacumque
786 936 919 999 igitur
935 935 1177 1001 hypothesi
1197 936 1394 984 infelices
1418 937 1638 985 eiusmodi
1657 936 1785 985 liberi

321 1014 530 1070 evadent,
551 1024 600 1061 ut
618 1012 793 1060 biblicis
821 1022 922 1060 utar
943 1011 1212 1076 phrasibus,
1241 1012 1322 1058 filii
1347 1030 1563 1078 nequam,
1592 1030 1645 1060 ac
1668 1013 1787 1060 filiae

319 1089 456 1137 Belial
485 1089 729 1136 nescientes
752 1087 865 1135 bene
893 1105 1045 1152 agere,
1074 1105 1127 1135 ac
1147 1089 1520 1136 venundabuntur
1541 1090 1597 1136 ad
1621 1090 1788 1137 facien-

320 1166 426 1212 dum
453 1165 634 1212 malum.
673 1165 1055 1229 Supervacaneum
1089 1175 1233 1213 autem
1263 1166 1467 1214 existimo
1494 1183 1674 1231 prorsus
1708 1166 1788 1214 ad-

320 1251 471 1289 notare
494 1240 713 1289 eiusmodi
733 1241 850 1288 filios
874 1240 1010 1297 nihil,
1033 1251 1109 1288 aut
1126 1241 1216 1288 fere
1233 1241 1363 1288 nihili
1388 1242 1579 1290 facturos
1603 1243 1789 1290 auctori-

321 1327 453 1365 tatem
472 1327 722 1381 paternam,
751 1334 884 1382 quam
902 1334 982 1364 nec
1001 1327 1207 1382 parentes
1234 1318 1320 1382 ipsi
1341 1318 1384 1363 in
1405 1335 1454 1365 se
1472 1319 1645 1366 reveriti
1665 1330 1783 1366 sunt.

418 1395 542 1441 Nunc
565 1393 734 1458 aliquid
758 1393 973 1441 addemus
997 1394 1054 1441 de
1077 1394 1336 1442 auctoritate
1360 1393 1539 1458 publica
1562 1395 1790 1457 magistra-

323 1481 446 1517 tuum
464 1507 474 1525 ,
513 1487 647 1534 quam
681 1470 846 1534 pariter
878 1487 957 1534 per
988 1470 1318 1518 matrimonium
1348 1470 1477 1517 civile
1510 1471 1710 1518 enervari
1739 1488 1790 1518 ac

323 1545 525 1593 imminui
560 1545 719 1592 iisdem
754 1545 986 1592 conficitur
1014 1546 1301 1608 argumentis,
1329 1545 1492 1610 quibus
1516 1546 1790 1594 ostendimus

325 1621 524 1669 enervari
559 1638 612 1668 ac
646 1621 763 1668 laedi
796 1622 1099 1669 auctoritatem
1132 1622 1418 1669 domesticam
1458 1639 1510 1668 ac
1543 1631 1784 1686 paternam.

324 1698 436 1744 Nam
477 1706 643 1744 certum
682 1707 781 1752 est,
825 1696 1084 1760 religionem
1122 1715 1218 1744 eam
1259 1714 1385 1752 esse,
1431 1714 1547 1762 quae
1587 1698 1791 1745 conciliat

325 1773 575 1821 auctoritati
603 1771 808 1836 publicae
829 1772 1153 1819 venerationem
1170 1782 1213 1819 et
1230 1772 1533 1819 reverentiam.
1557 1773 1791 1819 lnnumera

325 1865 463 1914 prope
495 1847 733 1895 Bibliorum
769 1848 1033 1896 documenta
1072 1849 1118 1895 id
1157 1858 1399 1905 testantur,
1439 1865 1554 1913 quae
1586 1848 1792 1896 omnibus

326 1925 458 1972 obvia
492 1935 609 1971 sunt.
639 1924 868 1989 Siquidem
896 1924 1091 1972 declarat
1123 1925 1348 1990 Scriptura
1382 1942 1507 1989 reges
1542 1942 1621 1989 per
1652 1925 1790 1972 Deum

327 2018 512 2064 regnare
529 2039 539 2056 ‚
567 2018 620 2048 ac
643 2001 860 2066 imperare
882 2001 1105 2067 principes
1133 2002 1250 2063 (44);
1281 2002 1384 2049 item
1411 2001 1577 2049 nullam
1602 2011 1793 2067 potesta—

328 2089 414 2125 tem
446 2093 546 2124 esse
573 2077 659 2124 nisi
698 2095 724 2124 a
756 2078 867 2135 Deo,
912 2088 956 2125 et
988 2095 1103 2143 quae
1137 2087 1241 2126 sunt
1269 2088 1506 2143 potestates
1540 2095 1566 2125 a
1599 2079 1691 2126 Deo
1723 2095 1793 2125 or-

329 2154 505 2201 dinatas
539 2170 665 2210 esse,
704 2163 748 2201 et
779 2155 855 2219 qui
894 2154 1059 2202 resistit
1093 2154 1298 2219 potestati
1328 2155 1408 2201 Dei
1434 2153 1699 2202 ordinationi
1726 2171 1794 2200 re—

323 2230 487 2278 sistere
526 2231 650 2292 (45);
689 2230 884 2278 declarat
918 2240 1141 2296 praeterea
1174 2241 1354 2278 cunctos
1395 2230 1555 2277 debere
1593 2229 1793 2276 subditos

329 2324 430 2355 esse
459 2306 617 2354 «omni
643 2307 865 2355 humanae
905 2318 1130 2355 creaturae
1163 2317 1339 2373 propter
1367 2307 1535 2362 Deum,
1575 2306 1668 2353 sive
1702 2305 1793 2368 regi

331 2383 461 2447 quasi
493 2382 800 2447 praecellenti,
829 2383 923 2431 sive
945 2383 1135 2431 ducibus
1159 2394 1383 2448 tamquam
1407 2382 1463 2430 ab
1486 2399 1538 2429 eo
1562 2381 1713 2428 missis
1738 2382 1794 2428 ad

331 2458 569 2506 vindictam
603 2458 957 2515 malefactorum,
994 2459 1170 2507 laudem
1203 2476 1307 2507 vero
1335 2459 1574 2514 bonorum,
1602 2458 1707 2523 quia
1732 2458 1796 2505 sic

333 2545 415 2580 est·
431 2533 635 2583 voluntas
669 2535 749 2582 Dei
779 2536 929 2597 (46);»
951 2544 1083 2600 atque
1108 2534 1190 2581 hoc
1215 2551 1301 2581 non
1326 2533 1467 2581 solum
1492 2550 1628 2597 quum
1653 2533 1798 2597 agitur

429 2680 497 2721 (44)
518 2683 613 2714 Prov-
627 2683 716 2714 vm.
732 2687 781 2715 15.

431 2734 497 2773 (45)
517 2735 611 2767 Rom,
626 2736 712 2768 xm.
731 2739 758 2767 1.
775 2741 803 2768 2.

430 2785 642 2824 (46)⁷1.Petr.
662 2787 702 2818 ιι.
720 2792 817 2824 1345,
