1912 3180
314 170 403 215 238
578 181 658 211 un.
687 179 718 209 1.
746 177 859 208 sacr.
888 177 1058 208 ALTERA.
1088 176 1139 207 m:
1173 176 1347 207 mrum.
1377 175 1517 207 civlu.

311 262 357 306 in
390 258 536 305 omnia
570 255 688 302 mala
730 271 782 301 ac
816 253 1010 302 facinora
1046 252 1288 318 proruant?
1325 253 1408 299 Fac
1442 263 1490 300 ut
1524 253 1777 303 huiusmodi

312 334 514 381 homines
547 331 631 378 sub
656 330 803 394 legum
833 330 968 377 tutela
1002 347 1053 377 ac
1089 329 1333 394 patrocinio
1358 330 1404 375 in
1435 330 1645 377 societate
1670 333 1784 378 mul-

312 409 568 474 tiplicentur
588 445 598 464 ,
638 424 811 454 morum
845 407 1039 453 omnium
1076 405 1194 452 illico
1229 404 1358 452 foeda
1393 406 1614 470 corruptio
1644 408 1785 454 socie-

313 495 445 533 tatem
475 485 645 549 ipsam,
684 500 773 548 qua
806 482 892 530 late
925 493 1067 547 patet,
1107 481 1300 528 invadet.

409 560 578 623 Religio
614 558 709 606 sola
734 569 823 615 est,
856 576 970 623 quae
993 557 1182 622 populos
1208 558 1254 603 in
1278 557 1425 605 officio
1458 559 1685 606 continere
1707 576 1788 606 va.-

314 637 429 693 leat,
469 647 512 683 et
544 635 720 682 efficere
744 652 800 682 ne
823 635 869 680 in
894 634 1125 681 colluviem
1155 634 1363 681 vitiorum
1391 634 1617 690 diffluant;
1645 635 1787 700 quod-

314 728 507 777 cumque
540 710 661 758 aliud
697 711 965 774 excogitetur
994 708 1215 765 medium,
1254 710 1452 774 ineptum
1486 721 1555 757 est
1588 711 1686 757 sine
1718 727 1788 758 re-

314 788 481 852 ligione
516 787 572 835 ad
606 787 724 834 mala
754 787 862 833 haec
896 785 1148 833 avertenda.
1173 786 1485 851 Praeterquam
1521 786 1641 851 quod
1668 786 1788 833 enim

317 883 428 913 sana
461 865 572 912 ratio
607 864 654 910 id
685 872 833 929 aperte
864 862 1017 919 docet,
1050 861 1252 909 luctuosa
1286 862 1557 927 experientia
1591 863 1788 909 omnium

316 942 566 990 seculorum
599 940 844 988 luculenter
868 939 1157 987 demonstrat.
1182 939 1299 986 Sane
1323 939 1379 996 si,
1406 939 1522 986 nihil
1546 938 1790 986 obsistente

317 1018 544 1081 religionis
578 1018 753 1073 fraeno,
791 1025 855 1063 tot
893 1025 1104 1080 tantaque
1151 1015 1405 1062 societatem
1449 1015 1566 1062 mala
1605 1015 1791 1062 moralia

317 1093 554 1158 inquinant
588 1103 720 1157 atque
753 1091 976 1148 inficiunt,
1007 1091 1114 1157 quid
1144 1091 1227 1138 erit
1255 1091 1576 1156 expectandum
1605 1108 1703 1138 cum
1727 1108 1794 1137 re·

316 1168 424 1232 ligio
452 1169 554 1233 ipsa
587 1167 882 1215 contemnitur
915 1177 957 1214 et
991 1167 1189 1214 irrisioni
1220 1166 1441 1213 habetur?
1471 1167 1604 1214 Porro
1638 1167 1676 1213 si
1711 1166 1790 1231 qui

317 1245 546 1309 religionis
593 1255 916 1310 contemptores
947 1262 999 1292 ac
1035 1244 1239 1292 irrisores
1279 1243 1490 1291 censendi
1526 1254 1650 1301 sunt,
1689 1261 1791 1308 pro-

319 1322 530 1370 culdubio
560 1322 670 1370 tales
700 1331 804 1369 sunt
835 1321 1052 1378 habendi,
1090 1321 1166 1386 qui
1196 1320 1381 1384 insuper
1403 1319 1557 1367 habita
1579 1320 1793 1367 ecclesiae

320 1399 523 1446 doctrina
568 1398 653 1446 sub
696 1398 841 1445 civilis
874 1398 987 1461 legis
1028 1398 1178 1445 favore
1213 1414 1265 1444 ac
1305 1397 1576 1461 protectione
1616 1414 1664 1444 se
1703 1395 1792 1444 illis

320 1474 540 1538 coniugiis
585 1474 837 1539 implicant,
886 1491 1001 1540 quae
1047 1474 1103 1521 ab
1139 1474 1292 1521 eadem
1336 1472 1524 1520 ecclesia
1566 1472 1797 1536 illegitima

322 1549 534 1614 nullaque
568 1550 880 1597 decernuntur.

419 1625 590 1673 Crescit
612 1635 757 1672 autem
787 1625 898 1672 haec
925 1643 1096 1673 morum
1121 1624 1368 1690 corruptela
1397 1642 1476 1689 per
1505 1623 1702 1671 scandali
1727 1623 1799 1670 di-

326 1703 595 1750 latationem.
619 1702 793 1748 Etenim
824 1701 1030 1749 homines
1055 1701 1116 1748 ita
1140 1712 1244 1749 sunt
1276 1701 1424 1748 animo
1451 1701 1716 1765 comparati,
1748 1710 1796 1746 ut

324 1796 425 1826 cum
468 1779 572 1844 quis
608 1779 663 1825 ab
699 1779 827 1826 initio
872 1779 1030 1841 ingens
1065 1778 1247 1843 aliquod
1284 1778 1464 1843 praebet
1498 1777 1791 1832 scandalum,

325 1855 436 1902 illud
466 1854 803 1911 exhorrescant,
844 1855 1079 1911 damnent,
1113 1854 1401 1902 detestentur.
1430 1854 1588 1900 Verum
1613 1853 1652 1900 si
1677 1852 1797 1899 idem

322 1930 581 1980 scandalum
616 1931 823 1988 iteretur,
857 1930 1288 1996 multipliceturque,
1319 1930 1469 1977 minus
1505 1929 1790 1993 quatiuntur,

324 2026 377 2056 ac
411 2007 681 2072 pedetentim
705 2007 745 2055 ei
771 2018 1060 2065 assuescunt,
1096 2024 1148 2054 ac
1179 2007 1315 2054 veluti
1351 2006 1654 2053 indifferentes
1687 2015 1800 2052 tem-

326 2087 447 2152 poris
471 2085 600 2151 lapsu
624 2103 728 2149 erga
747 2086 858 2133 illud
883 2104 932 2134 se
955 2086 1190 2143 exhibent,
1214 2085 1348 2133 immo
1365 2102 1468 2133 vero
1488 2084 1637 2150 plures
1662 2099 1798 2148 pravo

327 2164 404 2212 illo
418 2163 619 2227 exemplo
638 2163 821 2228 impulsi
835 2164 891 2210 ad
906 2163 1017 2210 illud
1037 2162 1317 2218 imitandum,
1333 2161 1587 2227 impellente
1604 2158 1799 2224 quadan—

327 2250 456 2288 tenus
491 2239 627 2287 insita
662 2250 847 2287 naturae
882 2251 1060 2288 nostrae
1093 2239 1149 2287 ob
1183 2248 1411 2305 peccatum
1450 2234 1665 2298 originale
1703 2250 1799 2280 cor-

327 2317 515 2382 ruptela,
538 2326 846 2382 provocantur.
882 2317 975 2364 Hac
1007 2317 1179 2364 ratione
1213 2333 1385 2363 morum
1420 2312 1605 2360 foeditas
1640 2311 1802 2373 iugiter

328 2394 374 2439 in
410 2393 538 2457 peius
573 2403 695 2449 ruet,
730 2403 773 2439 et
800 2410 1010 2440 numerus
1044 2393 1367 2456 flagitiosorum
1402 2389 1629 2437 hominum
1653 2387 1699 2433 in
1723 2387 1801 2432 im-

328 2485 532 2515 mensum
565 2479 787 2516 excrescet
820 2486 908 2516 non
935 2468 1094 2531 exigua
1127 2467 1354 2515 societatis
1389 2466 1573 2512 iactura.

424 2545 582 2592 Verum
602 2555 644 2591 et
662 2544 776 2592 alius
801 2545 900 2593 fons
928 2543 1223 2609 corruptionis
1241 2542 1402 2590 exinde
1419 2541 1639 2597 dimanat,
1668 2556 1803 2605 prava

332 2638 490 2685 nempe
523 2621 767 2669 litterarum
801 2622 1034 2670 institutio.
1066 2621 1176 2668 Nam
1200 2636 1301 2666 cum
1338 2617 1423 2666 nisi
1457 2616 1692 2680 irreligiosi
1722 2615 1802 2663 ho—

333 2696 475 2744 mines
513 2708 647 2763 atque
681 2699 850 2746 idcirco
884 2697 1094 2762 flagitiosi
1131 2696 1329 2761 possint,
1369 2694 1563 2760 seposito
1598 2692 1803 2755 religioso

334 2772 572 2836 coniugio,
615 2775 734 2823 civili
765 2792 815 2823 se
850 2784 1019 2823 tantum
1053 2783 1279 2822 contractu
1317 2771 1550 2835 colligare,
1590 2769 1712 2819 nulla
1747 2768 1803 2816 iis
