<?xml version="1.0" encoding="UTF-8"?>
<!DOCTYPE html PUBLIC "-//W3C//DTD XHTML 1.0 Transitional//EN"
    "http://www.w3.org/TR/xhtml1/DTD/xhtml1-transitional.dtd">
<html xmlns="http://www.w3.org/1999/xhtml" xml:lang="en" lang="en">
 <head>
  <title>
</title>
<meta http-equiv="Content-Type" content="text/html;charset=utf-8" />
  <meta name='ocr-system' content='tesseract 3.04.00' />
  <meta name='ocr-capabilities' content='ocr_page ocr_carea ocr_par ocr_line ocrx_word'/>
</head>
<body>
  <div class='ocr_page' id='page_1' title='image "a603380701perruoft_0190.png"; bbox 0 0 1918 3186; ppageno 0'>
   <div class='ocr_carea' id='block_1_1' title="bbox 297 194 1495 241">
    <p class='ocr_par' dir='ltr' id='par_1_1' title="bbox 297 194 1495 241">
     <span class='ocr_line' id='line_1_1' title="bbox 297 194 1495 241; baseline -0.005 -1"><span class='ocrx_word' id='word_1_1' title='bbox 297 194 386 241; x_wconf 79' lang='lat'>168</span> <span class='ocrx_word' id='word_1_2' title='bbox 566 207 646 240; x_wconf 78' lang='lat' dir='ltr'>un.</span> <span class='ocrx_word' id='word_1_3' title='bbox 677 206 706 238; x_wconf 91' lang='lat'>1.</span> <span class='ocrx_word' id='word_1_4' title='bbox 737 204 850 238; x_wconf 70' lang='lat' dir='ltr'>sacr.</span> <span class='ocrx_word' id='word_1_5' title='bbox 880 204 909 235; x_wconf 88' lang='lat'>1.</span> <span class='ocrx_word' id='word_1_6' title='bbox 939 203 990 235; x_wconf 72' lang='lat' dir='ltr'>ni:</span> <span class='ocrx_word' id='word_1_7' title='bbox 1014 203 1186 236; x_wconf 67' lang='lat' dir='ltr'>ran-mn.</span> <span class='ocrx_word' id='word_1_8' title='bbox 1215 203 1495 238; x_wconf 69' lang='lat' dir='ltr'>sAannsnro.</span> 
     </span>
    </p>
   </div>
   <div class='ocr_carea' id='block_1_2' title="bbox 273 279 1758 2305">
    <p class='ocr_par' dir='ltr' id='par_1_2' title="bbox 275 279 1758 1554">
     <span class='ocr_line' id='line_1_2' title="bbox 383 279 1757 332; baseline 0.001 -1"><span class='ocrx_word' id='word_1_9' title='bbox 383 285 475 331; x_wconf 88' lang='lat' dir='ltr'>Iam</span> <span class='ocrx_word' id='word_1_10' title='bbox 507 299 610 331; x_wconf 86' lang='lat' dir='ltr'>vero</span> <span class='ocrx_word' id='word_1_11' title='bbox 646 283 684 329; x_wconf 89' lang='lat' dir='ltr'>si</span> <span class='ocrx_word' id='word_1_12' title='bbox 719 299 773 328; x_wconf 87' lang='lat' dir='ltr'>ex</span> <span class='ocrx_word' id='word_1_13' title='bbox 806 279 1020 328; x_wconf 89' lang='lat' dir='ltr'>ecclesiae</span> <span class='ocrx_word' id='word_1_14' title='bbox 1053 280 1296 328; x_wconf 89' lang='lat' dir='ltr'>catholicae</span> <span class='ocrx_word' id='word_1_15' title='bbox 1325 282 1526 330; x_wconf 90' lang='lat' dir='ltr'>doctrina</span> <span class='ocrx_word' id='word_1_16' title='bbox 1550 281 1667 330; x_wconf 90' lang='lat' dir='ltr'>idem</span> <span class='ocrx_word' id='word_1_17' title='bbox 1689 294 1757 332; x_wconf 88' lang='lat' dir='ltr'>est</span> 
     </span>
     <span class='ocr_line' id='line_1_3' title="bbox 288 358 1758 422; baseline -0.001 -14"><span class='ocrx_word' id='word_1_18' title='bbox 288 363 334 408; x_wconf 91' lang='lat' dir='ltr'>in</span> <span class='ocrx_word' id='word_1_19' title='bbox 362 359 566 422; x_wconf 79' lang='lat' dir='ltr'>coniugio</span> <span class='ocrx_word' id='word_1_20' title='bbox 595 358 936 405; x_wconf 89' lang='lat' dir='ltr'>christianorum</span> <span class='ocrx_word' id='word_1_21' title='bbox 961 366 1208 404; x_wconf 90' lang='lat' dir='ltr'>contractus</span> <span class='ocrx_word' id='word_1_22' title='bbox 1226 367 1269 404; x_wconf 90' lang='lat' dir='ltr'>et</span> <span class='ocrx_word' id='word_1_23' title='bbox 1285 368 1625 416; x_wconf 89' lang='lat' dir='ltr'>sacramentum,</span> <span class='ocrx_word' id='word_1_24' title='bbox 1647 359 1758 407; x_wconf 90' lang='lat' dir='ltr'>adeo</span> 
     </span>
     <span class='ocr_line' id='line_1_4' title="bbox 286 432 1757 496; baseline -0.001 -13"><span class='ocrx_word' id='word_1_25' title='bbox 286 447 335 484; x_wconf 91' lang='lat' dir='ltr'>ut</span> <span class='ocrx_word' id='word_1_26' title='bbox 353 435 429 482; x_wconf 89' lang='lat' dir='ltr'>uhi</span> <span class='ocrx_word' id='word_1_27' title='bbox 442 452 528 482; x_wconf 91' lang='lat' dir='ltr'>non</span> <span class='ocrx_word' id='word_1_28' title='bbox 546 444 613 481; x_wconf 92' lang='lat' dir='ltr'>est</span> <span class='ocrx_word' id='word_1_29' title='bbox 635 442 974 488; x_wconf 89' lang='lat' dir='ltr'>sacramentum,</span> <span class='ocrx_word' id='word_1_30' title='bbox 998 449 1141 496; x_wconf 91' lang='lat' dir='ltr'>neque</span> <span class='ocrx_word' id='word_1_31' title='bbox 1165 432 1283 479; x_wconf 89' lang='lat' dir='ltr'>adsit</span> <span class='ocrx_word' id='word_1_32' title='bbox 1305 443 1554 481; x_wconf 90' lang='lat' dir='ltr'>contractus</span> <span class='ocrx_word' id='word_1_33' title='bbox 1569 472 1579 490; x_wconf 96' lang='lat'>,</span> <span class='ocrx_word' id='word_1_34' title='bbox 1607 444 1757 482; x_wconf 85' lang='lat' dir='ltr'>contra</span> 
     </span>
     <span class='ocr_line' id='line_1_5' title="bbox 285 508 1758 575; baseline -0.003 -15"><span class='ocrx_word' id='word_1_35' title='bbox 285 529 387 560; x_wconf 85' lang='lat' dir='ltr'>vero</span> <span class='ocrx_word' id='word_1_36' title='bbox 414 511 587 575; x_wconf 92' lang='lat' dir='ltr'>quoties</span> <span class='ocrx_word' id='word_1_37' title='bbox 622 510 809 557; x_wconf 89' lang='lat' dir='ltr'>habetur</span> <span class='ocrx_word' id='word_1_38' title='bbox 839 510 1062 573; x_wconf 81' lang='lat' dir='ltr'>legitimus</span> <span class='ocrx_word' id='word_1_39' title='bbox 1098 518 1364 565; x_wconf 91' lang='lat' dir='ltr'>contractus,</span> <span class='ocrx_word' id='word_1_40' title='bbox 1392 509 1521 557; x_wconf 90' lang='lat' dir='ltr'>toties</span> <span class='ocrx_word' id='word_1_41' title='bbox 1544 508 1758 557; x_wconf 85' lang='lat' dir='ltr'><strong>habeatur</strong></span> 
     </span>
     <span class='ocr_line' id='line_1_6' title="bbox 284 584 1757 642; baseline -0.001 -8"><span class='ocrx_word' id='word_1_42' title='bbox 284 595 606 635; x_wconf 86' lang='lat' dir='ltr'>sacramentum</span> <span class='ocrx_word' id='word_1_43' title='bbox 623 623 633 642; x_wconf 94' lang='lat'>,</span> <span class='ocrx_word' id='word_1_44' title='bbox 674 585 956 632; x_wconf 87' lang='lat' dir='ltr'>manifestum</span> <span class='ocrx_word' id='word_1_45' title='bbox 991 595 1060 631; x_wconf 86' lang='lat' dir='ltr'>est</span> <span class='ocrx_word' id='word_1_46' title='bbox 1092 585 1272 632; x_wconf 92' lang='lat' dir='ltr'>totidem</span> <span class='ocrx_word' id='word_1_47' title='bbox 1301 584 1455 632; x_wconf 90' lang='lat' dir='ltr'>haberi</span> <span class='ocrx_word' id='word_1_48' title='bbox 1484 595 1757 633; x_wconf 84' lang='lat' dir='ltr'>sacramenta</span> 
     </span>
     <span class='ocr_line' id='line_1_7' title="bbox 281 660 1754 727; baseline -0.001 -18"><span class='ocrx_word' id='word_1_49' title='bbox 281 672 389 727; x_wconf 92' lang='lat' dir='ltr'>quot</span> <span class='ocrx_word' id='word_1_50' title='bbox 414 661 631 709; x_wconf 87' lang='lat' dir='ltr'>habentur</span> <span class='ocrx_word' id='word_1_51' title='bbox 663 670 944 717; x_wconf 90' lang='lat' dir='ltr'>contractus,</span> <span class='ocrx_word' id='word_1_52' title='bbox 977 661 1150 708; x_wconf 90' lang='lat' dir='ltr'>etiamsi</span> <span class='ocrx_word' id='word_1_53' title='bbox 1184 660 1432 708; x_wconf 83' lang='lat' dir='ltr'>benedictio</span> <span class='ocrx_word' id='word_1_54' title='bbox 1466 661 1754 709; x_wconf 89' lang='lat' dir='ltr'>sacerdotalis</span> 
     </span>
     <span class='ocr_line' id='line_1_8' title="bbox 283 736 1752 801; baseline 0 -17"><span class='ocrx_word' id='word_1_55' title='bbox 283 755 370 786; x_wconf 92' lang='lat' dir='ltr'>non</span> <span class='ocrx_word' id='word_1_56' title='bbox 405 737 713 793; x_wconf 81' lang='lat' dir='ltr'>intervenerit,</span> <span class='ocrx_word' id='word_1_57' title='bbox 740 747 870 801; x_wconf 89' lang='lat' dir='ltr'>prout</span> <span class='ocrx_word' id='word_1_58' title='bbox 893 736 1107 798; x_wconf 80' lang='lat' dir='ltr'>contingit</span> <span class='ocrx_word' id='word_1_59' title='bbox 1125 736 1171 782; x_wconf 92' lang='lat' dir='ltr'>in</span> <span class='ocrx_word' id='word_1_60' title='bbox 1196 736 1253 783; x_wconf 91' lang='lat' dir='ltr'>iis</span> <span class='ocrx_word' id='word_1_61' title='bbox 1275 736 1482 784; x_wconf 91' lang='lat' dir='ltr'>omnibus</span> <span class='ocrx_word' id='word_1_62' title='bbox 1507 736 1752 799; x_wconf 84' lang='lat' dir='ltr'>coniugiis,</span> 
     </span>
     <span class='ocr_line' id='line_1_9' title="bbox 281 810 1755 878; baseline -0.001 -19"><span class='ocrx_word' id='word_1_63' title='bbox 281 829 397 878; x_wconf 90' lang='lat' dir='ltr'>quae</span> <span class='ocrx_word' id='word_1_64' title='bbox 420 811 696 859; x_wconf 82' lang='lat' dir='ltr'>celebrantur</span> <span class='ocrx_word' id='word_1_65' title='bbox 720 811 808 858; x_wconf 91' lang='lat' dir='ltr'>illis</span> <span class='ocrx_word' id='word_1_66' title='bbox 831 813 876 857; x_wconf 91' lang='lat' dir='ltr'>in</span> <span class='ocrx_word' id='word_1_67' title='bbox 899 810 1178 873; x_wconf 81' lang='lat' dir='ltr'>regionibus,</span> <span class='ocrx_word' id='word_1_68' title='bbox 1200 811 1246 857; x_wconf 89' lang='lat' dir='ltr'>in</span> <span class='ocrx_word' id='word_1_69' title='bbox 1273 811 1436 875; x_wconf 91' lang='lat' dir='ltr'>quibus</span> <span class='ocrx_word' id='word_1_70' title='bbox 1464 811 1755 859; x_wconf 90' lang='lat' dir='ltr'>tridentinum</span> 
     </span>
     <span class='ocr_line' id='line_1_10' title="bbox 280 885 1756 951; baseline -0.001 -17"><span class='ocrx_word' id='word_1_71' title='bbox 280 887 504 934; x_wconf 90' lang='lat' dir='ltr'>decretum</span> <span class='ocrx_word' id='word_1_72' title='bbox 531 903 619 933; x_wconf 92' lang='lat' dir='ltr'>non</span> <span class='ocrx_word' id='word_1_73' title='bbox 645 896 714 933; x_wconf 92' lang='lat' dir='ltr'>est</span> <span class='ocrx_word' id='word_1_74' title='bbox 738 885 1031 951; x_wconf 90' lang='lat' dir='ltr'>publicatum;</span> <span class='ocrx_word' id='word_1_75' title='bbox 1066 895 1141 932; x_wconf 89' lang='lat' dir='ltr'>aut</span> <span class='ocrx_word' id='word_1_76' title='bbox 1173 886 1347 950; x_wconf 90' lang='lat' dir='ltr'>quoties</span> <span class='ocrx_word' id='word_1_77' title='bbox 1376 904 1430 933; x_wconf 84' lang='lat' dir='ltr'>ex</span> <span class='ocrx_word' id='word_1_78' title='bbox 1461 885 1662 949; x_wconf 82' lang='lat' dir='ltr'>legitima</span> <span class='ocrx_word' id='word_1_79' title='bbox 1687 885 1756 932; x_wconf 79' lang='lat' dir='ltr'>di-</span> 
     </span>
     <span class='ocr_line' id='line_1_11' title="bbox 279 960 1756 1026; baseline -0.001 -16"><span class='ocrx_word' id='word_1_80' title='bbox 279 961 563 1026; x_wconf 89' lang='lat' dir='ltr'>spensatione</span> <span class='ocrx_word' id='word_1_81' title='bbox 586 978 673 1008; x_wconf 91' lang='lat' dir='ltr'>non</span> <span class='ocrx_word' id='word_1_82' title='bbox 697 960 973 1008; x_wconf 83' lang='lat' dir='ltr'>celebrantur</span> <span class='ocrx_word' id='word_1_83' title='bbox 1008 977 1155 1008; x_wconf 92' lang='lat' dir='ltr'>coram</span> <span class='ocrx_word' id='word_1_84' title='bbox 1192 960 1440 1018; x_wconf 84' lang='lat' dir='ltr'>sacerdote,</span> <span class='ocrx_word' id='word_1_85' title='bbox 1477 970 1553 1009; x_wconf 93' lang='lat' dir='ltr'>aut</span> <span class='ocrx_word' id='word_1_86' title='bbox 1586 960 1756 1025; x_wconf 85' lang='lat' dir='ltr'>absque</span> 
     </span>
     <span class='ocr_line' id='line_1_12' title="bbox 278 1037 1756 1102; baseline -0.001 -16"><span class='ocrx_word' id='word_1_87' title='bbox 278 1038 376 1086; x_wconf 89' lang='lat' dir='ltr'>eius</span> <span class='ocrx_word' id='word_1_88' title='bbox 409 1037 738 1093; x_wconf 89' lang='lat' dir='ltr'>benedictione,</span> <span class='ocrx_word' id='word_1_89' title='bbox 770 1054 884 1102; x_wconf 91' lang='lat' dir='ltr'>quae</span> <span class='ocrx_word' id='word_1_90' title='bbox 907 1037 1101 1101; x_wconf 81' lang='lat' dir='ltr'>profecto</span> <span class='ocrx_word' id='word_1_91' title='bbox 1137 1054 1223 1084; x_wconf 91' lang='lat' dir='ltr'>non</span> <span class='ocrx_word' id='word_1_92' title='bbox 1258 1054 1400 1101; x_wconf 89' lang='lat' dir='ltr'>pauca</span> <span class='ocrx_word' id='word_1_93' title='bbox 1434 1048 1552 1085; x_wconf 90' lang='lat' dir='ltr'>sunt.</span> <span class='ocrx_word' id='word_1_94' title='bbox 1585 1037 1756 1084; x_wconf 84' lang='lat' dir='ltr'>Exinde</span> 
     </span>
     <span class='ocr_line' id='line_1_13' title="bbox 278 1111 1756 1177; baseline -0.001 -16"><span class='ocrx_word' id='word_1_95' title='bbox 278 1113 502 1162; x_wconf 85' lang='lat' dir='ltr'>evidenter</span> <span class='ocrx_word' id='word_1_96' title='bbox 534 1123 653 1177; x_wconf 90' lang='lat' dir='ltr'>patet</span> <span class='ocrx_word' id='word_1_97' title='bbox 687 1129 831 1177; x_wconf 91' lang='lat' dir='ltr'>neque</span> <span class='ocrx_word' id='word_1_98' title='bbox 863 1111 1215 1160; x_wconf 90' lang='lat' dir='ltr'>benedictionem</span> <span class='ocrx_word' id='word_1_99' title='bbox 1239 1112 1295 1159; x_wconf 89' lang='lat' dir='ltr'>ad</span> <span class='ocrx_word' id='word_1_100' title='bbox 1320 1112 1582 1159; x_wconf 86' lang='lat' dir='ltr'>sacramenti</span> <span class='ocrx_word' id='word_1_101' title='bbox 1606 1128 1756 1159; x_wconf 90' lang='lat' dir='ltr'>essen·</span> 
     </span>
     <span class='ocr_line' id='line_1_14' title="bbox 278 1187 1753 1252; baseline -0.002 -16"><span class='ocrx_word' id='word_1_102' title='bbox 278 1189 384 1236; x_wconf 89' lang='lat' dir='ltr'>tiam</span> <span class='ocrx_word' id='word_1_103' title='bbox 413 1187 660 1252; x_wconf 90' lang='lat' dir='ltr'>pertinere,</span> <span class='ocrx_word' id='word_1_104' title='bbox 705 1205 849 1252; x_wconf 90' lang='lat' dir='ltr'>neque</span> <span class='ocrx_word' id='word_1_105' title='bbox 890 1187 1161 1235; x_wconf 90' lang='lat' dir='ltr'>sacerdotem</span> <span class='ocrx_word' id='word_1_106' title='bbox 1195 1205 1296 1236; x_wconf 89' lang='lat' dir='ltr'>esse</span> <span class='ocrx_word' id='word_1_107' title='bbox 1330 1188 1465 1234; x_wconf 91' lang='lat' dir='ltr'>huius</span> <span class='ocrx_word' id='word_1_108' title='bbox 1490 1189 1753 1235; x_wconf 88' lang='lat' dir='ltr'>sacramenti</span> 
     </span>
     <span class='ocr_line' id='line_1_15' title="bbox 277 1263 1755 1327; baseline -0.001 -16"><span class='ocrx_word' id='word_1_109' title='bbox 277 1263 546 1320; x_wconf 89' lang='lat' dir='ltr'>ministrum,</span> <span class='ocrx_word' id='word_1_110' title='bbox 562 1263 640 1310; x_wconf 91' lang='lat' dir='ltr'>sed</span> <span class='ocrx_word' id='word_1_111' title='bbox 660 1273 983 1311; x_wconf 89' lang='lat' dir='ltr'>sacramentum</span> <span class='ocrx_word' id='word_1_112' title='bbox 1002 1263 1154 1327; x_wconf 90' lang='lat' dir='ltr'>perfici</span> <span class='ocrx_word' id='word_1_113' title='bbox 1175 1263 1269 1310; x_wconf 93' lang='lat' dir='ltr'>solo</span> <span class='ocrx_word' id='word_1_114' title='bbox 1285 1263 1636 1312; x_wconf 89' lang='lat' dir='ltr'>contrahentium</span> <span class='ocrx_word' id='word_1_115' title='bbox 1649 1279 1755 1311; x_wconf 90' lang='lat' dir='ltr'>con-</span> 
     </span>
     <span class='ocr_line' id='line_1_16' title="bbox 277 1338 1755 1403; baseline 0 -16"><span class='ocrx_word' id='word_1_116' title='bbox 277 1356 440 1396; x_wconf 89' lang='lat' dir='ltr'>sensu,</span> <span class='ocrx_word' id='word_1_117' title='bbox 473 1356 525 1386; x_wconf 90' lang='lat' dir='ltr'>ac</span> <span class='ocrx_word' id='word_1_118' title='bbox 552 1349 784 1403; x_wconf 89' lang='lat' dir='ltr'>propterea</span> <span class='ocrx_word' id='word_1_119' title='bbox 806 1338 1115 1386; x_wconf 90' lang='lat' dir='ltr'>contrahentes</span> <span class='ocrx_word' id='word_1_120' title='bbox 1151 1339 1271 1386; x_wconf 93' lang='lat' dir='ltr'>solos</span> <span class='ocrx_word' id='word_1_121' title='bbox 1308 1356 1408 1386; x_wconf 91' lang='lat' dir='ltr'>esse</span> <span class='ocrx_word' id='word_1_122' title='bbox 1437 1339 1573 1387; x_wconf 90' lang='lat' dir='ltr'>huius</span> <span class='ocrx_word' id='word_1_123' title='bbox 1605 1356 1755 1387; x_wconf 87' lang='lat' dir='ltr'>sacra-</span> 
     </span>
     <span class='ocr_line' id='line_1_17' title="bbox 276 1411 1751 1462; baseline 0 -1"><span class='ocrx_word' id='word_1_124' title='bbox 276 1415 412 1461; x_wconf 89' lang='lat' dir='ltr'>menti</span> <span class='ocrx_word' id='word_1_125' title='bbox 431 1414 674 1461; x_wconf 89' lang='lat' dir='ltr'>ministros.</span> <span class='ocrx_word' id='word_1_126' title='bbox 685 1413 878 1460; x_wconf 86' lang='lat' dir='ltr'>Difficile</span> <span class='ocrx_word' id='word_1_127' title='bbox 895 1411 1134 1460; x_wconf 90' lang='lat' dir='ltr'>admodum</span> <span class='ocrx_word' id='word_1_128' title='bbox 1154 1414 1315 1461; x_wconf 89' lang='lat' dir='ltr'>accidit</span> <span class='ocrx_word' id='word_1_129' title='bbox 1333 1414 1625 1462; x_wconf 88' lang='lat' dir='ltr'>sectatoribus</span> <span class='ocrx_word' id='word_1_130' title='bbox 1642 1414 1751 1462; x_wconf 90' lang='lat' dir='ltr'>Cani</span> 
     </span>
     <span class='ocr_line' id='line_1_18' title="bbox 275 1487 1749 1554; baseline 0.001 -19"><span class='ocrx_word' id='word_1_131' title='bbox 275 1489 475 1538; x_wconf 82' lang='lat' dir='ltr'>invenire</span> <span class='ocrx_word' id='word_1_132' title='bbox 494 1489 724 1554; x_wconf 88' lang='lat' dir='ltr'>quidpiam</span> <span class='ocrx_word' id='word_1_133' title='bbox 743 1488 891 1545; x_wconf 90' lang='lat' dir='ltr'>solidi,</span> <span class='ocrx_word' id='word_1_134' title='bbox 906 1487 1025 1552; x_wconf 93' lang='lat' dir='ltr'>quod</span> <span class='ocrx_word' id='word_1_135' title='bbox 1045 1488 1342 1552; x_wconf 87' lang='lat' dir='ltr'>respondeant</span> <span class='ocrx_word' id='word_1_136' title='bbox 1355 1489 1460 1536; x_wconf 93' lang='lat' dir='ltr'>huic</span> <span class='ocrx_word' id='word_1_137' title='bbox 1473 1489 1749 1552; x_wconf 83' lang='lat' dir='ltr'>argumento.</span> 
     </span>
    </p>

    <p class='ocr_par' dir='ltr' id='par_1_3' title="bbox 273 1562 1755 2305">
     <span class='ocr_line' id='line_1_19' title="bbox 377 1562 1755 1628; baseline -0.001 -17"><span class='ocrx_word' id='word_1_138' title='bbox 377 1565 481 1611; x_wconf 89' lang='lat' dir='ltr'>Post</span> <span class='ocrx_word' id='word_1_139' title='bbox 509 1564 636 1620; x_wconf 91' lang='lat' dir='ltr'>haec,</span> <span class='ocrx_word' id='word_1_140' title='bbox 662 1564 735 1611; x_wconf 84' lang='lat' dir='ltr'>vix</span> <span class='ocrx_word' id='word_1_141' title='bbox 762 1579 1138 1628; x_wconf 81' lang='lat' dir='ltr'>supervacaneum</span> <span class='ocrx_word' id='word_1_142' title='bbox 1173 1579 1260 1610; x_wconf 91' lang='lat' dir='ltr'>non</span> <span class='ocrx_word' id='word_1_143' title='bbox 1293 1562 1468 1611; x_wconf 84' lang='lat' dir='ltr'>videtur</span> <span class='ocrx_word' id='word_1_144' title='bbox 1502 1563 1590 1610; x_wconf 90' lang='lat' dir='ltr'>alia</span> <span class='ocrx_word' id='word_1_145' title='bbox 1623 1581 1755 1627; x_wconf 79' lang='lat' dir='ltr'>argu—</span> 
     </span>
     <span class='ocr_line' id='line_1_20' title="bbox 278 1634 1755 1703; baseline 0.001 -18"><span class='ocrx_word' id='word_1_146' title='bbox 278 1634 425 1685; x_wconf 86' lang='lat' dir='ltr'>menta</span> <span class='ocrx_word' id='word_1_147' title='bbox 452 1655 632 1702; x_wconf 83' lang='lat' dir='ltr'>urgere,</span> <span class='ocrx_word' id='word_1_148' title='bbox 655 1655 770 1703; x_wconf 90' lang='lat' dir='ltr'>quae</span> <span class='ocrx_word' id='word_1_149' title='bbox 787 1655 840 1685; x_wconf 84' lang='lat' dir='ltr'>ex</span> <span class='ocrx_word' id='word_1_150' title='bbox 862 1638 962 1703; x_wconf 90' lang='lat' dir='ltr'>ipsa</span> <span class='ocrx_word' id='word_1_151' title='bbox 986 1637 1048 1684; x_wconf 91' lang='lat' dir='ltr'>rei</span> <span class='ocrx_word' id='word_1_152' title='bbox 1074 1647 1231 1685; x_wconf 88' lang='lat' dir='ltr'>natura</span> <span class='ocrx_word' id='word_1_153' title='bbox 1265 1637 1355 1701; x_wconf 89' lang='lat' dir='ltr'>peti</span> <span class='ocrx_word' id='word_1_154' title='bbox 1390 1648 1593 1702; x_wconf 91' lang='lat' dir='ltr'>possunt.</span> <span class='ocrx_word' id='word_1_155' title='bbox 1624 1639 1755 1687; x_wconf 88' lang='lat' dir='ltr'>Prae-</span> 
     </span>
     <span class='ocr_line' id='line_1_21' title="bbox 275 1712 1754 1778; baseline -0.001 -16"><span class='ocrx_word' id='word_1_156' title='bbox 275 1712 409 1778; x_wconf 81' lang='lat' dir='ltr'>cipua</span> <span class='ocrx_word' id='word_1_157' title='bbox 436 1724 582 1761; x_wconf 90' lang='lat' dir='ltr'>autem</span> <span class='ocrx_word' id='word_1_158' title='bbox 617 1714 728 1761; x_wconf 90' lang='lat' dir='ltr'>ratio</span> <span class='ocrx_word' id='word_1_159' title='bbox 755 1732 807 1761; x_wconf 89' lang='lat' dir='ltr'>ea</span> <span class='ocrx_word' id='word_1_160' title='bbox 841 1715 932 1770; x_wconf 80' lang='lat' dir='ltr'>est,</span> <span class='ocrx_word' id='word_1_161' title='bbox 960 1730 1076 1778; x_wconf 91' lang='lat' dir='ltr'>quae</span> <span class='ocrx_word' id='word_1_162' title='bbox 1099 1731 1126 1760; x_wconf 93' lang='lat' dir='ltr'>a</span> <span class='ocrx_word' id='word_1_163' title='bbox 1148 1712 1413 1761; x_wconf 85' lang='lat' dir='ltr'>Bellarmino</span> <span class='ocrx_word' id='word_1_164' title='bbox 1437 1714 1678 1761; x_wconf 90' lang='lat' dir='ltr'>arcessitur</span> <span class='ocrx_word' id='word_1_165' title='bbox 1701 1732 1754 1762; x_wconf 83' lang='lat' dir='ltr'>ex</span> 
     </span>
     <span class='ocr_line' id='line_1_22' title="bbox 275 1789 1751 1854; baseline 0.002 -19"><span class='ocrx_word' id='word_1_166' title='bbox 275 1789 532 1836; x_wconf 89' lang='lat' dir='ltr'>omnimoda</span> <span class='ocrx_word' id='word_1_167' title='bbox 565 1789 956 1837; x_wconf 89' lang='lat' dir='ltr'>indissolubilitate</span> <span class='ocrx_word' id='word_1_168' title='bbox 989 1789 1317 1852; x_wconf 82' lang='lat' dir='ltr'>coniugiorum,</span> <span class='ocrx_word' id='word_1_169' title='bbox 1351 1807 1467 1854; x_wconf 88' lang='lat' dir='ltr'>quae</span> <span class='ocrx_word' id='word_1_170' title='bbox 1490 1807 1517 1837; x_wconf 90' lang='lat' dir='ltr'>a</span> <span class='ocrx_word' id='word_1_171' title='bbox 1541 1790 1751 1838; x_wconf 91' lang='lat' dir='ltr'>fidelibus</span> 
     </span>
     <span class='ocr_line' id='line_1_23' title="bbox 276 1863 1749 1922; baseline 0 -9"><span class='ocrx_word' id='word_1_172' title='bbox 276 1863 598 1913; x_wconf 80' lang='lat' dir='ltr'>contrahuntur</span> <span class='ocrx_word' id='word_1_173' title='bbox 632 1866 765 1912; x_wconf 90' lang='lat' dir='ltr'>etiam</span> <span class='ocrx_word' id='word_1_174' title='bbox 801 1865 899 1912; x_wconf 91' lang='lat' dir='ltr'>sine</span> <span class='ocrx_word' id='word_1_175' title='bbox 932 1864 1242 1912; x_wconf 90' lang='lat' dir='ltr'>benedictione</span> <span class='ocrx_word' id='word_1_176' title='bbox 1276 1865 1561 1921; x_wconf 89' lang='lat' dir='ltr'>sacerdotali;</span> <span class='ocrx_word' id='word_1_177' title='bbox 1589 1866 1650 1912; x_wconf 88' lang='lat' dir='ltr'>ita</span> <span class='ocrx_word' id='word_1_178' title='bbox 1676 1877 1749 1922; x_wconf 91' lang='lat' dir='ltr'>ut,</span> 
     </span>
     <span class='ocr_line' id='line_1_24' title="bbox 276 1940 1753 2004; baseline -0.001 -17"><span class='ocrx_word' id='word_1_179' title='bbox 276 1940 316 1987; x_wconf 89' lang='lat' dir='ltr'>si</span> <span class='ocrx_word' id='word_1_180' title='bbox 342 1940 694 1987; x_wconf 83' lang='lat' dir='ltr'>consummatum</span> <span class='ocrx_word' id='word_1_181' title='bbox 721 1941 874 1996; x_wconf 86' lang='lat' dir='ltr'>fuerit,</span> <span class='ocrx_word' id='word_1_182' title='bbox 899 1957 1142 2004; x_wconf 91' lang='lat' dir='ltr'>numquam</span> <span class='ocrx_word' id='word_1_183' title='bbox 1171 1940 1258 1988; x_wconf 93' lang='lat' dir='ltr'>nisi</span> <span class='ocrx_word' id='word_1_184' title='bbox 1290 1958 1369 2004; x_wconf 90' lang='lat' dir='ltr'>per</span> <span class='ocrx_word' id='word_1_185' title='bbox 1392 1951 1575 1988; x_wconf 89' lang='lat' dir='ltr'>mortem</span> <span class='ocrx_word' id='word_1_186' title='bbox 1602 1940 1753 1987; x_wconf 90' lang='lat' dir='ltr'>dirimi</span> 
     </span>
     <span class='ocr_line' id='line_1_25' title="bbox 275 2014 1753 2080; baseline 0.001 -18"><span class='ocrx_word' id='word_1_187' title='bbox 275 2014 719 2079; x_wconf 80' lang='lat' dir='ltr'>possint.&#39;Eiusmodi</span> <span class='ocrx_word' id='word_1_188' title='bbox 754 2025 899 2062; x_wconf 91' lang='lat' dir='ltr'>autem</span> <span class='ocrx_word' id='word_1_189' title='bbox 924 2015 1110 2063; x_wconf 86' lang='lat' dir='ltr'>effectus</span> <span class='ocrx_word' id='word_1_190' title='bbox 1144 2025 1212 2062; x_wconf 89' lang='lat' dir='ltr'>est</span> <span class='ocrx_word' id='word_1_191' title='bbox 1244 2015 1306 2072; x_wconf 90' lang='lat' dir='ltr'>id,</span> <span class='ocrx_word' id='word_1_192' title='bbox 1334 2015 1453 2080; x_wconf 90' lang='lat' dir='ltr'>quod</span> <span class='ocrx_word' id='word_1_193' title='bbox 1489 2014 1753 2078; x_wconf 81' lang='lat' dir='ltr'>s.Augusti-</span> 
     </span>
     <span class='ocr_line' id='line_1_26' title="bbox 273 2090 1746 2155; baseline 0 -18"><span class='ocrx_word' id='word_1_194' title='bbox 273 2108 358 2137; x_wconf 88' lang='lat' dir='ltr'>nus</span> <span class='ocrx_word' id='word_1_195' title='bbox 396 2091 442 2137; x_wconf 92' lang='lat' dir='ltr'>in</span> <span class='ocrx_word' id='word_1_196' title='bbox 476 2090 590 2138; x_wconf 91' lang='lat' dir='ltr'>libro</span> <span class='ocrx_word' id='word_1_197' title='bbox 623 2091 686 2137; x_wconf 86' lang='lat' dir='ltr'>De</span> <span class='ocrx_word' id='word_1_198' title='bbox 723 2091 825 2137; x_wconf 79' lang='lat' dir='ltr'>bono</span> <span class='ocrx_word' id='word_1_199' title='bbox 864 2092 1085 2155; x_wconf 76' lang='lat' dir='ltr'>coniuqali</span> <span class='ocrx_word' id='word_1_200' title='bbox 1105 2128 1117 2146; x_wconf 92' lang='lat'>,</span> <span class='ocrx_word' id='word_1_201' title='bbox 1165 2109 1254 2138; x_wconf 82' lang='lat' dir='ltr'>rem</span> <span class='ocrx_word' id='word_1_202' title='bbox 1296 2101 1425 2138; x_wconf 88' lang='lat' dir='ltr'>vocat</span> <span class='ocrx_word' id='word_1_203' title='bbox 1464 2091 1746 2139; x_wconf 85' lang='lat' dir='ltr'>sacramenti.</span> 
     </span>
     <span class='ocr_line' id='line_1_27' title="bbox 273 2165 1751 2231; baseline 0 -19"><span class='ocrx_word' id='word_1_204' title='bbox 273 2165 399 2213; x_wconf 90' lang='lat' dir='ltr'>Hanc</span> <span class='ocrx_word' id='word_1_205' title='bbox 434 2175 580 2213; x_wconf 91' lang='lat' dir='ltr'>autem</span> <span class='ocrx_word' id='word_1_206' title='bbox 615 2166 916 2213; x_wconf 90' lang='lat' dir='ltr'>omnimodam</span> <span class='ocrx_word' id='word_1_207' title='bbox 960 2166 1212 2214; x_wconf 90' lang='lat' dir='ltr'>firmitatem</span> <span class='ocrx_word' id='word_1_208' title='bbox 1253 2166 1415 2214; x_wconf 87' lang='lat' dir='ltr'>frustra</span> <span class='ocrx_word' id='word_1_209' title='bbox 1465 2183 1653 2231; x_wconf 86' lang='lat' dir='ltr'>quaeres</span> <span class='ocrx_word' id='word_1_210' title='bbox 1704 2166 1751 2212; x_wconf 92' lang='lat' dir='ltr'>in</span> 
     </span>
     <span class='ocr_line' id='line_1_28' title="bbox 274 2239 1747 2305; baseline 0 -18"><span class='ocrx_word' id='word_1_211' title='bbox 274 2241 440 2305; x_wconf 90' lang='lat' dir='ltr'>nuptiis</span> <span class='ocrx_word' id='word_1_212' title='bbox 486 2240 760 2288; x_wconf 90' lang='lat' dir='ltr'>ethnicorum</span> <span class='ocrx_word' id='word_1_213' title='bbox 786 2279 795 2296; x_wconf 93' lang='lat'>,</span> <span class='ocrx_word' id='word_1_214' title='bbox 841 2258 955 2305; x_wconf 88' lang='lat' dir='ltr'>quae</span> <span class='ocrx_word' id='word_1_215' title='bbox 1001 2241 1223 2290; x_wconf 90' lang='lat' dir='ltr'>nonnullis</span> <span class='ocrx_word' id='word_1_216' title='bbox 1260 2241 1304 2287; x_wconf 90' lang='lat' dir='ltr'>in</span> <span class='ocrx_word' id='word_1_217' title='bbox 1339 2240 1517 2289; x_wconf 89' lang='lat' dir='ltr'>casibus</span> <span class='ocrx_word' id='word_1_218' title='bbox 1563 2239 1747 2289; x_wconf 87' lang='lat' dir='ltr'>dissolvi</span> 
     </span>
    </p>
   </div>
   <div class='ocr_carea' id='block_1_3' title="bbox 270 2414 1752 2825">
    <p class='ocr_par' dir='ltr' id='par_1_4' title="bbox 270 2414 1752 2613">
     <span class='ocr_line' id='line_1_29' title="bbox 275 2414 1750 2457; baseline 0.001 -11"><span class='ocrx_word' id='word_1_219' title='bbox 275 2414 360 2447; x_wconf 82' lang='lat' dir='ltr'>dena</span> <span class='ocrx_word' id='word_1_220' title='bbox 372 2415 481 2448; x_wconf 84' lang='lat' dir='ltr'>chiesa</span> <span class='ocrx_word' id='word_1_221' title='bbox 492 2416 654 2456; x_wconf 79' lang='lat' dir='ltr'>cattolica,</span> <span class='ocrx_word' id='word_1_222' title='bbox 669 2417 729 2449; x_wconf 81' lang='lat' dir='ltr'>che</span> <span class='ocrx_word' id='word_1_223' title='bbox 741 2416 764 2448; x_wconf 83' lang='lat' dir='ltr'>il</span> <span class='ocrx_word' id='word_1_224' title='bbox 781 2418 980 2448; x_wconf 83' lang='lat' dir='ltr'>sacramento</span> <span class='ocrx_word' id='word_1_225' title='bbox 994 2425 1058 2448; x_wconf 91' lang='lat' dir='ltr'>non</span> <span class='ocrx_word' id='word_1_226' title='bbox 1073 2417 1091 2449; x_wconf 80' lang='lat' dir='ltr'>e</span> <span class='ocrx_word' id='word_1_227' title='bbox 1105 2417 1229 2457; x_wconf 59' lang='lat' dir='ltr'>qualite</span> <span class='ocrx_word' id='word_1_228' title='bbox 1245 2416 1445 2449; x_wconf 81' lang='lat' dir='ltr'>accidentale</span> <span class='ocrx_word' id='word_1_229' title='bbox 1459 2416 1610 2456; x_wconf 73' lang='lat' dir='ltr'>aggiunta</span> <span class='ocrx_word' id='word_1_230' title='bbox 1627 2415 1660 2447; x_wconf 80' lang='lat' dir='ltr'>ai</span> <span class='ocrx_word' id='word_1_231' title='bbox 1674 2423 1750 2447; x_wconf 93' lang='lat' dir='ltr'>con·</span> 
     </span>
     <span class='ocr_line' id='line_1_30' title="bbox 272 2467 1752 2508; baseline 0 -10"><span class='ocrx_word' id='word_1_232' title='bbox 272 2467 393 2507; x_wconf 74' lang='lat' dir='ltr'>tmtto,</span> <span class='ocrx_word' id='word_1_233' title='bbox 419 2476 472 2499; x_wconf 85' lang='lat' dir='ltr'>ma</span> <span class='ocrx_word' id='word_1_234' title='bbox 493 2468 511 2500; x_wconf 77' lang='lat' dir='ltr'>e</span> <span class='ocrx_word' id='word_1_235' title='bbox 535 2468 569 2499; x_wconf 88' lang='lat' dir='ltr'>di</span> <span class='ocrx_word' id='word_1_236' title='bbox 590 2476 719 2500; x_wconf 87' lang='lat' dir='ltr'>essenza</span> <span class='ocrx_word' id='word_1_237' title='bbox 741 2468 772 2499; x_wconf 85' lang='lat' dir='ltr'>al</span> <span class='ocrx_word' id='word_1_238' title='bbox 794 2468 999 2500; x_wconf 82' lang='lat' dir='ltr'>matrimonio</span> <span class='ocrx_word' id='word_1_239' title='bbox 1024 2469 1143 2508; x_wconf 80' lang='lat' dir='ltr'>stesso,</span> <span class='ocrx_word' id='word_1_240' title='bbox 1161 2469 1226 2500; x_wconf 83' lang='lat' dir='ltr'>cosi</span> <span class='ocrx_word' id='word_1_241' title='bbox 1241 2469 1346 2501; x_wconf 85' lang='lat' dir='ltr'>chela</span> <span class='ocrx_word' id='word_1_242' title='bbox 1360 2468 1479 2500; x_wconf 86' lang='lat' dir='ltr'>unione</span> <span class='ocrx_word' id='word_1_243' title='bbox 1492 2467 1661 2507; x_wconf 84' lang='lat' dir='ltr'>coniugale</span> <span class='ocrx_word' id='word_1_244' title='bbox 1674 2467 1752 2499; x_wconf 83' lang='lat' dir='ltr'>trai</span> 
     </span>
     <span class='ocr_line' id='line_1_31' title="bbox 270 2519 1745 2561; baseline 0.001 -11"><span class='ocrx_word' id='word_1_245' title='bbox 270 2519 415 2551; x_wconf 84' lang='lat' dir='ltr'>cristiani</span> <span class='ocrx_word' id='word_1_246' title='bbox 427 2528 493 2551; x_wconf 90' lang='lat' dir='ltr'>non</span> <span class='ocrx_word' id='word_1_247' title='bbox 505 2519 524 2552; x_wconf 74' lang='lat' dir='ltr'>e</span> <span class='ocrx_word' id='word_1_248' title='bbox 537 2520 711 2560; x_wconf 84' lang='lat' dir='ltr'>legittima,</span> <span class='ocrx_word' id='word_1_249' title='bbox 727 2529 762 2552; x_wconf 87' lang='lat' dir='ltr'>se</span> <span class='ocrx_word' id='word_1_250' title='bbox 776 2529 842 2553; x_wconf 88' lang='lat' dir='ltr'>non</span> <span class='ocrx_word' id='word_1_251' title='bbox 854 2521 906 2553; x_wconf 88' lang='lat' dir='ltr'>uel</span> <span class='ocrx_word' id='word_1_252' title='bbox 920 2519 1126 2552; x_wconf 84' lang='lat' dir='ltr'>matrimonio</span> <span class='ocrx_word' id='word_1_253' title='bbox 1137 2522 1351 2561; x_wconf 83' lang='lat' dir='ltr'>sacramento,</span> <span class='ocrx_word' id='word_1_254' title='bbox 1362 2520 1447 2552; x_wconf 86' lang='lat' dir='ltr'>fuori</span> <span class='ocrx_word' id='word_1_255' title='bbox 1457 2520 1510 2552; x_wconf 85' lang='lat' dir='ltr'>del</span> <span class='ocrx_word' id='word_1_256' title='bbox 1524 2519 1620 2560; x_wconf 84' lang='lat' dir='ltr'>quale</span> <span class='ocrx_word' id='word_1_257' title='bbox 1633 2528 1699 2552; x_wconf 90' lang='lat' dir='ltr'>non</span> <span class='ocrx_word' id='word_1_258' title='bbox 1713 2519 1745 2551; x_wconf 85' lang='lat' dir='ltr'>vi</span> 
     </span>
     <span class='ocr_line' id='line_1_32' title="bbox 270 2571 801 2613; baseline 0.008 -11"><span class='ocrx_word' id='word_1_259' title='bbox 270 2571 289 2602; x_wconf 76' lang='lat' dir='ltr'>c</span> <span class='ocrx_word' id='word_1_260' title='bbox 302 2572 363 2603; x_wconf 85' lang='lat' dir='ltr'>che</span> <span class='ocrx_word' id='word_1_261' title='bbox 376 2581 421 2604; x_wconf 90' lang='lat' dir='ltr'>un</span> <span class='ocrx_word' id='word_1_262' title='bbox 436 2574 539 2613; x_wconf 86' lang='lat' dir='ltr'>pretto</span> <span class='ocrx_word' id='word_1_263' title='bbox 552 2574 801 2606; x_wconf 82' lang='lat' dir='ltr'>concubinatu.»</span> 
     </span>
    </p>

    <p class='ocr_par' dir='ltr' id='par_1_5' title="bbox 270 2626 1750 2825">
     <span class='ocr_line' id='line_1_33' title="bbox 368 2626 1748 2659; baseline 0.001 -2"><span class='ocrx_word' id='word_1_264' title='bbox 368 2626 507 2658; x_wconf 75' lang='lat' dir='ltr'>Letcera</span> <span class='ocrx_word' id='word_1_265' title='bbox 521 2626 559 2659; x_wconf 75' lang='lat' dir='ltr'>di</span> <span class='ocrx_word' id='word_1_266' title='bbox 574 2629 648 2659; x_wconf 82' lang='lat' dir='ltr'>Sua</span> <span class='ocrx_word' id='word_1_267' title='bbox 665 2626 805 2659; x_wconf 70' lang='lat' dir='ltr'>sancita</span> <span class='ocrx_word' id='word_1_268' title='bbox 818 2628 883 2659; x_wconf 82' lang='lat' dir='ltr'>Pio</span> <span class='ocrx_word' id='word_1_269' title='bbox 900 2628 968 2658; x_wconf 87' lang='lat' dir='ltr'>IX.</span> <span class='ocrx_word' id='word_1_270' title='bbox 985 2634 1009 2658; x_wconf 89' lang='lat' dir='ltr'>a</span> <span class='ocrx_word' id='word_1_271' title='bbox 1022 2628 1095 2659; x_wconf 86' lang='lat' dir='ltr'>Sua</span> <span class='ocrx_word' id='word_1_272' title='bbox 1109 2626 1245 2659; x_wconf 70' lang='lat' dir='ltr'>Maesta</span> <span class='ocrx_word' id='word_1_273' title='bbox 1262 2627 1406 2658; x_wconf 74' lang='lat' dir='ltr'>Vittorio</span> <span class='ocrx_word' id='word_1_274' title='bbox 1424 2626 1664 2658; x_wconf 83' lang='lat' dir='ltr'>Emmanuele.</span> <span class='ocrx_word' id='word_1_275' title='bbox 1689 2627 1748 2659; x_wconf 82' lang='lat' dir='ltr'>Ca·</span> 
     </span>
     <span class='ocr_line' id='line_1_34' title="bbox 271 2676 1750 2719; baseline 0.001 -11"><span class='ocrx_word' id='word_1_276' title='bbox 271 2676 484 2718; x_wconf 78' lang='lat' dir='ltr'>stelgandulfo</span> <span class='ocrx_word' id='word_1_277' title='bbox 504 2684 552 2711; x_wconf 81' lang='lat'>19.</span> <span class='ocrx_word' id='word_1_278' title='bbox 568 2679 737 2712; x_wconf 84' lang='lat' dir='ltr'>settembr.</span> <span class='ocrx_word' id='word_1_279' title='bbox 755 2683 844 2711; x_wconf 84' lang='lat'>1852.</span> <span class='ocrx_word' id='word_1_280' title='bbox 862 2678 912 2711; x_wconf 78' lang='lat' dir='ltr'>Cf.</span> <span class='ocrx_word' id='word_1_281' title='bbox 927 2678 1148 2711; x_wconf 76' lang='lat' dir='ltr'>Allocuzione</span> <span class='ocrx_word' id='word_1_282' title='bbox 1161 2677 1258 2711; x_wconf 82' lang='lat' dir='ltr'>della</span> <span class='ocrx_word' id='word_1_283' title='bbox 1271 2678 1411 2711; x_wconf 73' lang='lat' dir='ltr'>Santita</span> <span class='ocrx_word' id='word_1_284' title='bbox 1425 2678 1463 2710; x_wconf 77' lang='lat' dir='ltr'>di</span> <span class='ocrx_word' id='word_1_285' title='bbox 1478 2679 1596 2711; x_wconf 82' lang='lat' dir='ltr'>nostro</span> <span class='ocrx_word' id='word_1_286' title='bbox 1608 2680 1750 2719; x_wconf 73' lang='lat' dir='ltr'>Siynore</span> 
     </span>
     <span class='ocr_line' id='line_1_35' title="bbox 270 2729 1745 2772; baseline 0.001 -12"><span class='ocrx_word' id='word_1_287' title='bbox 270 2730 331 2760; x_wconf 77' lang='lat' dir='ltr'>Pio</span> <span class='ocrx_word' id='word_1_288' title='bbox 353 2730 452 2770; x_wconf 85' lang='lat' dir='ltr'>Papa</span> <span class='ocrx_word' id='word_1_289' title='bbox 474 2731 540 2762; x_wconf 90' lang='lat' dir='ltr'>IX.</span> <span class='ocrx_word' id='word_1_290' title='bbox 556 2731 594 2763; x_wconf 86' lang='lat' dir='ltr'>al</span> <span class='ocrx_word' id='word_1_291' title='bbox 613 2739 713 2764; x_wconf 83' lang='lat' dir='ltr'>sacro</span> <span class='ocrx_word' id='word_1_292' title='bbox 735 2731 886 2772; x_wconf 77' lang='lat' dir='ltr'>Colleqt&#39;o</span> <span class='ocrx_word' id='word_1_293' title='bbox 905 2730 963 2764; x_wconf 83' lang='lat' dir='ltr'>nel</span> <span class='ocrx_word' id='word_1_294' title='bbox 980 2732 1171 2763; x_wconf 73' lang='lat' dir='ltr'>conciscere</span> <span class='ocrx_word' id='word_1_295' title='bbox 1192 2731 1324 2771; x_wconf 75' lang='lat' dir='ltr'>seqreco</span> <span class='ocrx_word' id='word_1_296' title='bbox 1343 2729 1399 2763; x_wconf 75' lang='lat' dir='ltr'>dei</span> <span class='ocrx_word' id='word_1_297' title='bbox 1421 2734 1471 2763; x_wconf 84' lang='lat'>22.</span> <span class='ocrx_word' id='word_1_298' title='bbox 1486 2731 1639 2764; x_wconf 69' lang='lat' dir='ltr'>Gennaio</span> <span class='ocrx_word' id='word_1_299' title='bbox 1657 2734 1745 2765; x_wconf 78' lang='lat'>1855.</span> 
     </span>
     <span class='ocr_line' id='line_1_36' title="bbox 270 2783 1051 2825; baseline 0.003 -11"><span class='ocrx_word' id='word_1_300' title='bbox 270 2783 372 2814; x_wconf 84' lang='lat' dir='ltr'>Roma</span> <span class='ocrx_word' id='word_1_301' title='bbox 389 2786 477 2815; x_wconf 83' lang='lat'><strong>1855.</strong></span> <span class='ocrx_word' id='word_1_302' title='bbox 494 2784 699 2817; x_wconf 62' lang='lat' dir='ltr'>Documenta</span> <span class='ocrx_word' id='word_1_303' title='bbox 715 2793 807 2817; x_wconf 89' lang='lat' dir='ltr'>num.</span> <span class='ocrx_word' id='word_1_304' title='bbox 822 2785 875 2817; x_wconf 88' lang='lat' dir='ltr'>LI.</span> <span class='ocrx_word' id='word_1_305' title='bbox 890 2792 962 2825; x_wconf 81' lang='lat' dir='ltr'>pag.</span> <span class='ocrx_word' id='word_1_306' title='bbox 984 2786 1051 2816; x_wconf 81' lang='grc'><strong>179.</strong></span> 
     </span>
    </p>
   </div>
  </div>
 </body>
</html>
