1918 3186
284 177 376 208 CAP.
407 178 435 208 1.
465 176 557 207 ΛΒΤ.
583 176 628 207 11.
655 176 706 206 DE
730 176 931 207 vnm‘rATE
953 177 1127 208 sAanu.
1146 174 1198 208 Ex
1218 175 1362 207 noem.
1380 175 1523 207 Senot..
1592 158 1654 205 33

185 256 233 301 in
252 256 346 302 suis
365 254 698 301 Commentariis
717 254 762 298 in
781 253 850 298 lv.
870 253 1061 301 Sentent.
1095 254 1199 302 dist.
1223 256 1269 300 1.
1299 265 1343 300 et
1375 255 1418 299 2.
1447 253 1523 319 uhi
1555 270 1654 300 cum

187 331 368 396 reliquis
402 330 678 378 scholasticis
703 339 872 393 septem
896 347 1032 376 novae
1056 330 1165 393 legis
1191 340 1466 377 sacramenta
1482 347 1510 376 a
1526 329 1654 376 Chri—

187 417 254 454 sto
278 407 478 453 instituta
501 405 642 452 fuisse
663 405 813 460 docet,
843 404 1227 470 differentiamque
1252 406 1365 453 inter
1382 416 1657 453 sacramenta

187 483 346 530 veteris
365 499 417 528 ac
434 497 573 528 novae
592 481 701 543 legis
720 481 765 526 in
783 497 835 527 eo
851 481 1075 527 constituit
1090 519 1099 536 ‚
1126 482 1246 545 quod
1263 481 1340 528 illa
1354 483 1543 545 qratiam
1560 499 1658 545 pro-

186 561 423 611 mitterent,
444 557 530 604 ista
547 573 650 603 vero
668 557 909 602 contineant
932 566 972 601 et
995 558 1215 620 conferant
1228 576 1241 611 ;
1269 557 1348 603 sed
1372 557 1655 621 potissimum

187 652 240 681 ex
264 633 337 690 iis,
366 651 481 698 quae
513 632 647 679 habet
676 633 721 678 in
754 633 857 679 dist.
883 634 958 678 26.
983 649 1098 697 quae
1115 643 1182 679 est
1199 632 1255 678 de
1272 634 1566 681 matrimonio.
1590 634 1659 679 Si-

183 709 365 774 quidem
383 720 554 774 quaest.
571 710 614 754 4.
630 709 913 773 insequentes
931 707 1238 754 conclusiones
1250 708 1491 755 constituit:
1511 710 1534 754 1
1548 709 1659 756 .«De

187 786 355 833 ratione
388 786 652 832 sacramenti
688 803 774 832 non
809 795 913 832 sunt
946 785 1033 830 nisi
1068 783 1179 840 duo,
1218 784 1411 840 scilicet,
1446 784 1566 849 quod
1602 786 1659 832 sit

187 861 364 924 signum
382 900 392 918 ‚
421 872 464 908 et
486 861 605 926 quod
639 861 698 908 sit
725 877 855 907 causa
886 862 1084 924 qratiae:
1121 870 1358 924 utrumque
1391 871 1538 907 autem
1571 878 1658 908 non

184 938 446 1002 aequivoce,
483 955 570 985 non
604 937 928 1001 metaphorice,
958 936 1036 983 sed
1061 936 1237 1001 proprie
1269 936 1475 983 convenit
1509 937 1660 984 matri—

186 1013 334 1061 monio
352 1052 360 1059 .
385 1053 392 1059 .
418 1053 425 1059 .
443 1031 547 1076 ergo
570 1024 639 1061 est
659 1030 761 1061 vere
778 1023 820 1060 et
838 1013 1015 1077 proprie
1043 1023 1365 1060 sacramentum
1380 1051 1390 1070 ,
1413 1013 1530 1060 sicut
1546 1013 1652 1069 alia,

186 1089 288 1137 licet
304 1107 391 1137 non
409 1107 551 1154 aeque
569 1090 810 1154 perfectum
832 1092 876 1151 (9
887 1091 949 1151 4).
976 1090 1163 1137 Iuristae
1182 1099 1327 1137 autem
1345 1099 1389 1136 et
1405 1089 1483 1154 qui
1501 1101 1663 1153 negant

186 1165 512 1213 matrimonium
537 1167 733 1213 conferre
751 1166 937 1229 gratiam
955 1183 1042 1213 non
1062 1177 1249 1230 possunt
1265 1166 1492 1213 adstruere
1509 1166 1661 1213 matri·
1715 1188 1717 1190 ·

182 1242 380 1289 monium
403 1259 503 1289 esse
527 1253 847 1289 sacramentum
873 1259 1012 1289 novae
1035 1241 1161 1304 legis.
1183 1261 1205 1286 »
1228 1243 1278 1287 In
1302 1241 1584 1289 conclusione
1610 1243 1654 1288 2.

185 1317 360 1365 duabus
393 1318 550 1382 probat
583 1318 826 1365 rationibus
858 1318 1187 1366 matrimonium
1221 1335 1321 1365 esse
1352 1335 1454 1365 vere
1486 1328 1531 1365 et
1558 1336 1659 1382 pro-

185 1394 283 1457 prie
299 1405 622 1441 sacramentum
639 1411 779 1441 novae
800 1394 936 1457 legis;
960 1395 1004 1439 1.
1024 1394 1104 1449 sic,
1122 1393 1293 1441 «Omne
1311 1394 1568 1451 remedium,
1593 1395 1661 1440 in-

185 1469 302 1533 quit,
331 1470 639 1534 praestitutum
673 1480 821 1517 contra
855 1480 1081 1533 peccatum
1107 1480 1174 1516 est
1197 1480 1547 1517 sacramentum:
1582 1470 1660 1517 sed

185 1546 513 1594 matrimonium
525 1556 593 1593 est
605 1547 651 1592 in
665 1546 906 1593 remedium
922 1546 1231 1610 praestitutum
1244 1556 1394 1593 contra
1411 1556 1656 1610 peccatum,

182 1622 359 1669 dicente
390 1622 598 1687 Apostolo
627 1623 662 1668 l.
692 1622 748 1669 ad
778 1622 876 1669 Cor.
908 1624 951 1668 7.
976 1623 1158 1686 Propter
1179 1623 1503 1686 fornicationem
1534 1640 1662 1669 unus—

183 1699 363 1763 quisque
385 1716 509 1746 suam
529 1717 709 1746 uxorem
726 1699 900 1754 habeat,·
927 1716 1030 1762 ergo
1054 1709 1122 1746 est
1140 1709 1479 1746 sacramentum.
1506 1700 1550 1744 2.
1574 1699 1653 1745 sic.

190 1774 234 1820 Si
266 1775 593 1822 matrimonium
629 1792 715 1822 non
742 1785 861 1822 esset
884 1784 1234 1830 sacramentum,
1274 1791 1411 1821 causa
1443 1775 1661 1820 matrimo—

192 1849 256 1896 nii
288 1862 407 1899 esset
438 1869 548 1916 pure
579 1851 821 1915 corporalis
854 1862 897 1898 et
923 1851 1165 1915 pertineret
1191 1851 1248 1897 ad
1272 1850 1462 1897 iudicem
1487 1849 1661 1897 secula-

192 1940 283 1970 rem
314 1935 358 1972 et
388 1944 476 1974 non
508 1926 874 1974 ecclesiasticum.
904 1926 988 1973 Sed
1017 1925 1125 1972 illud
1161 1936 1229 1972 est
1260 1935 1410 1972 contra
1436 1941 1655 1980 canones3

193 1999 292 2047 ideo
324 2011 407 2047 etc.
438 2021 460 2045 »

285 2074 455 2121 Deinde
476 2076 618 2124 reiicit
639 2078 947 2125 nonnullorum
970 2077 1324 2142 explanationem
1349 2093 1509 2123 sensus
1533 2076 1655 2123 vocis

190 2150 369 2197 remedii
383 2151 439 2197 ad
458 2151 576 2215 quod
594 2152 843 2199 institutum
856 2153 1061 2200 dicebant
1078 2152 1419 2208 matrimonium,
1437 2151 1653 2199 scribens:

193 2247 218 2272 «
240 2227 355 2283 Quia
396 2227 505 2274 illud
528 2267 537 2284 ,
582 2228 701 2292 quod
745 2229 913 2276 confert
955 2229 1198 2276 remedium
1240 2240 1390 2276 contra
1431 2239 1660 2293 peccatum

188 2305 378 2367 qratiam
410 2303 664 2351 adiutricem
697 2304 946 2368 conserendo
969 2323 1024 2352 ex
1047 2323 1167 2369 opere
1200 2315 1383 2369 operato,
1410 2315 1482 2352 est
1513 2321 1662 2352 sacra·-

191 2390 414 2435 mentum;
442 2396 542 2426 cum
577 2379 687 2427 haec
721 2379 780 2427 sit
812 2379 1011 2427 definitio
1044 2380 1168 2428 eius:
1208 2380 1293 2428 hoc
1327 2380 1533 2444 competit
1566 2397 1660 2426 ma-

191 2455 420 2503 trimonio:
450 2456 557 2520 quia
580 2473 668 2503 non
692 2473 744 2503 ex
767 2463 926 2503 natura‘
957 2467 1083 2503 actus
1118 2457 1286 2504 confert
1318 2456 1504 2519 gratiam
1521 2493 1531 2511 ‚
1561 2455 1663 2503 licet

188 2531 300 2579 alias
343 2531 551 2596 praebeat
590 2532 858 2588 remedium;
898 2532 1066 2580 scilicet
1097 2550 1150 2580 ex
1193 2532 1343 2579 divina
1387 2531 1659 2579 institutione

288 2678 354 2719 (94)
376 2677 467 2711 Istud
487 2687 557 2711 non
576 2687 683 2720 aeque
703 2678 902 2721 perfectum
922 2687 987 2711 non
1008 2678 1143 2711 retertur
1162 2677 1203 2709 ad
1221 2678 1458 2710 sacramentum
1477 2677 1511 2709 in
1532 2685 1588 2717 se,
1606 2677 1663 2709 sed

190 2728 234 2760 ad
260 2728 464 2770 dignitatem,
491 2732 675 2772 comparate
695 2731 736 2764 ad
764 2731 828 2763 alia
854 2732 1071 2770 sacramenta,
1094 2738 1178 2771 quae
1206 2730 1307 2763 finem
1333 2729 1526 2762 nobiliorem
1544 2729 1663 2761 habent

191 2782 225 2813 a'n
250 2782 350 2822 gratia
377 2791 474 2823 quam
501 2783 694 2823 producunt.
