1912 3180
314 183 403 228 334
589 196 668 226 un.
693 196 721 224 1.
752 193 865 226 sacr.
894 194 1065 227 ALTERA.
1091 196 1142 226 nr,
1167 196 1338 229 numu.
1370 197 1509 230 civim.

310 274 471 322 virium
506 290 557 320 ac
590 271 754 321 valoris
801 270 1063 336 deperdant.
1108 272 1197 319 Nos
1243 273 1425 337 quidem
1467 275 1595 339 plura
1628 294 1680 324 ex
1714 280 1784 328 lus

310 349 582 414 argumentis
618 349 1062 413 praeoccupavimus,
1092 348 1182 397 alia
1204 349 1338 397 etiam
1367 350 1531 399 directe
1566 370 1701 418 supra
1725 373 1787 403 re-

309 426 531 474 fellimus:
560 435 754 473 attamen
780 424 860 473 abs
882 442 929 473 re
945 443 1032 474 non
1060 426 1142 472 erit
1164 443 1251 474 non
1274 444 1417 491 pauca
1441 428 1604 477 addere
1620 468 1630 487 ,
1660 430 1787 496 plura

308 503 440 550 etiam
470 503 653 559 iterare,
688 503 949 568 praesertim
973 520 1071 550 cum
1097 503 1187 566 ipsi
1212 503 1457 552 adversarii
1482 505 1637 554 eadem
1663 508 1786 572 prin—

307 579 427 644 cipia
474 579 720 644 eademque
757 589 1016 642 argumenta
1058 579 1188 626 toties
1223 582 1508 642 regesserint.
1549 583 1782 631 Oratorum

307 656 487 704 nomina
522 655 700 704 silentio
737 656 1031 720 praeterimus
1065 656 1159 715 (1),
1200 671 1252 702 ac
1281 655 1320 702 si
1352 656 1461 721 quid
1495 674 1598 706 acre
1631 659 1783 707 dicen-

305 733 413 780 dum
449 732 580 781 nobis
615 732 724 789 erit,
764 732 809 779 id
845 749 932 778 non
967 740 1118 778 contra
1154 748 1387 794 personas,
1422 733 1499 780 sed
1531 744 1683 782 contra
1716 753 1785 796 er·-⁴

307 827 430 859 rores
459 810 580 858 dicta
613 827 714 858 esse
749 809 969 856 volumus.

401 887 456 934 Ut
493 896 640 934 autem
685 885 831 933 ordini
866 900 919 930 ac
952 883 1140 931 claritati
1187 885 1509 942 inserviamus,
1550 888 1780 950 proposita

305 974 565 1028 argumenta
584 964 629 1009 in
649 962 817 1010 classes
836 959 985 1008 varias
1004 959 1341 1016 distribuimus,
1366 973 1495 1025 prout
1518 961 1661 1025 legem
1688 981 1785 1028 pro·

305 1051 506 1105 pugnant
539 1039 624 1087 sub
653 1048 835 1103 aspectu
864 1036 1067 1102 politico,
1102 1036 1248 1085 ethico
1273 1054 1324 1085 ac
1349 1037 1583 1102 religioso,
1613 1056 1665 1086 ac
1690 1041 1782 1087 sin-

303 1116 431 1179 gulos
467 1114 678 1162 articulos
703 1115 749 1160 in
774 1111 1083 1179 paragraphos
1113 1113 1245 1160 etiam
1280 1113 1534 1162 dividemus
1559 1153 1569 1171 ,
1603 1127 1651 1162 ut
1684 1117 1777 1162 sin-

303 1193 489 1256 gillatim
523 1193 630 1241 hinc
665 1192 846 1258 quidem
883 1192 1094 1249 obiectio,
1124 1193 1228 1240 inde
1250 1211 1355 1241 vero
1380 1197 1609 1259 responsio
1638 1196 1780 1243 oculis

302 1270 543 1333 legentium
580 1270 879 1318 subiiciantur
914 1271 1001 1331 (2).

401 1427 446 1466 (ι)
468 1425 567 1458 Nobis
581 1426 691 1466 potius
705 1426 925 1466 gratissimum
939 1428 988 1458 est
999 1434 1163 1458 recensere
1182 1426 1315 1457 nomina
1327 1435 1439 1458 eorum
1449 1450 1458 1466 ‚
1475 1428 1532 1468 qui
1551 1428 1664 1460 contra
1679 1429 1780 1470 legem

299 1481 429 1511 strenue
442 1479 641 1519 pugnarunt3
655 1479 819 1511 senatores
843 1478 958 1510 saltem
982 1478 1308 1510 commemorabimus
1321 1503 1331 1519 ‚
1348 1479 1405 1518 qui
1420 1479 1607 1519 eloquenter
1624 1480 1781 1513 disserue-

299 1533 394 1572 runt3
421 1531 552 1564 suerunt
568 1532 676 1564 autem
701 1531 963 1573 archiepiscopus
981 1530 1205 1571 vercellensis,
1221 1530 1445 1572 D’Augennes,
1461 1540 1499 1564 ac
1511 1533 1705 1566 nobilissimi
1719 1534 1782 1566 viri

297 1586 407 1624 stara,
430 1584 589 1618 Robertus
616 1583 796 1624 d’Azeglio,
816 1583 920 1624 Colli,
934 1584 975 1615 Di
990 1582 1201 1624 castagneto,
1223 1583 1316 1616 Della
1335 1585 1516 1624 Marmora,
1544 1585 1636 1618 Della
1665 1588 1782 1626 Torre,

298 1637 610 1670 pallavicino-Mossi
619 1661 628 1677 ‚
645 1637 753 1677 Sauli,
766 1637 807 1669 Di
821 1636 1015 1669 Colubiano.

394 1691 439 1731 (2)
461 1691 530 1723 Hac
545 1691 613 1731 ipsa
628 1690 670 1723 de
685 1698 782 1722 causa
795 1689 885 1731 quod
901 1689 995 1722 nobis
1008 1690 1272 1731 proposuerimus
1299 1691 1487 1731 argumenta
1515 1698 1662 1732 promere
1677 1701 1715 1724 ex
1733 1692 1779 1724 di-

298 1745 532 1783 scussionibus,
548 1752 632 1785 quae
648 1743 752 1776 factae
766 1744 845 1776 sunt
860 1743 947 1776 circa
959 1743 1062 1784 legem
1075 1743 1116 1776 de
1131 1744 1341 1777 matrimonio
1352 1744 1442 1777 civili
1457 1744 1491 1776 in
1506 1745 1666 1785 comitiis,
1683 1747 1781 1786 atquo

298 1799 331 1830 in
347 1798 459 1830 senatu
469 1821 478 1837 ,
493 1796 617 1829 nullam
633 1797 793 1830 rationem
808 1796 982 1829 habuimus
1002 1805 1115 1829 eorum
1125 1821 1134 1837 ‚
1151 1805 1234 1838 quae
1248 1806 1267 1829 a
1283 1797 1450 1830 nonnullis
1465 1798 1600 1839 privatis
1616 1798 1779 1839 scriptori-

297 1851 358 1883 bus
370 1851 431 1883 hac
444 1858 541 1891 super
552 1858 586 1882 re
598 1851 729 1882 exarata
740 1851 826 1882 sunt.
838 1849 968 1882 Nullam
983 1849 1118 1890 proinde
1130 1850 1327 1883 mentionem
1341 1850 1511 1883 inieeimus
1524 1851 1686 1891 opusculi.
1694 1851 1781 1891 quod

297 1905 360 1937 hoc
371 1903 433 1936 sub
443 1903 542 1935 titulo
554 1903 722 1944 vulgatum
735 1904 801 1935 est:
820 1902 881 1935 De’
891 1904 1061 1944 principii
1074 1903 1248 1936 razionalz'
1260 1912 1278 1936 e
1290 1904 1327 1936 di
1340 1903 1463 1936 diruto
1475 1905 1626 1945 positivo
1640 1905 1779 1936 intorno

294 1956 332 1988 al
358 1956 593 1988 matrimonio.
619 1956 744 1996 Saqqio
757 1963 823 1996 per
840 1956 1011 1988 Giovanni
1042 1957 1292 1988 stotto-Ptnwr
1312 1955 1479 1997 deputato
1501 1955 1538 1988 al
1556 1955 1781 1996 parlamento

292 2008 408 2041 sardo.
421 2007 562 2049 Cagliari
581 2008 761 2041 1852.ltem
776 2006 910 2039 alterius
924 2007 1074 2048 opusculi
1089 2008 1255 2048 inscripti:
1274 2008 1339 2040 Del
1354 2010 1577 2040 matrimonio
1595 2016 1690 2041 come
1703 2017 1779 2040 con—

297 2062 407 2094 trano
424 2059 528 2094 civile
548 2068 566 2092 e
582 2061 812 2093 sacramento.
826 2059 931 2093 studi
944 2060 982 2092 di
997 2059 1139 2102 Filippo
1158 2062 1321 2093 Mamer-i.
1339 2062 1578 2094 Genova1853.
1597 2061 1660 2098 Qui
1681 2061 1779 2093 surio·

292 2123 403 2147 sorum
423 2121 514 2146 more
532 2112 788 2154 debacchantur,
806 2112 911 2154 deque
926 2113 968 2144 iis
981 2111 1144 2153 scribunt,
1171 2120 1254 2155 quae
1274 2121 1339 2144 non
1354 2113 1491 2154 callent;
1507 2113 1691 2155 quibusque
1708 2113 1778 2145 iure

291 2165 396 2208 aptari
413 2166 550 2207 possunt
577 2172 660 2206 quae
685 2165 731 2197 ait
758 2164 933 2206 Apostolus
955 2166 981 2197 1.
999 2164 1141 2197 Timoth.
1158 2166 1199 2205 1.,
1215 2169 1246 2196 6.
1265 2167 1296 2197 7.
1314 2165 1497 2197 «Conversi
1514 2166 1590 2197 sunt
1602 2166 1635 2197 in
1653 2165 1775 2198 vanilo-

294 2219 428 2260 quium,
443 2218 590 2251 volentes
603 2225 672 2250 esse
685 2217 765 2258 legis
780 2217 930 2250 doctores
943 2225 1007 2250 non
1026 2217 1239 2258 intelligentes
1253 2225 1358 2259 neque
1369 2226 1453 2258 quae
1462 2218 1657 2258 loquuntur,
1675 2226 1779 2259 neque

293 2273 334 2306 de
347 2272 467 2314 quibus
489 2271 686 2304 affirmant.»
698 2273 819 2303 Verum
834 2271 923 2313 quod
938 2271 1041 2312 magis
1057 2271 1233 2304 ridiculum
1247 2271 1314 2312 est,
1329 2271 1411 2304 alter
1426 2271 1565 2303 istorum
1581 2279 1658 2303 cum
1672 2271 1717 2303 sit
1728 2279 1775 2304 sa·

292 2325 407 2359 cerdos
430 2325 591 2358 declamat
605 2324 760 2357 adversus
774 2326 910 2357 castam
931 2323 1128 2357 clericalem
1142 2348 1151 2364 ,
1166 2324 1261 2366 quasi
1278 2323 1384 2366 ipsum
1401 2323 1557 2365 puduerit
1575 2322 1694 2363 gradus
1711 2323 1772 2355 sui.

292 2377 381 2410 Adeo
396 2386 430 2410 se
445 2377 581 2411 abiecit!
598 2378 750 2410 ceterum
775 2377 856 2410 nihil
883 2386 964 2419 pene
983 2378 1061 2409 novi
1083 2377 1209 2410 addunt
1237 2377 1297 2418 iis,
1317 2385 1403 2418 quae
1424 2376 1457 2409 in
1476 2375 1618 2408 comitiis
1631 2377 1663 2408 ct
1676 2375 1709 2406 in
1728 2384 1774 2407 sc·

291 2431 369 2463 natu
384 2430 481 2463 allata
495 2431 583 2463 sunt.
598 2429 687 2463 Idem
700 2429 754 2462 dic
768 2429 809 2462 de
821 2429 895 2462 aliis
910 2428 1071 2462 eiusmodi
1100 2430 1216 2470 opellis
1243 2429 1387 2462 eiusdem
1414 2428 1586 2470 ponderis,
1614 2435 1695 2468 quas
1721 2435 1773 2458 nc·

290 2482 458 2522 gleximus.
