1912 3180
257 183 345 214 mr.
362 183 419 214 1v.
437 181 488 214 ns
512 181 667 214 Ancum.
692 182 767 214 rno
794 183 896 214 LEGE
921 183 972 214 m:
997 183 1120 215 mm.
1140 183 1223 214 mv.
1246 183 1337 214 mr.
1364 184 1391 214 1.
1500 169 1589 213 343

740 271 986 346 Responsio.

226 413 279 459 Ut
303 412 376 458 hic
398 413 531 459 etiam
556 412 751 477 quadam
775 411 983 459 methodo
1007 425 1050 460 et
1072 415 1226 461 ordine
1262 414 1593 479 progrediamur

128 490 173 534 in
199 489 282 535 hoc
305 489 564 536 excutiendo
584 488 815 554 principio,
845 489 1123 552 inquiramus
1149 502 1320 555 oportet
1339 493 1382 537 1.
1402 492 1594 547 Quinam

125 565 242 619 sint,
280 565 358 629 qui
393 574 511 612 tanto
550 565 644 612 zelo
679 565 949 630 principium
996 566 1269 629 proclamant
1302 568 1358 614 de
1392 567 1594 616 libertate

127 641 437 697 conscientiae3
457 644 500 687 2.
518 641 742 697 Quidnam
765 641 912 688 veniat
938 641 1022 688 sub
1049 641 1134 689 hac
1156 644 1516 691 denominatione
1544 644 1593 690 li-

118 718 307 765 bertatis
343 719 638 766 conscientiae
673 729 803 782 prout
837 718 892 766 ab
926 719 999 766 his
1033 731 1295 784 usurpatur;
1337 724 1380 767 3.
1405 722 1470 767 An
1506 722 1591 769 sibi

128 795 422 851 cohaereant,
462 796 539 860 qui
584 795 832 843 absolutam
867 796 983 843 hanc
1016 796 1312 844 conscientiae
1348 798 1595 846 libertatem

129 871 426 936 proclamant;
454 874 491 917 4.
518 872 747 928 Quaenam
768 873 825 919 sit
847 890 952 919 vera
975 889 1027 919 ac
1050 890 1259 935 germana
1293 875 1592 921 conscientiae

121 948 346 995 *libertatis
382 947 521 1003 notio;
553 951 597 994 5.
621 949 734 995 Num
763 949 968 1012 componi
1004 958 1193 1013 nequeat
1225 966 1329 997 vera
1365 950 1595 997 conscien-

128 1025 216 1071 tiae
245 1024 428 1071 libertas
462 1041 557 1071 eum
585 1025 702 1087 lege,
734 1043 849 1089 quae
875 1026 931 1072 ad
961 1026 1091 1073 ritum
1123 1025 1379 1089 religiosum
1398 1065 1407 1083 ‚
1440 1043 1492 1073 ac
1517 1044 1594 1073 no—

128 1100 332 1147 minatim
370 1100 425 1146 ad
461 1100 640 1147 formam
677 1101 961 1148 tridentinam
996 1090 1163 1164 obliget
1195 1101 1524 1148 contrahentes.

227 1176 391 1222 Primo.
415 1176 496 1232 Qui
517 1177 653 1240 igitur
679 1195 827 1225 amore
850 1178 1041 1240 flagrare
1062 1177 1268 1224 videntur
1293 1178 1595 1224 conscientiae

124 1252 367 1309 libertatis,
407 1253 513 1300 adeo
546 1264 595 1300 ut
628 1253 753 1300 illam
788 1253 929 1301 solam
963 1254 1008 1299 in
1043 1253 1218 1300 deliciis
1253 1253 1418 1300 habere
1457 1254 1593 1317 profi-

129 1339 335 1385 teantur,
381 1341 481 1377 sunt
521 1330 551 1375 ii
593 1330 713 1394 ipsi,
758 1330 835 1395 qui
876 1330 1100 1377 destinato
1140 1330 1329 1377 consilio
1365 1341 1500 1394 atque
1543 1348 1594 1376 ex

127 1416 440 1470 praeconcepto
492 1407 708 1471 firmoque
756 1407 983 1471 proposito
1027 1407 1187 1469 iugiter
1230 1406 1596 1471 continenterque

127 1481 374 1529 libertatem
403 1482 697 1530 conscientiae
719 1482 1015 1538 insectantur;
1044 1493 1148 1530 sunt
1171 1482 1202 1528 ii
1228 1482 1346 1547 ipsi,
1385 1482 1462 1546 qui
1500 1500 1595 1547 per-

127 1558 399 1606 secutionem
427 1576 606 1606 saevam
641 1569 684 1606 et
717 1558 919 1606 acerbam
945 1571 1120 1606 movent
1142 1559 1441 1607 conscientiae
1465 1558 1597 1605 liber-

127 1635 234 1690 tati3
274 1644 377 1682 sunt
411 1634 600 1699 denique
617 1635 649 1681 ii
669 1635 755 1700 ipsi
776 1673 785 1691 ,
814 1635 891 1700 qui
922 1653 1035 1682 nova
1063 1635 1263 1700 quotidie
1295 1635 1473 1683 inventa
1499 1653 1594 1698 spe⁴>

120 1709 331 1757 culantur
350 1709 406 1756 ad
430 1710 590 1757 civium
613 1711 908 1774 torquendam
943 1711 1285 1766 conscientiam3
1308 1711 1384 1775 qui
1405 1710 1590 1764 multas,

127 1802 355 1843 carceres,
389 1786 515 1833 exilia
548 1787 790 1834 decernunt
825 1787 906 1843 iis,
945 1787 1022 1851 qui
1043 1826 1052 1843 ,
1091 1805 1147 1834 ne
1181 1798 1333 1835 contra
1368 1787 1595 1850 propriam

125 1861 444 1908 conscientiam
475 1873 711 1926 operentur
728 1900 737 1918 ‚
766 1862 989 1909 obsistunt
1017 1862 1202 1909 viriliter
1230 1862 1410 1908 iniustis
1435 1879 1487 1908 30
1512 1861 1597 1906 ini-

131 1937 235 2001 quis
254 1937 504 1984 huiusmodi
525 1938 742 1986 libertatis
761 1938 1060 1985 conscientiae
1079 1937 1469 2001 postulationibus.
1487 1938 1597 1983 Nota

129 2014 338 2061 omnibus
373 2025 471 2062 sunt
504 2014 637 2065 exilia
672 2014 1064 2079 Archipraesulum
1107 2014 1377 2062 taurinensis
1407 2026 1450 2060 et
1482 2013 1596 2060 cala-

132 2091 289 2147 ritani,
329 2107 380 2138 eo
413 2092 528 2157 quod
563 2092 784 2138 noluerint
817 2103 968 2139 contra
1003 2092 1231 2155 propriam
1276 2090 1595 2138 conscientiam

130 2169 410 2234 acquiescere
433 2169 738 2217 molitionibus
762 2180 896 2233 atque
920 2168 1324 2216 machinationibus
1355 2178 1508 2215 contra
1531 2185 1597 2214 ec-

130 2245 315 2293 clesiam
352 2246 573 2302 excitatis,
611 2256 654 2292 et
688 2246 929 2309 participes
965 2246 1059 2292 fieri
1096 2245 1350 2310 iniquorum
1389 2243 1597 2292 consilio—

133 2340 229 2369 rum
265 2322 474 2370 adversus
511 2322 632 2369 illius
668 2321 914 2369 libertatem
939 2360 948 2377 ‚
987 2339 1038 2368 ac
1073 2321 1462 2386 independentiam
1488 2339 1514 2368 a
1538 2322 1597 2368 ci—

128 2399 207 2446 vili
243 2409 475 2464 potestate;
510 2409 614 2446 sunt
646 2398 676 2444 ii
713 2398 829 2463 ipsi⁷
870 2399 947 2462 qui
983 2409 1135 2445 contra
1172 2398 1242 2445 ius
1277 2399 1434 2462 fasque
1467 2415 1596 2444 omne

131 2475 332 2522 naturale
366 2486 491 2540 atque
530 2474 732 2521 divinum
769 2486 869 2539 post
902 2474 1119 2521 bonorum
1164 2474 1456 2538 direptionem
1496 2473 1597 2520 reli—

131 2552 281 2614 giosos
314 2552 428 2599 viros
453 2569 506 2598 ac
530 2551 893 2598 sanctimoniales
913 2568 939 2597 a
957 2550 1150 2615 propriis
1176 2550 1420 2597 domiciliis
1450 2551 1596 2615 expel-

130 2628 227 2674 lunt
260 2629 433 2676 militari
462 2629 533 2685 vi,
564 2647 617 2675 ne
644 2628 765 2675 iuxta
789 2627 1012 2692 propriam
1039 2627 1354 2674 conscientiam
1383 2628 1490 2683 Deo,
1526 2629 1595 2674 cui

132 2704 248 2751 votis
282 2723 325 2752 se
357 2706 702 2770 manciparunt,
743 2704 1011 2760 inserviant;
1051 2714 1155 2750 sunt
1193 2703 1220 2748 ii
1258 2703 1371 2767 ipsi,
1410 2704 1486 2768 qui
1522 2703 1598 2749 de-

133 2779 340 2830 latoribus
375 2782 525 2830 omnia
562 2781 881 2845 impleverunt,
912 2790 957 2827 ut
991 2779 1172 2827 verbum
1210 2797 1390 2844 carpere
1426 2781 1598 2844 possint
