1912 3180
287 225 378 255 CAP.
404 225 462 255 lv.
486 224 538 255 DE
565 223 722 256 Antium.
748 223 825 255 PRO
844 223 948 255 LEGE
968 225 1021 256 ΒΕ
1039 225 1164 257 MATR.
1189 225 1272 257 (liv.
1289 225 1382 257 AM.
1407 225 1467 258 111.
1545 211 1633 257 419

158 321 185 350 a
215 320 326 351 rom.
356 302 567 368 pontifice
598 301 729 349 facile
758 301 947 350 obtineri
978 303 1149 367 possit3
1185 314 1289 351 sunt
1318 315 1464 352 tamen
1494 304 1636 363 aliae,

156 397 273 446 quae
285 379 524 445 praecipue
540 389 776 427 versantur
792 379 912 426 circa
929 379 1096 427 cultum
1110 397 1162 427 ac
1179 379 1323 428 bonos
1341 397 1505 438 mores,
1522 399 1639 447 quae

155 455 340 504 omnino
373 454 575 518 obligant
608 454 866 520 provincias
901 472 954 503 ac
988 473 1126 519 regna
1161 456 1323 514 etiam,
1351 473 1433 504 nec
1456 456 1514 504 ab
1537 457 1640 507 isto-

156 548 256 579 rum
291 531 596 596 acceptatione
629 531 722 579 ulla
756 530 928 579 ratione
954 532 1169 597 pendent,
1198 532 1337 581 multo
1359 551 1464 582 vero
1487 534 1638 583 minus

154 617 346 672 possunt
369 607 426 654 ab
449 607 506 655 iis
532 607 745 655 revocari.
785 607 1013 673 Numquid
1040 625 1177 671 regna
1199 620 1244 657 et
1267 610 1525 674 provinciae
1549 628 1638 659 non

155 695 361 732 tenentur
390 684 626 733 ecclesiam
661 684 818 732 audire
850 685 982 750 eique
1015 686 1308 751 praecipienti
1345 686 1558 752 obsequi,
1589 687 1637 734 in

154 761 212 809 iis
243 761 535 827 praesertim,
569 779 686 827 quae
720 761 776 809 ad
814 761 981 809 cultum
1017 772 1061 809 et
1094 762 1151 809 ad
1186 762 1328 811 bonos
1362 781 1509 812 mores
1538 781 1638 829 per-

157 839 339 887 tinent?
374 839 504 888 Tales
545 850 692 887 autem
734 851 840 888 sunt
879 839 1000 904 leges
1041 839 1360 906 disciplinares
1383 879 1393 898 ,
1432 859 1547 907 quae
1580 841 1639 890 ad

155 927 535 966 sacramentorum
562 917 993 965 administrationem
1018 927 1237 982 spectant.
1266 917 1547 966 Contrarium
1571 917 1638 966 as-

155 994 335 1042 firmare
370 994 591 1043 haeresim
623 994 762 1060 sapit;
791 994 987 1059 talisque
1014 1011 1190 1060 semper
1215 994 1385 1052 extitit,
1413 993 1636 1060 quidquid

153 1070 442 1119 adversarius
477 1082 706 1128 autumet,
746 1069 868 1119 orbis
903 1069 1111 1118 catholici
1145 1070 1348 1118 doctrina
1380 1081 1423 1117 et
1456 1070 1631 1135 praxis,

155 1164 348 1212 eumque
381 1163 709 1212 provocamus,
750 1158 799 1194 ut
833 1146 1102 1194 contrarium
1139 1145 1314 1194 evincat
1345 1146 1495 1208 (106).

252 1219 349 1272 N'on
384 1224 516 1289 pauci
551 1224 688 1288 igitur
723 1234 826 1272 sunt
865 1239 1036 1271 errores
1078 1223 1206 1288 queis
1250 1222 1452 1288 undique
1497 1233 1636 1271 scatet

155 1301 377 1349 senatoris
414 1300 642 1365 subalpini
680 1300 834 1349 oratio.
1472 1316 1474 1319 ’

250 1463 337 1503 (106)
359 1462 522 1503 Principia
533 1487 542 1502 ,
559 1462 690 1503 quaein
705 1462 802 1494 huius
814 1462 952 1494 oratoris
969 1460 1202 1502 disceptatione
1220 1460 1395 1501 habentur,
1409 1468 1447 1493 ea
1459 1460 1530 1502 ipsa
1542 1462 1635 1500 sunt,

150 1515 507 1557 quseavaidensihus,
529 1516 578 1547 Io.
595 1516 705 1554 Huss,
733 1514 876 1546 Marsiiio
901 1514 1074 1554 Patavino,
1099 1514 1264 1554 lauduno,
1291 1514 1453 1554 Luthero‚
1481 1513 1635 1554 Calvino,

150 1568 265 1601 Grotio
279 1568 401 1600 iamdiu
416 1568 537 1600 tradita
549 1569 642 1608 sunt,
659 1576 742 1607 quos
757 1568 881 1608 praeter
892 1567 1396 1607 Pursendorfiummoshemium,
1406 1567 1633 1608 Boehmerum,

149 1621 341 1654 Buddaeum
368 1620 470 1653 secuti
487 1621 564 1652 sunt
578 1622 741 1660 Loysaeus
757 1619 791 1651 in
806 1629 866 1652 suo
882 1621 1022 1652 tractatu
1044 1622 1106 1652 Des
1122 1621 1332 1661 seiqneuries
1343 1644 1352 1660 ,
1366 1628 1399 1661 p.
1415 1621 1461 1652 La
1474 1618 1580 1652 Borde
1601 1620 1636 1653 in

148 1682 261 1716 opusc.
270 1675 450 1714 Principes
463 1681 528 1706 sur
541 1671 716 1713 l'essence,
734 1672 771 1704 la
783 1672 986 1705 distinction
999 1675 1033 1705 et
1048 1673 1095 1705 les
1111 1673 1237 1706 limites
1252 1672 1311 1706 des
1324 1672 1420 1705 deux
1430 1675 1633 1714 puissances

149 1726 347 1770 spirituelle
370 1728 405 1758 ec
432 1725 648 1767 temporelle,
665 1725 755 1767 quod
775 1726 965 1767 proscripsit
992 1726 1185 1759 Benedictus
1209 1728 1295 1759 xlv.
1311 1726 1345 1758 in
1367 1726 1498 1758 constit.
1509 1725 1563 1758 Ad
1580 1735 1633 1759 as·

147 1772 272 1813 siduas
298 1780 379 1811 tom.
397 1780 453 1811 lv.
470 1779 540 1811 eius
563 1779 685 1810 Bullar.
703 1787 775 1819 pag.
795 1783 865 1812 153.
881 1779 932 1811 ed.
950 1781 1046 1812 Rom.
1071 1789 1126 1812 seu
1153 1781 1296 1812 Venetae
1324 1782 1414 1811 1758.
1444 1778 1488 1811 Hi
1521 1787 1633 1811 omnes

147 1833 304 1866 ecclesiae
317 1831 575 1864 iurisdictionem
591 1832 624 1863 et
635 1830 848 1872 legislativum
865 1833 1056 1872 potestatum
1069 1831 1281 1871 denegarunt,
1293 1840 1331 1862 ac
1344 1832 1535 1872 potestatem
1548 1829 1633 1863 iudi·

153 1885 287 1918 ciariam
302 1897 312 1926 ;
341 1893 439 1926 quem
474 1893 616 1916 errorem
644 1883 678 1915 in
705 1883 850 1916 Marsilio
876 1883 1034 1916 Patavino
1062 1892 1101 1916 ac
1128 1883 1274 1915 lauduno
1301 1882 1512 1916 damnaverat
1538 1884 1630 1916 loan-

150 1947 209 1971 nes
220 1939 323 1971 xxti.
339 1938 451 1970 Const.
468 1938 561 1969 Licet
575 1938 680 1969 iuncta
695 1935 904 1969 doctrinam.
921 1936 1013 1978 Apud
1029 1935 1230 1976 Rayualdum
1247 1937 1326 1968 tom.
1347 1937 1384 1967 V.
1403 1944 1474 1977 pag.
1493 1938 1565 1969 547.
1578 1934 1630 1968 ed.

177 2000 199 2023 u
282 2015 289 2023 .

151 1993 176 2024 L
200 2000 412 2076 celiisdversus
435 2051 534 2084 quam
562 2042 778 2084 perniciosam
803 2042 984 2075 doctrinam
1005 2041 1056 2074 Cf.
1075 2042 1159 2074 inter
1175 2042 1300 2074 ceteros
1315 2041 1471 2073 eximium
1486 2050 1569 2082 opus
1583 2043 1629 2073 lo.

149 2099 224 2131 Ant.
240 2097 375 2130 Bianchi
391 2096 493 2129 Della
510 2096 648 2139 potesta
661 2104 678 2128 e
694 2095 790 2128 della
799 2095 932 2137 polizia
951 2094 1046 2127 della
1059 2094 1174 2127 chiesa
1188 2094 1245 2126 lib.
1263 2096 1287 2126 1.
1304 2104 1334 2127 c.
1350 2096 1391 2127 V.
1405 2094 1460 2135 qui
1477 2094 1632 2126 acerrime

148 2150 326 2192 exagitavit
344 2151 476 2183 Petrum
499 2149 661 2182 Giannoni
684 2148 919 2181 ecciesiasticae
943 2149 1112 2189 potestatis
1135 2148 1262 2180 hostem
1281 2147 1553 2188 infensissimum,
1573 2155 1633 2180 nec

142 2213 210 2237 non
226 2207 270 2238 Le
285 2204 431 2237 Gendre:
450 2202 630 2236 Iudicium
645 2202 837 2243 episcopale
856 2202 1026 2235 adversus
1043 2204 1093 2234 Io.
1111 2201 1315 2242 Gothosredi
1329 2204 1498 2234 acerrime
1517 2200 1628 2234 vindi·

149 2259 299 2297 catum5
319 2256 538 2290 Mamachium
560 2257 658 2297 epist.
678 2257 731 2288 ΙΙ.
749 2255 796 2288 ad
817 2255 1033 2288 Febronium
1048 2254 1078 2296 §.
1095 2256 1169 2287 xlx
1181 2263 1247 2295 seq.
1268 2263 1340 2296 pag.
1359 2258 1431 2287 ³00.
1447 2254 1631 2287 zaccariam

150 2311 185 2342 in
198 2319 310 2352 opusc.
323 2312 368 2342 Le
381 2311 490 2342 slorte
502 2309 577 2341 idee
590 2307 815 2340 raddrizzate
827 2316 899 2349 cap.
910 2312 938 2340 5.
949 2310 982 2340 et
993 2307 1080 2349 quod
1095 2309 1195 2348 caput
1208 2308 1268 2348 est,
1278 2307 1328 2340 vel
1341 2307 1449 2349 ipsum
1459 2307 1630 2349 Fleuryum

153 2365 243 2397 Disc.
265 2366 427 2397 VII.-sur
449 2363 563 2396 l’hist.
578 2362 766 2395 ecclesiast.
781 2363 832 2394 De
851 2361 1075 2402 lajarisdict.
1091 2360 1288 2394 essentielle
1309 2360 1332 2393 ὰ
1355 2359 1493 2402 ι’έᾳὶἑεε.
1510 2360 1627 2393 Devoii

151 2419 271 2451 Imm.
292 2419 422 2450 Canon.
442 2419 520 2450 tom.
539 2418 596 2448 lu.
615 2415 672 2448 lib.
689 2417 745 2448 111.
763 2415 968 2456 tit.1.§.1v.
