1912 3180
317 207 409 239 car.
429 206 486 238 iv.
505 206 556 237 nr.
574 205 731 238 Ancum.
752 204 828 237 ruo
852 198 956 237 Latin
975 205 1028 236 ni:
1050 204 1175 237 uun.
1192 203 1276 237 civ.
1299 205 1392 237 Aur.
1412 205 1440 237 1.
1547 191 1635 237 355

163 286 314 332 minus
345 284 509 332 malum
547 284 820 348 permitteret
854 300 933 329 seu
966 282 1172 331 toleraret
1205 282 1547 332 concubinatum
1582 285 1639 332 ad

162 361 419 410 evitandum
439 360 583 408 maius
603 360 788 406 malum.
806 358 860 406 At
877 358 980 423 quis
1000 377 1086 406 non
1115 360 1393 408 horresceret
1415 360 1472 408 ad
1497 361 1639 409 solam

162 437 519 485 enunciationem
554 435 665 499 legis
700 435 756 482 de
791 434 1077 481 concubinatu
1101 437 1227 483 civili
1237 437 1260 483 P
1288 438 1426 485 Nemo
1451 447 1569 486 certo
1592 437 1638 485 in

160 514 354 561 comitiis
375 512 625 577 subalpinis
643 512 826 560 auderet
848 511 1068 558 eiusmodi
1096 513 1236 575 legem
1261 531 1507 579 proponere
1533 532 1639 563 san-

160 590 365 638 ciendam
389 590 506 651 (20).

257 666 422 729 Igitur,
461 676 510 712 ut
542 666 632 713 iam
676 674 987 728 argumentum
1012 664 1097 711 hoc
1126 664 1440 723 absolvamus,
1482 684 1639 731 perpe-

160 759 253 789 ram
279 752 401 789 tanta
424 759 526 789 cum
562 741 840 789 contentione
874 739 1066 787 adducta
1099 751 1168 788 est
1190 758 1218 787 a
1240 741 1354 804 legis
1389 742 1639 791 fautoribus

161 818 339 865 libertas
378 818 660 864 conscientiae
696 816 752 863 ad
786 833 884 863 eam
920 815 1295 863 cohonestandam
1322 854 1332 873 ,
1376 817 1505 865 cuius
1539 835 1638 882 ger-

160 911 340 942 manum
376 911 559 942 sensum
595 910 651 940 ne
686 903 986 955 cognoverunt
1014 892 1209 957 quidem.

255 971 433 1027 Quinto.
471 970 661 1017 Demum
697 969 1040 1033 expendendum
1077 978 1274 1016 remanet
1306 986 1360 1017 cx
1394 969 1452 1017 iis
1474 1008 1484 1027 ,
1522 987 1639 1034 quae

159 1047 476 1112 proposuimus
494 1085 504 1103 ,
533 1046 638 1093 data
672 1047 805 1093 etiam
840 1045 954 1094 salsa
984 1063 1037 1093 ac
1060 1060 1244 1094 erronea
1278 1045 1636 1094 adversariorum

158 1133 413 1171 nostrorum
443 1122 660 1170 libertatis
685 1122 985 1170 conscientiae
1010 1122 1350 1185 significatione,
1372 1139 1430 1170 an
1447 1140 1500 1170 ea
1516 1140 1638 1171 com-

157 1199 263 1263 poni
289 1209 486 1264 nequeat
514 1215 614 1245 cum
646 1198 743 1262 lege
760 1236 769 1254 ‚
798 1215 913 1262 quae
937 1197 1103 1261 obliget
1125 1197 1182 1244 ad
1207 1198 1475 1245 servandum
1504 1199 1636 1246 ritum

158 1275 419 1338 religiosum
456 1275 502 1321 in
539 1274 706 1339 nuptiis
742 1273 988 1322 ineundis?
1021 1274 1359 1338 Respondemus
1389 1274 1503 1321 nihil
1537 1293 1638 1324 esse

158 1351 236 1398 tali
273 1351 596 1415 compositione
629 1350 821 1398 facilius.
855 1350 901 1396 Si
936 1351 1055 1397 enim
1093 1367 1239 1398 sermo
1273 1351 1332 1398 sit
1366 1350 1423 1398 de
1456 1351 1637 1400 acatho-

159 1427 258 1476 licis
276 1466 286 1485 ,
320 1428 431 1476 satis
461 1427 545 1475 erit
578 1428 816 1475 decernere
845 1437 894 1474 ut
923 1426 1012 1491 ipsi
1042 1427 1174 1474 ritum
1205 1444 1338 1474 suum
1367 1438 1544 1475 servent
1566 1445 1638 1476 co-

159 1522 254 1551 ram
289 1504 508 1552 ministris
544 1504 670 1559 suis,
699 1513 828 1567 prout
852 1503 1067 1550 hactenus
1104 1503 1249 1552 facere
1282 1515 1632 1561 consueverunt,

156 1591 394 1646 actumque
430 1597 562 1627 suum
604 1580 651 1626 in
694 1579 821 1626 libris
861 1579 1198 1643 magistratuum
1234 1580 1432 1628 civilium
1477 1581 1636 1629 inscri-

155 1656 277 1704 bant.
319 1657 447 1713 Quod
493 1657 532 1704 si
579 1666 737 1720 agatur
769 1656 825 1703 de
859 1655 1117 1712 catholicis,
1157 1656 1269 1702 nihil
1306 1657 1492 1722 impedit
1525 1674 1636 1722 quo-

156 1733 307 1781 minus
331 1743 553 1781 statuatur
574 1743 623 1779 ut
650 1742 901 1779 contractus
925 1732 1070 1780 civilis
1097 1732 1265 1780 nullius
1296 1732 1469 1781 roboris
1495 1734 1554 1781 sit
1576 1734 1633 1781 ad

157 1809 343 1857 effectus
373 1809 527 1856 civiles
551 1826 604 1856 ex
622 1826 775 1856 eorum
799 1809 1007 1872 coniugio
1025 1808 1309 1865 obtinendos,
1338 1809 1425 1856 nisi
1451 1809 1635 1874 inrsacie

157 1885 373 1932 ecclesiae
395 1895 522 1932 actus
553 1884 787 1947 religiosus
814 1883 1061 1931 celebratus
1081 1884 1232 1941 fuerit,
1256 1884 1633 1949 quemadmodum

158 1963 204 2007 in
225 1961 496 2025 quibusdam
522 1960 752 2025 guberniis
776 1959 943 2008 obtinet
965 1961 1082 2022 (21).
1106 1960 1227 2006 Nihil
1257 1960 1423 2025 pariter
1446 1960 1634 2026 impedit

156 2038 418 2102 quominus,
449 2037 672 2085 nonnullis
705 2037 886 2085 casibus
919 2036 1142 2101 exceptis,
1171 2037 1371 2102 episcopi
1407 2038 1628 2102 parochos

155 2124 346 2177 cogant,
380 2124 616 2179 antequam
652 2114 822 2178 nuptiis
858 2113 1072 2160 assistant
1107 2130 1158 2159 ac
1191 2112 1490 2170 benedicant,
1528 2124 1577 2162 ut
1604 2132 1631 2162 a

253 2246 318 2286 (20)
340 2246 390 2278 Cf.
402 2246 566 2287 egregium
582 2245 783 2286 Opusculum
802 2245 859 2277 cit.
876 2244 976 2277 Delle
992 2244 1082 2286 leqqi
1101 2244 1199 2277 civili
1214 2244 1276 2277 che
1290 2244 1508 2286 riquardano
1524 2245 1553 2277 il
1566 2254 1635 2278 ma·

158 2300 320 2331 trimonio
333 2298 569 2337 de'cristz'ani,
595 2299 628 2329 in
654 2307 719 2338 quo
742 2299 808 2330 tota
830 2298 909 2329 haec
932 2297 1057 2330 theoria
1081 2297 1150 2330 fuse
1175 2298 1354 2338 evolvitur,
1371 2299 1404 2330 et
1424 2306 1464 2330 ex
1486 2307 1553 2339 quo
1572 2307 1633 2332 nos

153 2359 256 2391 pauca
270 2351 350 2383 haec
365 2350 595 2383 delibavimus.
613 2350 728 2391 Accepi
744 2350 833 2391 quod
848 2349 918 2382 eins
931 2350 1045 2381 auctor
1062 2350 1106 2382 sit
1123 2349 1165 2382 cl.
1180 2353 1217 2382 A.
1227 2350 1385 2382 Rosmini.

251 2404 318 2445 (21)
341 2405 386 2436 Ut
404 2404 437 2435 in
462 2412 559 2444 regno
578 2403 785 2443 neapolitano
801 2403 833 2434 in
848 2402 941 2435 cuius
965 2402 1077 2434 codice
1092 2411 1164 2443 cap.
1179 2404 1237 2435 111.
1252 2403 1354 2444 Deyli
1371 2405 1439 2436 acti
1454 2402 1493 2435 di
1510 2405 1630 2437 matri·

154 2460 268 2489 monio
285 2457 330 2489 ita
351 2457 523 2489 statuitur:
544 2470 558 2483 «
573 2456 609 2488 Il
624 2457 849 2488 matrimonio
868 2456 927 2488 nel
942 2464 1047 2496 reqno
1067 2455 1158 2488 delle
1173 2455 1242 2488 due
1255 2456 1371 2489 Sicilie
1387 2465 1451 2488 non
1463 2456 1491 2489 si
1508 2457 1573 2498 puo
1591 2457 1634 2490 le·

152 2510 389 2551 gittimamente
403 2510 567 2542 celebrare
576 2534 585 2549 ,
605 2510 665 2542 che
678 2510 711 2541 in
725 2509 826 2542 faccia
839 2509 925 2541 della
937 2510 1064 2549 chiesa,
1079 2509 1220 2541 secondo
1232 2509 1263 2542 le
1279 2509 1383 2542 forme
1395 2510 1563 2551 prescritte
1577 2510 1631 2543 dal

154 2563 293 2596 concilio
304 2563 339 2596 di
350 2565 482 2596 Trento.
493 2563 547 2596 Gli
561 2564 620 2596 atti
635 2563 722 2595 dello
736 2564 822 2595 stato
837 2563 934 2595 civile
947 2571 1027 2595 sono
1045 2563 1306 2596 essenzialmente
1327 2563 1516 2604 necessarii,
1532 2572 1551 2596 e
1565 2572 1632 2605 pro·

154 2615 271 2648 cedere
284 2616 433 2649 debbono
448 2617 480 2648 la
493 2616 712 2648 eelebrazione
728 2616 780 2648 del
795 2616 1020 2655 matrimonio,
1034 2615 1150 2656 perche
1164 2616 1187 2647 il
1206 2615 1413 2648 matrimonio
1427 2615 1571 2657 produca
1585 2617 1630 2658 gli

153 2669 254 2701 esseni
268 2669 374 2709 civili,
391 2671 483 2702 tauto
498 2669 650 2710 riguardo
665 2669 697 2700 ai
711 2668 838 2710 coniugi
853 2693 862 2709 ,
879 2669 939 2701 che
954 2669 983 2706 ai
999 2668 1033 2700 di
1054 2668 1125 2701 loro
1143 2669 1243 2710 figli.»
1261 2668 1382 2702 Codice
1393 2677 1458 2711 per
1476 2669 1510 2702 lo
1524 2678 1630 2710 rcqno

153 2721 245 2754 delle
266 2722 335 2754 duc
352 2723 481 2755 Sicilie.
496 2723 612 2764 Napoli
632 2727 719 2755 1829.
735 2731 805 2759 par.
820 2724 846 2754 1.
858 2723 960 2763 chqi
974 2721 1073 2754 civili
1091 2722 1149 2754 lib.
1165 2724 1190 2754 l.
1206 2730 1277 2763 cap.
1292 2726 1321 2755 3.
1338 2731 1410 2764 pag.
1428 2727 1477 2756 15.
1493 2724 1627 2756 Verum-

154 2776 318 2814 tamemut
332 2774 440 2815 paullo
453 2776 527 2807 ante
536 2775 776 2815 adnotavimus,
789 2774 874 2806 haud
890 2774 971 2806 levia
982 2773 1145 2806 interdum
1157 2783 1195 2806 ex
1208 2775 1397 2808 necessitate
1405 2776 1498 2808 actus
1506 2776 1628 2816 praevii

155 2826 259 2858 civilis
275 2826 482 2859 celebrationi
502 2826 700 2859 matrimonii
718 2826 922 2858 incommoda
937 2826 1107 2867 provenire
1125 2826 1238 2859 solent.

1534 2880 1561 2906 >lit
