1918 3186
331 213 423 245 CAP.
446 212 510 244 111.
534 211 585 244 ΒΕ
609 209 817 242 mmsrno.
839 210 932 242 ΛΒΤ.
956 211 1002 241 11.
1026 209 1180 241 ARGUM-
1203 209 1436 241 Tnml'rloN.
1543 194 1600 241 85

238 289 358 338 Haec
380 299 523 338 autem
546 297 715 354 patrum
739 287 990 335 testimonia
1014 297 1142 344 sunt,
1163 304 1277 352 quae
1294 286 1351 334 ad
1369 303 1460 334 rem
1479 300 1605 335 suam

141 366 323 432 protulit
346 378 479 431 atque
501 364 720 427 exegetice
737 363 946 427 expendit
968 363 1119 411 doctor
1133 364 1245 426 Berg
1262 363 1487 427 professor
1509 378 1608 411 ura-

142 442 415 490 tislaviensis
448 442 532 503 (9).
563 439 735 495 Quibus
770 438 846 485 alii
882 437 1146 485 subnectunt
1179 448 1352 503 patrum
1385 448 1428 485 et
1460 439 1608 486 conci—

140 517 298 565 liorum
331 517 515 564 usitatas
549 514 756 580 loquendi
791 514 1029 570 formulas,
1057 513 1221 578 quibus
1243 514 1453 571 traditur;
1485 515 1607 562 bene-

141 594 322 641 dictione
355 594 504 657 iuqum
536 592 702 656 imponi
708 610 722 646 ,·
750 590 1004 653 coniugium
1030 591 1253 654 obsiqnari
1275 608 1326 638 ac
1348 591 1612 655 sanctificari

140 679 326 734 oportere
339 687 358 737 .·¹
388 685 466 734 pro
506 669 644 732 ipsius
687 666 986 714 benedictionis
1029 668 1266 713 reverentia
1308 667 1606 730 virginitatem

138 745 283 809 prima
306 754 432 792 nocte
456 743 743 791 servandam:
767 744 907 790 instar
922 742 1145 805 sacrileqii
1160 759 1280 798 esse,
1305 742 1343 789 si
1363 742 1454 789 ulla
1471 753 1611 790 trans-

139 821 368 885 gressione
405 821 620 876 violetur3
658 821 749 866 sine
783 820 865 865 illa
897 818 1150 882 coniugium
1184 835 1283 865 esse
1316 827 1485 865 tantum
1532 819 1611 865 hu·-

139 897 315 944 manum
347 897 560 962 officium,
589 896 678 942 imo
696 905 738 942 et
754 893 997 959 periculum
1021 910 1145 951 esse,
1169 910 1223 940 ne
1240 892 1454 940 habeatur
1470 895 1611 940 instar

140 973 455 1038 fornicationis.
485 973 551 1019 Ita
568 970 886 1026 Tertullianus,
915 987 954 1017 s.
975 969 1190 1026 Basilius,
1219 987 1257 1017 s.
1280 969 1473 1034 Cyrillus
1492 969 1605 1017 alex.

140 1066 179 1097 s.
200 1048 483 1105 Ambrosius,
511 1046 747 1095 concilium
775 1046 1023 1109 carthagin.
1046 1046 1115 1093 lv.

237 1125 292 1171 Et
324 1141 454 1180 sane,
487 1133 536 1170 ut
567 1123 623 1169 de
657 1121 882 1169 nonnullis
916 1121 1015 1168 istis
1048 1121 1275 1178 dicamus,
1317 1120 1612 1171 Tertullianus

140 1198 214 1247 his
229 1199 378 1247 verbis
394 1198 718 1246 benedictionis
743 1197 1051 1244 necessitatem
1076 1189 1285 1244 declarat.
1315 1197 1452 1246 «Ideo
1475 1215 1611 1263 penes

143 1292 225 1323 nos
266 1275 462 1323 occultae
501 1274 721 1340 quaedam
761 1273 1116 1330 coniunctiones,
1157 1272 1203 1319 id
1243 1282 1312 1320 est
1355 1291 1443 1321 non
1488 1274 1612 1339 prius

143 1352 262 1417 apud
297 1351 530 1399 ecclesiam
564 1351 812 1415 professae,
842 1349 962 1396 iuxta
993 1349 1241 1396 moechiam
1280 1359 1324 1396 et
1361 1350 1614 1398 fornicatio-

145 1445 246 1475 nem
271 1428 457 1475 iudicari
492 1427 793 1492 periclitantur
813 1427 962 1488 (10).»
980 1425 1023 1471 S.
1040 1425 1231 1473 Basilius
1255 1424 1311 1473 de
1333 1426 1613 1474 matrimonio

146 1521 300 1568 agens:
318 1505 524 1567 «Iugum,
539 1503 699 1568 inquit,
716 1519 795 1567 per
805 1501 1158 1549 benedictionem
1177 1502 1432 1567 impositum
1449 1502 1615 1550 distan-

145 1580 254 1627 tium
277 1580 335 1628 sit
362 1580 612 1627 coniunctio
634 1572 783 1641 (11).»
801 1579 845 1625 S.
862 1578 1045 1625 Siricius
1071 1578 1117 1623 in
1144 1578 1273 1643 epist.
1290 1578 1347 1625 ad
1366 1578 1612 1626 Himerium

143 1665 360 1703 tarracon.
400 1654 571 1702 subdit:
616 1674 638 1699 «
659 1654 724 1700 De
765 1653 984 1716 coniugali
1025 1662 1168 1700 autem
1208 1653 1427 1700 velamine
1467 1653 1615 1718 requi-

143 1730 264 1787 sisti,
293 1730 332 1778 si
357 1729 671 1796 desponsatam
697 1729 774 1776 alii
804 1729 995 1794 puellam
1012 1767 1021 1785 ,
1063 1728 1172 1776 alter
1206 1729 1253 1775 in
1286 1722 1614 1776 matrimonium

142 1805 283 1869 possit
315 1806 532 1870 accipere.
568 1806 662 1853 Hoc
702 1822 758 1852 ne
791 1805 866 1852 fiat
898 1804 1044 1852 modis
1077 1804 1283 1851 omnibus
1326 1803 1607 1860 inhibemus,

144 1880 250 1944 quia
282 1881 363 1928 illa
399 1881 629 1928 benedictio
646 1917 657 1936 ,
697 1898 831 1946 quam
870 1890 1086 1945 nupturae
1132 1879 1339 1927 sacerdos
1385 1880 1604 1945 imponit,

145 1957 264 2021 apud
297 1957 449 2006 fideles
483 1958 714 2006 cuiusdam
749 1957 967 2021 sacrilegii
1004 1957 1144 2004 instar
1176 1966 1266 2011 est,
1296 1957 1333 2004 si
1359 1956 1450 2003 ulla
1473 1966 1612 2004 trans-

145 2027 374 2095 gressione
387 2034 573 2081 violetur
589 2036 629 2096 (1
640 2036 684 2096 2)
697 2073 704 2080 .
716 2053 738 2078 »
753 2035 797 2080 S.
810 2033 1002 2099 Cyrillus
1016 2033 1127 2080 alex.
1147 2032 1322 2080 scribit:
1344 2052 1366 2078 (ι
1379 2034 1481 2096 lpse
1492 2032 1615 2080 Chri-

146 2118 242 2156 stus
276 2108 482 2155 invitatus
522 2110 602 2170 (ad
625 2111 834 2174 nuptias)
865 2110 986 2157 venit
1016 2119 1090 2156 ut.
1115 2147 1122 2153 .
1147 2108 1466 2171 .generationis
1490 2108 1613 2172 prin-

146 2184 315 2249 cipium
349 2184 677 2242 sanctificaret,
720 2186 838 2249 quod
879 2185 935 2231 ad
975 2201 1151 2232 carnem
1190 2184 1399 2231 nimirum
1438 2185 1607 2232 attinet.

145 2259 445 2308 Conveniebat
461 2260 596 2315 enim,
619 2270 666 2307 ut
683 2261 759 2325 qui
779 2270 977 2307 naturam
1003 2260 1365 2325 ipsam’hominis
1390 2270 1616 2309 renovatu-

146 2354 221 2384 rus
245 2346 358 2383 erat.
381 2354 521 2384 ..non
546 2336 688 2384 solum
713 2336 786 2392 iis,
815 2336 890 2400 qui
916 2336 1004 2383 iam
1039 2336 1085 2382 in
1119 2346 1260 2383 ortum
1293 2338 1435 2384 vocati
1469 2346 1609 2392 erant,

146 2412 495 2460 benedictionem
531 2412 847 2477 impertiretur,
883 2412 961 2459 sed
986 2422 1028 2459 et
1051 2412 1107 2459 iis
1141 2429 1333 2477 quoque,
1361 2413 1436 2477 qui
1461 2422 1614 2478 postea

147 2488 357 2536 nascituri
401 2498 571 2544 essent,
611 2487 796 2550 gratiam
843 2496 1164 2552 praestrueret,
1201 2497 1244 2534 et
1276 2505 1427 2535 eorum
1473 2497 1613 2535 ortum

243 2648 288 2688 (9)
310 2650 371 2689 Op.
386 2649 419 2681 et
436 2648 500 2680 loc.
517 2648 573 2681 cit.

242 2699 307 2740 (ιο)
324 2700 395 2733 Lib.
410 2703 461 2732 De
469 2699 620 2742 pudicit.
634 2709 706 2742 cap.
722 2702 777 2733 lv.

237 2751 304 2791 (ιι)
325 2754 361 2783 ln
383 2754 621 2786 Hexaemeron
638 2754 725 2785 hom.
740 2754 812 2785 vn.
828 2753 905 2784 tom.
925 2753 949 2783 1.
967 2761 1038 2793 pag.
1056 2756 1107 2784 68.
1121 2752 1173 2785 ed.
1190 2753 1293 2784 Maur.

243 2804 309 2845 (12)
330 2805 429 2846 Epist.
444 2807 469 2839 1.
484 2806 525 2838 ad
542 2806 663 2839 Himer.
679 2815 709 2838 c.
724 2807 778 2837 lv.
793 2804 878 2845 apud
891 2806 1048 2838 coustant
1070 2806 1181 2848 Epist.
1196 2813 1282 2838 rom.
1291 2806 1390 2847 pont.
1404 2803 1467 2837 ool.
1482 2809 1554 2838 62⁸.
