1918 3186
254 192 340 238 198
509 204 587 236 Lm.
619 204 648 235 1.
677 201 789 233 SECT.
820 203 849 233 1.
881 201 931 232 DE
968 201 1139 233 numu.
1170 200 1450 235 sAanMEN'ro.

249 289 342 334 sive
378 284 619 340 naturalis,
648 299 784 348 quum
820 301 898 348 per
930 301 1026 332 eam
1043 323 1053 340 ‚
1083 295 1307 348 tamquam
1333 301 1413 347 per
1435 283 1619 331 formam
1643 302 1716 333 ac-

250 362 478 410 cedentem
503 360 559 407 ad
580 360 828 415 materiam,
857 370 1051 408 transeat
1074 370 1323 407 contractus
1340 359 1398 406 ad
1422 359 1718 408 conditionem

248 455 300 485 ac
334 437 592 500 dignitatem
628 437 892 483 sacramenti
928 454 1005 501 per
1039 437 1216 484 modum
1251 437 1402 483 unius.

347 513 461 559 Sane
498 512 740 559 Drouinius
775 511 881 559 Cani
917 512 1160 560 sententiae
1193 513 1382 559 maxime
1415 512 1620 560 addictus
1662 512 1717 560 de

247 587 432 635 materia
466 603 518 635 ac
551 586 691 634 forma
724 587 950 635 disserens
985 588 1245 635 sacramenti
1280 587 1577 645 matrimonii,
1615 605 1715 635 cum

249 663 554 728 praemisisset
575 663 800 711 materiam
825 663 958 710 huius
983 663 1243 711 sacramenti
1269 680 1369 711 esse
1386 664 1714 711 matrimonium

248 740 423 804 ipsum,
464 750 594 803 prout
626 750 694 786 est
726 748 975 787 contractus
1011 738 1154 786 civilis
1190 750 1233 787 et
1264 739 1516 802 legitimus,
1543 740 1628 787 hac
1651 757 1717 788 ra-

248 816 365 863 tione
399 814 444 862 id
478 815 638 864 evincit
666 833 675 861 :
717 834 740 860 «
773 813 885 860 Illud
927 814 1045 861 enim
1092 815 1352 863 sacramenti
1391 816 1579 865 ,materia
1611 826 1712 872 est,

248 892 385 957 quod,
413 891 553 939 forma
577 891 810 938 accedente
825 928 835 946 ,
858 890 908 938 fit
924 891 1473 956 sacramentum....Atqui
1498 892 1719 940 matrimo-

248 968 371 1015 nium
406 978 625 1032 quatenus
658 977 907 1014 contractus
940 967 1083 1015 civilis
1117 978 1185 1015 est
1217 978 1260 1015 et
1293 967 1544 1031 legitimus,
1584 968 1718 1017 adve-

250 1045 397 1091 niente
430 1044 672 1092 sacerdotis
702 1043 890 1108 mystica
922 1043 1228 1091 benedictione
1252 1044 1301 1092 fit
1330 1055 1712 1092 sacramentum...

248 1121 310 1167 ita
342 1120 573 1168 verissime
605 1120 767 1167 dicitur
806 1136 1071 1167 consensum
1117 1130 1317 1167 mutuum
1363 1120 1717 1170 contrahentium

248 1195 396 1243 verbis
429 1196 522 1243 sive
555 1196 698 1259 signis
731 1196 924 1243 externis
957 1196 1254 1253 declaratum,
1283 1214 1382 1245 esse
1403 1197 1539 1245 huius
1569 1214 1718 1245 sacra-

250 1272 383 1319 menti
408 1272 635 1319 materiam
651 1310 661 1329 ,
683 1271 753 1319 vel
777 1272 906 1337 quasi
930 1273 1158 1320 materiam
1175 1311 1186 1329 ,
1214 1290 1330 1337 quae
1353 1273 1515 1321 deinde
1537 1273 1594 1321 ad
1618 1290 1718 1337 gra-

251 1349 337 1395 tiae
362 1347 695 1413 productionem
719 1348 962 1396 sacerdotis
985 1348 1120 1396 verba
1142 1350 1332 1414 mystica
1355 1342 1617 1414 proferentis
1635 1350 1719 1396 mi-

249 1424 432 1472 nisterio
467 1424 752 1472 foecundatur
779 1426 928 1487 (21).»
952 1424 1075 1480 Quae
1103 1425 1282 1489 quidem
1306 1425 1516 1473 doctrina
1549 1425 1717 1490 duplici

250 1500 381 1548 modo
413 1499 597 1564 intelligi
632 1511 796 1564 potest3
826 1512 917 1548 tum
942 1501 1060 1565 quod
1085 1518 1164 1565 per
1186 1501 1537 1550 benedictionem
1571 1519 1719 1550 sacer-

250 1577 368 1624 dotis
403 1583 628 1640 tamquam
669 1577 853 1624 formam
888 1587 1138 1624 contractus
1172 1579 1354 1625 materia
1388 1578 1634 1635 efficiatur,
1671 1589 1720 1625 ut

250 1670 303 1700 ex
325 1663 514 1717 utraque
537 1663 859 1700 sacramentum
883 1664 1085 1716 exurgat,
1113 1665 1188 1701 aut
1211 1654 1309 1710 fiat,
1337 1665 1556 1718 quatenus
1581 1654 1719 1702 forma

251 1729 406 1776 intime
439 1729 667 1776 materiam
704 1739 921 1793 penetret,
960 1729 1214 1795 efficiatque
1247 1747 1347 1777 cum
1382 1747 1434 1778 ea
1466 1748 1719 1778 sacramen-

252 1810 346 1850 tum'
379 1805 564 1867 gratiam
599 1804 872 1869 producens;
907 1816 996 1852 tum
1032 1806 1151 1869 quod
1185 1823 1430 1854 consensus
1464 1807 1581 1853 unde
1615 1823 1719 1854 con-

252 1890 417 1928 tractus
441 1881 654 1943 emergit,
681 1892 785 1929 tunc
815 1899 945 1929 suum
970 1882 1103 1929 robur
1127 1899 1179 1930 ac
1202 1882 1453 1930 firmitatem
1478 1893 1714 1939 mutuetur,

251 1972 351 2002 cum
374 1956 415 2002 ei
440 1956 610 2003 accedit
630 1955 877 2005 benedictio
894 1996 904 2014 ,
932 1967 973 2004 et
997 1958 1178 2005 materia
1212 1958 1261 2005 fit
1294 1959 1573 2007 sacramenti.
1603 1959 1718 2015 Qua-

250 2031 323 2078 vis.
355 2031 522 2079 ratione
556 2031 848 2096 intelligatur,
876 2033 987 2080 illud
1022 2044 1164 2081 ratum
1199 2033 1422 2099 fixumque
1455 2046 1543 2091 est,
1582 2052 1717 2099 penes

253 2108 388 2155 huius
413 2110 656 2156 sententiae
680 2120 889 2174 patronos
907 2121 1178 2158 contractum
1195 2122 1238 2158 et
1255 2123 1579 2160 sacramentum
1597 2112 1717 2159 iden-

255 2184 429 2247 tificari‚
469 2185 530 2232 ita
563 2197 611 2232 ut
645 2185 754 2233 alter
786 2187 842 2233 ab
876 2186 1010 2234 altero
1045 2204 1132 2235 non
1167 2187 1464 2250 distinguatur
1487 2189 1532 2234 in
1563 2189 1717 2236 coniu-

253 2261 324 2321 gio
359 2261 617 2310 christiano.

350 2337 501 2401 ltaque
541 2348 677 2385 totum
710 2340 828 2403 quod
870 2341 1160 2404 interponitur
1194 2341 1431 2388 discrimen
1466 2341 1577 2388 inter
1609 2355 1711 2395 eos,

255 2413 330 2475 qui
356 2413 624 2461 contendunt
645 2415 952 2464 contrahentes
977 2433 1078 2465 esse
1096 2418 1322 2464 ministros
1345 2416 1606 2464 sacramenti
1629 2432 1718 2462 ma-

256 2488 472 2546 trimonii,
503 2501 546 2537 et
579 2508 678 2547 eos,
716 2492 791 2555 qui
829 2504 1026 2556 pugnant
1059 2510 1137 2556 pro
1163 2493 1390 2540 sacerdote
1416 2493 1462 2539 in
1491 2509 1541 2539 eo
1571 2492 1717 2539 consi-

257 2565 356 2620 stit,
395 2566 512 2630 quod
554 2566 616 2612 illi
655 2567 790 2615 velint
828 2568 1030 2615 virtutem
1074 2568 1433 2616 sacramentalem
1475 2586 1501 2615 a
1540 2567 1716 2615 Christo

257 2642 495 2688 immediate
538 2661 777 2692 connexam
819 2646 956 2693 fuisse
1003 2646 1087 2709 ipsi
1132 2646 1393 2701 contractui,
1444 2646 1514 2692 isti
1562 2645 1716 2692 malint

353 2806 415 2844 (9.1)
440 2807 486 2838 De
503 2816 539 2839 re
554 2811 834 2842 sacramentaria
849 2810 905 2842 lib.
921 2815 958 2842 Χ.
976 2820 1007 2850 q.
1025 2815 1052 2843 3,
