1912 3180
274 189 365 235 1112
539 202 619 234 Lm.
637 201 667 232 ι.
698 199 811 232 sne-r.
840 199 1013 232 ALTERA.
1042 201 1095 234 nn
1129 201 1304 234 unam.
1327 201 1469 235 eiviu.

273 282 425 330 omnia
448 279 506 326 ad
530 277 818 343 disciplinam
847 278 1091 343 pertinent,
1120 279 1270 343 ipsum
1294 279 1428 327 etiam
1451 280 1748 346 impedimen-

278 368 368 404 tum
388 354 574 402 ordinis.
599 354 714 401 Hinc
737 353 928 402 ecclesia
954 372 1114 418 graeca
1137 355 1357 403 catholica
1381 357 1574 420 perrexit
1596 356 1752 406 distin·

276 449 409 496 guere
437 431 483 477 in
520 430 751 478 sacerdote
781 430 1040 487 hominem,
1076 431 1217 479 civem
1252 449 1304 478 ac
1336 433 1562 486 maritum.

366 506 508 571 ¹Leges
543 507 856 572 disciplinares
890 507 1107 555 ecclesiae
1142 525 1231 555 non
1267 518 1372 556 sunt
1400 508 1490 556 nisi
1526 510 1751 558 humanae

277 584 462 631 rationis
496 583 639 630 foetus
673 600 753 648 pro
785 583 883 631 loco
900 621 910 641 ,
938 594 1135 647 tempore
1159 594 1243 631 etc.
1273 601 1418 650 neque
1441 585 1640 649 obligant
1663 605 1753 634 ma-

277 659 488 724 gistratus
523 659 702 717 civiles,
741 660 830 708 nisi
866 677 967 707 cum
1002 676 1079 706 eas
1113 659 1374 718 admittunt,
1413 678 1466 708 ac
1499 661 1640 710 donec
1672 680 1750 711 eas

277 752 368 783 non
402 745 624 784 revocent.
665 734 786 784 Talis
823 746 892 783 est
929 734 1131 783 doctrina
1164 745 1207 783 et
1249 736 1401 800 praxis
1444 736 1567 785 orbis
1599 737 1752 786 catho-

278 811 353 860 lici
388 812 432 874 (9
442 811 506 874 4).

883 929 1134 995 Responsio.

373 1043 439 1090 Ita
461 1041 642 1107 quidem
670 1040 852 1105 sapiens
881 1051 1029 1088 orator
1057 1041 1297 1090 historicus
1315 1079 1325 1098 ‚
1355 1041 1589 1105 theologus
1611 1051 1655 1089 et
1677 1058 1751 1089 ca-

275 1118 466 1166 nonista.
491 1118 648 1165 Verum
667 1117 714 1163 in
731 1126 820 1165 tota
842 1117 929 1165 hac
949 1117 1066 1165 male
1097 1129 1309 1182 congesta
1342 1118 1667 1185 disceptatione
1701 1119 1748 1165 in

275 1193 406 1258 plura
429 1193 616 1241 incurrit
648 1210 790 1259 eaque
819 1193 1087 1257 gravissima
1110 1204 1254 1242 errata
1277 1195 1439 1259 partim
1457 1211 1511 1241 ex
1528 1193 1751 1259 imperitia

275 1286 422 1318 rerum
447 1268 822 1333 theologicarum,
852 1269 1015 1334 partim
1040 1287 1094 1317 ex
1117 1270 1366 1333 ignorantia
1389 1269 1606 1317 historiae
1620 1308 1630 1327 ,
1653 1287 1753 1335 par-

274 1346 354 1393 tim
387 1345 580 1411 denique
603 1363 658 1393 ex
681 1345 927 1393 temeritate
952 1345 1000 1392 in
1025 1345 1305 1394 affirmando.
1335 1345 1456 1394 Haec
1480 1355 1626 1394 errata
1655 1346 1751 1394 sin-

277 1422 465 1486 gillatim
495 1439 823 1487 percurramus.
1604 1419 1606 1421 ’

377 1497 440 1544 Ac
473 1497 667 1562 primum
696 1497 877 1563 quidem
911 1508 979 1545 est
1011 1497 1067 1545 de
1090 1497 1351 1545 definitione
1383 1497 1488 1545 data
1510 1514 1539 1545 a
1561 1496 1751 1545 concilio

275 1573 509 1621 florentino
543 1573 790 1638 inspirante
818 1573 989 1638 Spiritu
1018 1573 1177 1622 Sancto
1194 1611 1204 1631 ,
1233 1573 1353 1639 quod
1377 1574 1574 1622 essentia
1605 1590 1750 1621 sacra-

272 1648 412 1696 menti
457 1648 726 1697 matrimonii
773 1648 992 1697 consistat
1024 1649 1071 1695 in
1106 1665 1328 1697 consensu
1362 1648 1745 1706 contrahentium,

275 1724 393 1773 adsit
423 1724 493 1772 vel
522 1724 641 1772 desit
674 1725 899 1773 sacerdos.
932 1724 978 1771 Si
1013 1724 1099 1773 hoc
1135 1725 1365 1773 statuisset
1397 1724 1637 1773 concilium
1668 1724 1751 1773 sso-

276 1800 500 1848 rentinum
525 1800 773 1866 inspirante
790 1801 957 1866 Spiritu
982 1801 1165 1859 Sancto,
1194 1818 1441 1866 numquam
1464 1810 1615 1849 exorta
1636 1801 1750 1849 inter

276 1876 520 1926 catholicos
555 1878 856 1927 controversia
878 1888 998 1926 esset
1021 1878 1140 1926 circa
1175 1878 1427 1926 ministrum
1461 1877 1746 1934 sacramenti,

274 1964 467 2002 attamen
501 1972 573 2002 res
607 1964 676 2003 est
708 1955 903 2012 notoria,
942 1955 1256 2019 gravissimam
1302 1972 1385 2003 nec
1430 1955 1563 2021 plene
1602 1954 1752 2003 adhuc

275 2030 465 2096 sopitam
511 2031 732 2079 eiusmodi
778 2032 1124 2079 controversiam
1168 2031 1369 2095 viguisse
1392 2070 1402 2090 ,
1448 2031 1618 2080 scilicet
1650 2039 1751 2096 post

274 2107 410 2156 huius
444 2107 622 2156 concilii
656 2108 1022 2166 celebrationem,
1053 2108 1317 2156 sententiam
1352 2107 1619 2156 contrariam
1643 2107 1751 2155 Mel—

273 2184 470 2232 chiorem
511 2184 681 2232 Canum
721 2185 1000 2233 adstruxisse
1046 2185 1248 2232 innixum
1295 2184 1427 2232 etiam
1468 2185 1603 2232 huius
1649 2201 1751 2232 con-

273 2250 367 2308 cilii
406 2261 687 2316 auctoritate,
726 2270 774 2308 ut
807 2261 1088 2326 apertissime
1133 2270 1304 2309 constat
1338 2278 1392 2308 ex
1424 2260 1481 2307 iis
1497 2297 1507 2316 ,
1545 2276 1662 2324 quae
1701 2259 1748 2305 in

273 2337 411 2399 priori
455 2337 586 2386 istius
629 2337 732 2384 libri
779 2338 974 2385 sectione
1012 2338 1277 2403 scripsimus
1317 2338 1433 2400 (95).
1473 2336 1627 2400 Itaque
1660 2351 1748 2383 non

369 2449 434 2490 (94)
454 2451 580 2483 senato
600 2449 658 2483 del
676 2457 793 2490 reyno.
817 2454 866 2482 16.
881 2449 1030 2485 Dicemh.
1048 2458 1121 2491 pag.
1141 2453 1211 2483 197.

371 2502 438 2543 (95)
459 2503 619 2543 Perpetuo
634 2502 669 2534 in
681 2502 824 2535 comitiis
841 2502 1022 2543 subalpinis
1035 2504 1068 2535 et
1083 2502 1117 2534 in
1134 2503 1247 2535 senatu
1265 2503 1409 2535 oratores
1423 2500 1500 2533 huic
1512 2499 1753 2532 controversiae

274 2555 500 2597 theologorum
515 2556 605 2590 circa
623 2556 809 2589 ministrum
824 2556 1017 2589 sacramenti
1034 2555 1254 2596 matrimonii,
1273 2565 1312 2588 ac
1324 2554 1460 2597 proinde
1471 2553 1558 2586 circa
1571 2552 1749 2586 distinctio·

275 2615 349 2639 nem
365 2609 448 2640 inter
463 2610 667 2642 contractum
685 2610 718 2641 et
738 2611 977 2641 sacramentum
990 2609 1025 2640 in
1039 2608 1249 2641 matrimonio
1265 2608 1463 2647 innituntur,
1477 2606 1553 2639 licet
1561 2614 1728 2647 perperam
1740 2630 1750 2647 ,

274 2659 322 2691 uti
341 2660 555 2694 ostendimus.
571 2663 610 2694 Et
623 2671 662 2694 en
678 2670 782 2694 novus
798 2661 852 2694 hic
867 2663 978 2694 orator
996 2661 1165 2694 constituit
1184 2661 1302 2701 dogma
1314 2659 1389 2692 fidei
1401 2667 1471 2692 esse
1482 2659 1575 2691 iuxta
1590 2657 1749 2691 definitio-

274 2718 350 2743 nem
371 2713 502 2745 concilii
521 2714 685 2747 florentini
713 2715 878 2756 inspirati
893 2722 916 2747 a
936 2715 1070 2756 Spiritu
1089 2715 1215 2746 Sancto
1236 2713 1400 2746 ministros
1426 2710 1620 2744 sacramenti
1640 2710 1749 2743 matri-

273 2763 373 2813 monii
388 2773 457 2797 esse
471 2766 698 2800 contrahentes
708 2791 718 2808 ,
735 2766 883 2809 adeoque
898 2766 1091 2800 identificari
1106 2767 1344 2801 sacramentum
1360 2765 1393 2798 et
1412 2764 1627 2798 contractum.
1641 2762 1751 2797 Potest

271 2824 313 2849 ne
328 2815 404 2858 fingi
419 2820 522 2850 maior
538 2819 778 2852 contradictio?
927 2817 929 2819 ’
