1912 3180
355 175 445 222 368
623 188 703 220 mn.
732 186 763 217 1.
793 184 906 216 sscr.
935 183 1109 215 Atrum.
1139 183 1192 215 ns
1216 180 1389 216 imam.
1419 181 1561 217 cwm.

353 275 621 315 contractum
651 278 770 309 mere
796 260 972 309 civilem
996 261 1095 309 sine
1120 272 1397 309 sacramento
1418 260 1643 310 celebrare
1665 273 1823 329 'optatu

354 340 573 402 coniugia.
597 338 714 401 Ergo
731 347 775 385 et
789 336 903 385 haec
919 337 1057 385 altera
1074 354 1181 401 pars
1198 336 1501 402 hypotheseos
1518 330 1707 401 gratuita
1723 349 1819 397 est,

354 433 404 464 ac
436 415 567 481 plane
590 413 720 462 falsa.

450 489 647 538 Tandem
670 488 830 537 falsam
860 507 963 538 esse
993 490 1168 537 tertiam
1202 500 1380 554 quoque
1413 491 1631 555 assumpti
1655 500 1824 556 partem

353 569 415 616 ita
446 566 737 615 ostendimus.
776 567 1026 631 Numquam
1059 573 1204 630 potest
1230 581 1330 613 esse
1353 581 1514 631 scopus
1538 565 1668 630 legis,
1699 566 1822 632 quod

354 643 564 710 aequitati
594 681 604 701 ‚
653 642 921 708 divinaeque
967 641 1055 704 legi
1098 657 1281 706 prorsus
1321 653 1552 706 repugnat.
1590 642 1823 691 Eiusmodi

354 730 500 768 autem
522 729 591 767 est
609 729 703 767 tum
725 716 1074 784 independentia
1111 717 1340 782 potestatis
1374 717 1520 765 civilis
1551 735 1579 766 a
1611 717 1826 782 religione

353 796 450 844 sive
477 794 535 842 ab
562 793 752 843 ecclesia
773 832 783 852 ,
818 805 912 842 tum
937 791 1165 856 obligatio,
1192 809 1328 857 quam
1353 792 1528 851 dicunt,
1558 803 1699 842 status
1721 810 1826 858 erga

353 874 473 921 cives
507 871 623 920 hanc
654 868 1045 935 independentiam
1077 867 1352 917 vindicandi.

448 947 680 1012 Repugnat
702 963 755 994 ac
779 945 978 1011 implicat
1005 945 1346 1011 independentia
1370 947 1604 1010 potestatis
1626 946 1772 995 civilis
1796 963 1825 994 a

355 1023 567 1088 religione
598 1023 693 1071 sive
724 1021 781 1070 ab
810 1021 1023 1078 ecclesia,
1050 1031 1101 1070 ut
1122 1039 1176 1070 ex
1200 1022 1285 1071 hoc
1307 1022 1452 1087 capite
1475 1023 1600 1087 prius
1623 1021 1824 1071 exordia·

355 1116 456 1147 mur
467 1137 477 1156 ‚
499 1098 654 1147 eadem
676 1098 845 1146 ratione
862 1115 951 1163 qua
968 1108 1188 1163 repugnat
1204 1108 1248 1146 et
1267 1098 1464 1163 implicat
1479 1097 1824 1163 independentia

355 1175 554 1240 corporis
578 1174 767 1223 alicuius
789 1174 979 1223 viventis
998 1174 1055 1223 ab
1072 1175 1236 1233 anima,
1250 1192 1365 1241 quae
1381 1174 1493 1222 illud
1511 1174 1740 1231 informat,
1761 1173 1826 1223 vi-

354 1250 520 1308 vificat,
542 1251 654 1315 regit
670 1267 722 1299 ac
746 1250 1011 1299 moderatur.
1034 1251 1272 1316 Receptum
1289 1261 1359 1299 est
1381 1250 1501 1316 apud
1525 1249 1827 1315 pseudo-poli-

355 1325 466 1375 ticos
493 1326 717 1390 adagium,
743 1326 862 1392 quod
881 1326 1057 1374 ecclesia
1074 1327 1133 1373 sit
1150 1328 1197 1373 in
1211 1335 1354 1383 statu3
1381 1342 1464 1374 nos
1490 1324 1679 1373 libenter
1705 1324 1826 1373 istud

354 1402 654 1460 admittimus;
677 1402 917 1451 dummodo
935 1413 1082 1450 tamen
1099 1403 1162 1450 ita
1179 1402 1450 1466 intelligatur
1466 1417 1486 1460 ,³
1504 1401 1625 1467 quod
1648 1401 1826 1449 ecclesia

354 1479 485 1525 sitin
512 1487 650 1534 statu,
690 1488 820 1543 prout
851 1477 1001 1525 anima
1042 1488 1105 1525 est
1145 1479 1191 1524 in
1231 1495 1401 1542 corpore
1426 1515 1438 1533 ‚
1484 1495 1511 1525 a
1550 1495 1640 1543 qua
1681 1487 1824 1525 status

356 1554 608 1620 dependere
631 1555 811 1603 omnino
833 1554 964 1603 debet
986 1554 1116 1620 eique
1137 1553 1316 1603 subiici.
1339 1555 1509 1601 Statum
1537 1571 1587 1602 se
1612 1553 1827 1619 indepen-

357 1629 534 1678 dentem
563 1630 739 1679 efficere
772 1631 828 1678 ab
861 1630 1075 1687 ecclesia,
1116 1630 1172 1678 ab
1205 1647 1368 1695 eaque,
1406 1640 1455 1678 ut
1486 1630 1633 1688 aiunt,
1662 1647 1712 1678 se
1732 1630 1827 1678 vin·

356 1706 507 1754 dicare
535 1706 718 1772 perinde
751 1717 869 1756 esset
897 1724 948 1754 ac
972 1724 1024 1755 se
1053 1706 1425 1771 independentem
1453 1706 1653 1772 profiteri
1681 1724 1734 1754 ac
1755 1722 1826 1754 se-

354 1793 559 1848 paratum
576 1799 603 1830 a
618 1783 711 1832 Deo
729 1784 946 1832 ecclesiae
972 1800 1052 1831 seu
1074 1800 1204 1831 verae
1227 1782 1456 1846 religionis
1479 1793 1657 1831 auctore
1671 1820 1682 1840 ,
1704 1783 1825 1848 quod

355 1868 472 1907 certe
504 1859 860 1925 pseudo—politici
889 1877 1042 1909 omnes
1070 1859 1203 1907 simul
1231 1860 1398 1924 sumpti
1432 1876 1676 1925 numquam
1712 1858 1827 1908 obti-

358 1935 552 1994 nebunt,
587 1954 688 1984 cum
721 1936 973 2001 dependere
1006 1954 1032 1985 a
1064 1937 1156 1985 Deo
1190 1947 1415 2001 tamquam
1450 1953 1478 1984 a
1509 1953 1716 2002 supremo
1738 1936 1827 1984 Do-

357 2011 479 2059 mino
517 2011 725 2061 omnibus
770 2012 1028 2061 hominibus
1062 2029 1115 2059 ac
1147 2012 1433 2060 societatibus
1477 2011 1717 2060 essentiale
1744 2012 1819 2059 sit.

358 2087 423 2135 De
447 2088 562 2152 sacto
591 2088 744 2154 utique
777 2106 826 2137 se
857 2089 1084 2136 vindicare
1107 2105 1134 2135 a
1155 2088 1249 2136 Deo
1276 2097 1369 2135 tum
1404 2088 1607 2136 homines
1635 2087 1818 2152 singuli,

358 2175 452 2212 tum
471 2165 703 2213 societates
727 2183 806 2231 per
827 2164 1065 2213 voluntatis
1090 2165 1422 2230 perversitatem
1447 2175 1670 2229 poterunt;
1693 2165 1828 2212 immo

355 2240 444 2289 heu
462 2241 647 2288 nimium
666 2251 729 2289 tot
747 2241 843 2289 suis
863 2241 1105 2290 sceleribus
1119 2259 1170 2289 ac
1181 2240 1322 2288 libera
1339 2240 1558 2289 sentiendi
1575 2240 1829 2306 agendique

354 2317 523 2365 ratione
539 2318 792 2366 seseaDeo
814 2318 1064 2375 vindicant,
1104 2329 1175 2366 ast
1207 2319 1301 2364 iure
1333 2333 1598 2382 numquam;
1627 2316 1827 2382 adeoque

354 2394 498 2442 serius
537 2394 661 2442 ocius
694 2394 740 2441 in
774 2395 856 2442 Dei
895 2412 1055 2443 manus
1099 2394 1298 2442 incident
1329 2392 1386 2442 ad
1418 2393 1515 2441 eius
1548 2392 1827 2440 subeundum

355 2469 758 2537 experiendumque
782 2471 996 2519 iudicium
1024 2472 1141 2533 (37).
1175 2472 1329 2535 ltaque
1360 2468 1579 2518 eiusmodi
1611 2468 1822 2526 stultitia,

459 2652 524 2692 (37)
546 2653 714 2686 Praeclare
728 2662 792 2686 non
808 2654 917 2686 minus
933 2653 1076 2695 prudens
1092 2661 1191 2693 quam
1208 2653 1320 2684 sancta
1339 2650 1479 2683 foemina
1503 2649 1613 2682 Iudith
1636 2650 1802 2691 inquiebat
1819 2663 1826 2681 :

357 2716 374 2732 α
388 2705 456 2737 Vae
470 2705 555 2745 genti
573 2706 750 2747 insurgenti
775 2715 872 2748 super
897 2715 997 2748 genus
1013 2714 1142 2739 meum:
1158 2705 1316 2737 Dominus
1332 2704 1417 2736 enim
1433 2703 1637 2744 omnipotens
1651 2702 1829 2735 vindicabit

355 2757 391 2789 in
403 2757 466 2797 eis,
481 2758 518 2790 in
533 2757 589 2790 die
604 2758 726 2792 iudicii
743 2760 903 2792 visitabit
917 2759 1010 2799 illos,
1025 2758 1116 2791 dabit
1129 2758 1216 2791 enim
1229 2757 1335 2798 ignem
1348 2756 1381 2789 et
1395 2764 1521 2789 vermes
1532 2756 1564 2789 in
1576 2765 1690 2790 carnes
1701 2764 1827 2796 eorum,

356 2809 394 2840 ut
411 2809 547 2842 urantur
560 2810 592 2842 et
605 2810 746 2843 sentiant
761 2820 866 2852 usque
881 2811 915 2844 in
935 2811 1168 2852 sempiternum
1181 2811 1192 2849 (
1205 2809 1288 2841 XVI.
1305 2812 1355 2842 20.
1374 2811 1424 2841 21.
1442 2807 1473 2847 )»
