1918 3186
870 301 940 346 DE

243 405 870 486 MATRIMONIO
940 406 1527 487 CHRISTIANO

560 611 841 659 LIBER
873 611 1215 659 PRIMUS

855 716 888 750 D

167 796 481 867 mmmm
535 797 850 867 sicssimfflwo
892 716 958 867 iii
1010 797 1073 866 nli
1117 796 1427 867 ΜΑΤΒΙΙΙΟΝΙΟ
1463 796 1613 866 sslvltl

639 979 879 1024 SEc'l'lo
917 980 1134 1024 PRIMA

443 1094 515 1144 DE
545 1094 913 1143 MATRIMONIO
944 1094 1326 1143 SACRAMENTO.

750 1208 968 1246 CAPUT
992 1209 1038 1245 1.

297 1299 348 1330 DE
379 1298 554 1331 RATIONE
586 1298 841 1331 SACRAMENTI
872 1299 914 1331 IN
943 1299 1200 1331 MATRIMONlo
1226 1299 1486 1331 cums'rlANo.

721 1412 997 1450 ARTICULUS
1024 1414 1051 1448 1.

410 1502 560 1542 Veritas
600 1501 838 1541 Sacramenti
879 1502 1115 1541 Matrimonii
1156 1502 1369 1541 ostenditur

522 1566 570 1593 ex
601 1559 783 1604 perpetua
809 1555 1002 1594 Ecclesiae
1028 1555 1219 1593 doctrina.

153 1621 465 1722 Germanum
484 1670 711 1718 Ecclesiae
729 1671 976 1718 doctrinam
993 1670 1049 1718 de
1066 1671 1335 1718 matrimonii
1354 1681 1634 1718 sacramento

154 1747 283 1796 nobis
309 1748 509 1796 exhibuit
535 1748 774 1796 tridentina
801 1748 1026 1814 synodus,
1049 1747 1155 1794 dum
1175 1747 1397 1795 definivit:
1424 1748 1503 1793 «Si
1529 1747 1631 1811 quis

152 1823 335 1883 dixerit,
368 1825 697 1873 matrimonium
730 1842 818 1873 non
851 1842 953 1872 esse
984 1841 1087 1872 vere
1115 1834 1159 1872 et
1194 1824 1372 1889 proprie
1408 1842 1544 1871 unum
1580 1841 1633 1869 ex

156 1911 323 1963 septem
364 1900 476 1965 legis
517 1900 798 1965 evangelicae
838 1900 1125 1948 sacramentis
1165 1918 1191 1947 a
1225 1900 1403 1947 Christo
1441 1900 1630 1946 Domino
1655 1912 1659 1918 ·

156 1974 404 2025 institutum
420 2016 430 2035 ‚
459 1977 539 2026 sed
565 1977 622 2025 ad
647 1976 904 2025 hominibus
924 1978 969 2024 in
989 1977 1178 2025 ecclesia
1204 1978 1453 2031 inventum,
1488 1992 1633 2040 neque

156 2051 343 2114 gratiam
364 2054 583 2111 conferre,
615 2054 769 2102 anath.
802 2054 959 2117 sit(1).
978 2055 1041 2101 Ex
1066 2054 1231 2119 quibus
1255 2052 1631 2116 deprehendimus

156 2127 484 2175 matrimonium
515 2146 541 2176 a
569 2131 756 2179 concilio
788 2131 977 2179 conferri
1012 2148 1110 2178 cum
1146 2129 1329 2194 reliquis
1353 2128 1634 2192 evangelicae

156 2203 266 2267 legis
290 2205 580 2252 sacramentis
606 2205 750 2270 iisque
774 2225 958 2271 prorsus
984 2207 1192 2271 aequari,
1223 2206 1285 2253 ita
1308 2216 1357 2253 ut
1380 2223 1634 2253 sacramen-

156 2291 247 2327 tum
266 2281 324 2329 sit
341 2299 367 2329 a
385 2281 561 2329 Christo
574 2283 761 2330 Domino
778 2283 1026 2330 institutum
1045 2283 1102 2330 ad
1120 2283 1322 2346 gratiam,
1341 2300 1476 2348 quam
1497 2283 1634 2346 signi-

157 2357 274 2415 ficat,
292 2375 344 2406 ex
357 2375 488 2423 opere
506 2369 687 2423 operato
700 2359 779 2406 rite
798 2358 907 2406 illud
927 2359 1275 2424 suscipientibus
1294 2359 1626 2407 conferendam.

284 2435 409 2482 Hanc
439 2446 697 2500 perpetuam
726 2435 869 2483 fuisse
894 2446 938 2483 et
952 2446 1227 2484 constantem
1248 2435 1465 2483 ecclesiae
1487 2434 1635 2482 catho-

158 2509 270 2558 licae
297 2511 543 2560 doctrinam
568 2511 700 2559 modo
724 2511 1010 2559 ostendemus
1035 2522 1129 2559 tum
1153 2511 1393 2575 generatim
1412 2529 1464 2558 ex
1489 2511 1634 2575 ipsius

158 2586 373 2635 ecclesiae
406 2605 543 2635 sensu
583 2588 834 2653 agendique
876 2588 1043 2636 ratione
1083 2588 1285 2653 publica,
1323 2588 1541 2634 constanti
1583 2605 1636 2634 ac

160 2662 374 2720 solemni,
405 2675 496 2711 tum
526 2663 757 2728 speciatim
778 2682 830 2711 ex
851 2664 1152 2728 singularibus
1181 2675 1352 2727 patrum
1383 2663 1635 2711 doctorum—

157 2755 245 2802 que
269 2739 548 2787 testimoniis.
576 2739 679 2787 ldeo
698 2757 799 2787 vero
824 2740 942 2787 hunc
967 2738 1181 2787 ecclesiae
1206 2756 1410 2796 sonsum,
1442 2739 1629 2803 eiusque

269 2838 314 2877 (1)
336 2840 418 2871 Sess.
435 2841 546 2871 xxiv.
564 2849 635 2871 can.
652 2846 677 2870 1.

1555 2914 1565 2944 1
