1918 3186
234 208 324 240 cir.
345 207 403 239 iv.
421 206 597 239 axrnun.
615 206 709 238 aaa.
725 206 778 239 nu
796 206 890 238 inm
903 206 1017 238 smn.
1035 206 1128 238 Αιιτ.
1143 206 1189 238 n.
1205 205 1299 237 Ano.
1318 205 1436 237 nun.
1510 189 1596 236 121

138 283 241 347 plici
277 283 390 340 ritu,
427 284 505 349 qui
540 284 586 330 in
619 282 756 330 variis
790 282 1014 339 ecclesiis,
1042 300 1121 331 seu
1143 282 1384 347 provinciis
1417 281 1605 331 obtinuit

137 376 190 406 ac
223 358 414 415 obtinet,
451 369 606 423 postea
638 358 928 405 disseremus.

233 435 298 481 Ex
332 434 417 481 hac
449 434 647 482 omnium
671 443 716 481 et
738 432 1014 497 singulorum
1037 434 1398 482 documentorum
1430 434 1606 482 discus-

137 511 283 567 sione,
321 527 438 574 quae
471 510 529 557 ab
562 510 697 557 huius
732 509 976 557 sententiae
1000 510 1213 574 patronis,
1241 528 1295 558 ex
1318 510 1536 575 patribus,
1564 522 1608 559 et

137 604 190 634 ex
207 586 470 650 antiquitate
492 585 793 633 ecclesiastica
816 585 1122 650 proferuntur,
1150 603 1338 650 pronum
1355 596 1424 634 est
1445 586 1606 634 inferre

137 661 306 709 nullum
335 679 518 726 prorsus
554 661 761 726 reperiri,
789 662 908 726 quod
932 661 1040 708 huic
1065 661 1228 725 placito
1251 662 1601 718 fundamentum,

136 748 212 784 aut
246 736 495 784 subsidium
531 736 761 801 praebeat,
791 736 926 784 immo
949 735 1078 802 plura
1102 753 1203 784 esse
1226 754 1341 801 quae
1363 747 1441 784 aut
1462 737 1605 784 eidem

137 811 269 875 plane
297 812 607 869 adversentur,
636 823 712 861 aut
735 828 852 877 quae
883 811 940 860 de
973 811 1061 860 alia
1092 811 1272 860 omnino
1297 829 1343 859 re
1365 812 1455 861 sint
1478 812 1608 861 intel-

137 886 328 951 ligenda.

687 1018 960 1055 ARTICULUS
987 1019 1054 1054 111.

628 1144 866 1194 Argumenta
883 1143 1109 1194 theologica.

231 1273 326 1319 Non
360 1282 428 1319 est
459 1271 578 1336 quod
603 1272 659 1319 iis
684 1272 988 1327 immoremur,
1018 1271 1184 1336 quibus
1208 1271 1357 1318 Canus
1381 1270 1466 1318 sibi
1489 1272 1605 1319 viam

136 1359 263 1412 parat
284 1348 341 1395 ad
364 1364 491 1395 suam
524 1347 838 1394 adstruendam
874 1347 1163 1404 sententiam;
1198 1363 1326 1394 nemo
1358 1347 1476 1395 enim
1509 1364 1608 1394 um-

136 1441 270 1487 quam
303 1423 360 1470 de
394 1423 482 1470 fide
513 1440 615 1471 esse
650 1423 885 1470 affirmavit
917 1423 1246 1470 matrimonium
1270 1423 1368 1470 sine
1395 1421 1607 1471 ecclesiae

136 1498 338 1546 ministro
359 1508 631 1546 contractum
649 1515 751 1546 vere
769 1509 813 1545 et
831 1498 1007 1562 proprie
1029 1515 1129 1545 esse
1154 1509 1499 1555 sacramentum,
1527 1515 1609 1546 seu

136 1575 254 1639 quod
289 1574 405 1622 idem
439 1585 532 1630 est,
577 1574 887 1622 contrahentes
920 1592 1021 1622 esse
1055 1574 1189 1622 huius
1223 1575 1487 1622 sacramenti
1527 1575 1609 1621 mi-

136 1651 315 1698 nistros.
344 1651 454 1697 Nam
479 1650 518 1698 si
542 1650 599 1698 de
623 1651 711 1698 fide
734 1651 916 1708 fuisset,
956 1651 1052 1716 ipse
1086 1651 1283 1716 profecto
1315 1668 1413 1698 eam
1446 1651 1609 1699 doctri-

136 1744 237 1774 nam
261 1743 501 1792 numquam
526 1727 707 1775 adortus
731 1727 890 1775 fuisset
906 1765 916 1784 ,
945 1745 1090 1793 neque
1114 1745 1240 1775 suam
1259 1727 1322 1774 illi
1341 1727 1609 1775 substituere

136 1813 442 1866 pertentasset.
480 1803 667 1851 Abunde
705 1803 835 1852 nobis
868 1805 1034 1852 sufficit
1067 1821 1163 1852 eam
1199 1815 1362 1852 certam
1406 1804 1609 1868 explora-

139 1890 318 1943 tamque
349 1897 487 1943 penes
522 1897 678 1928 omnes
713 1881 769 1928 ad
794 1880 963 1929 Canum
997 1898 1141 1946 usque
1176 1881 1400 1936 extitisse,
1427 1881 1531 1928 licet
1552 1880 1609 1928 de

140 1954 226 2001 fide
247 1971 334 2002 non
357 1966 490 2003 esset.
510 1955 608 2012 Quo
631 1957 854 2020 praeiacto
876 1956 1185 2013 fundamento,
1209 1974 1327 2004 nunc
1351 1956 1608 2020 singillatim

138 2041 229 2076 tum
264 2047 379 2094 quae
412 2030 560 2078 Canus
594 2032 718 2095 prius
753 2032 1000 2096 theologica
1042 2043 1300 2096 argumenta
1343 2031 1508 2079 invexit
1550 2031 1608 2078 ad

138 2115 358 2169 receptam
392 2105 606 2153 haetenus
640 2106 887 2154 doctrinam
921 2107 1254 2155 concutiendam
1286 2117 1330 2154 et
1357 2106 1414 2154 ad
1448 2123 1607 2154 novam

139 2181 414 2228 suadendam
458 2181 927 2246 persuadendamque,
973 2199 1294 2247 persequemur
1313 2220 1323 2238 ,
1362 2193 1454 2230 tum
1493 2199 1609 2246 quae

139 2256 423 2321 insequentes
458 2256 649 2320 theologi
686 2258 729 2303 in
766 2258 969 2304 eumdem
1006 2258 1138 2304 finem
1173 2258 1443 2306 adiecerunt.

231 2332 293 2379 Ac
317 2332 460 2396 primo
484 2333 675 2396 gratuito
705 2333 885 2381 omnino
918 2335 1107 2381 assumit
1129 2334 1276 2383 Canus
1299 2345 1501 2382 mutuum
1524 2335 1606 2381 viri

138 2408 444 2473 foeminaeque
478 2426 773 2466 consensum,
814 2427 916 2466 seu,
955 2421 1005 2458 ut
1038 2411 1135 2475 ipse
1174 2410 1392 2475 loquitur,
1426 2411 1609 2475 profane

138 2495 410 2532 contractum
455 2486 782 2534 matrimonium
818 2503 918 2534 esse
953 2504 1040 2534 non
1077 2504 1210 2551 posse
1243 2488 1420 2550 signum
1455 2487 1610 2534 efficax

138 2560 328 2621 gratiae;
357 2561 443 2609 hoc
466 2561 566 2626 ipso
599 2562 717 2610 enim
751 2562 870 2627 quod
895 2562 1099 2610 Christus
1133 2562 1378 2610 naturalem
1414 2562 1607 2626 coniugii

139 2644 408 2683 contractum
442 2637 497 2684 ad
532 2638 794 2685 sacramenti
830 2638 1088 2701 dignitatem
1124 2638 1266 2685 evexit
1299 2656 1378 2702 per
1405 2638 1609 2686 adiectio-

141 2725 240 2755 nem
278 2712 471 2772 gratiae,
511 2724 630 2778 patet
674 2714 822 2778 ipsum
858 2730 936 2778 per
970 2731 1018 2760 se
1053 2731 1203 2761 revera
1237 2714 1413 2779 signum
1451 2714 1608 2763 efficax

139 2786 307 2846 gratiae
330 2804 443 2834 esse.
466 2788 674 2852 Adeoque
708 2789 883 2851 signum
920 2790 1003 2836 hoc
1037 2790 1206 2855 absque
1240 2790 1331 2839 ullo
1364 2792 1607 2840 sacerdotis
