1912 3180
270 212 360 243 cn.
378 212 434 242 iv.
457 211 508 242 ni:
526 210 683 242 moun.
705 210 780 241 rao
801 209 905 241 LEGE
925 210 977 241 ns
998 209 1124 241 urii.
1144 209 1227 242 mv.
1250 208 1343 240 Αιιτ.
1369 209 1430 241 111.
1530 195 1613 239 411

142 291 276 337 etiam
312 299 490 354 propter
522 287 869 342 conscientiam;
898 287 1054 351 sicque
1077 286 1347 334 haberentur
1370 286 1475 334 boni
1512 287 1622 335 fide-

147 365 213 412 les
248 374 292 412 et
324 364 479 429 optimi
514 363 652 411 cives.

241 440 384 486 Simili
406 440 573 487 ratione
592 439 952 504 respondendum
970 451 1038 487 est
1055 440 1135 496 iis,
1159 456 1275 505 quae
1298 450 1445 487 orator
1470 439 1623 488 obiicit

143 518 202 564 de
225 515 347 564 civili
372 516 703 564 ecclesiasticae
727 516 840 580 legis
864 516 1122 580 acceptione
1141 517 1186 563 in
1206 533 1342 580 regno
1361 516 1615 582 subalpino.

147 592 237 639 Nec
278 591 410 639 refert
444 592 563 656 quod
601 591 791 639 Pineroli
827 591 1054 657 provincia
1089 592 1234 640 serius
1267 592 1438 640 venerit
1472 593 1518 640 in
1551 592 1623 639 di-

147 669 313 716 tionem
348 669 512 716 ducum
538 669 907 725 Sabaudicorum;
935 686 1039 716 nam
1073 685 1175 716 cum
1209 669 1359 717 adhuc
1394 669 1622 735 provincia

150 744 228 793 illa
260 746 502 810 pertineret
535 746 591 792 ad
622 745 789 793 Galliae
823 762 1034 809 regnum,
1063 746 1109 791 in
1132 762 1185 792 ea
1209 746 1298 792 iam
1323 745 1618 811 promulgata,

149 838 202 868 ac
236 821 282 868 in
317 822 467 884 vigore
498 832 593 868 erat
637 822 806 869 sanctio
841 820 1080 868 tridentina
1121 821 1238 868 circa
1284 820 1622 869 celebrationem

146 896 487 961 coniugiorum,
525 898 633 961 quia
674 897 781 943 illud
817 897 1038 944 decretum
1074 895 1135 942 ibi
1171 896 1304 943 etiam
1346 897 1488 943 suerat
1520 913 1624 960 pro—

150 972 412 1035 muigatum.

797 1117 845 1179 g.
887 1116 962 1161 111.

611 1246 792 1278 Concilium
814 1246 921 1287 ipsum
944 1245 1164 1278 tridentinum.

249 1347 342 1394 lam
377 1347 528 1411 plures
562 1348 817 1395 audivimus
847 1358 1044 1395 oratores
1074 1346 1131 1394 ad
1162 1346 1449 1394 tridentinum
1473 1346 1620 1411 ipsum

150 1422 391 1472 concilium
411 1441 491 1488 pro
509 1424 606 1488 lege
624 1423 892 1471 matrimonii
923 1423 1068 1471 civilis
1097 1439 1352 1487 provocare.
1376 1420 1623 1470 Concilium

153 1497 441 1547 tridentinum
464 1536 474 1555 ,
515 1500 651 1546 instat
687 1498 803 1546 alius
839 1509 1040 1555 senator,
1079 1509 1249 1563 pugnat
1280 1507 1433 1546 contra
1466 1497 1624 1545 adver-

149 1574 312 1622 sarios.
352 1574 499 1622 Primo
534 1574 716 1639 quidem
752 1574 986 1622 concilium
1027 1574 1310 1622 florentinum
1356 1573 1621 1638 inspiratum

151 1667 178 1698 a
204 1650 371 1715 Spiritu
399 1651 558 1707 Sancto
583 1668 671 1698 non
697 1668 826 1699 secus
852 1668 903 1698 ac
928 1650 1215 1698 tridentinum
1239 1689 1249 1707 ,
1288 1649 1514 1706 definivit,
1554 1666 1625 1697 es·-

151 1726 342 1774 sentiam
368 1727 631 1774 sacramenti
656 1727 926 1774 matrimonii
951 1727 1197 1774 consistere
1215 1726 1262 1772 in
1280 1742 1505 1773 consensu
1521 1742 1622 1772 con-

152 1802 449 1860 trahentium,
489 1803 609 1850 adsit
640 1803 710 1850 vel
748 1803 865 1850 desit
899 1803 1124 1851 sacerdos.

250 1880 300 1925 ln
335 1879 524 1926 concilio
565 1890 713 1927 autem
747 1878 987 1926 tridentino
1021 1896 1160 1943 quum
1195 1877 1436 1925 cardinalis
1471 1877 1626 1925 Lotha-

153 1955 327 2019 ringius
361 1955 569 2018 coniugia
602 1955 880 2002 clandestina
912 1954 1133 2002 abolenda
1159 1964 1448 2019 proponeret,
1476 1963 1624 2019 patres

148 2031 477 2096 responderunt
504 2031 740 2079 concilium
776 2031 895 2079 haud
932 2048 1065 2096 posse
1100 2030 1297 2087 irritare,
1328 2030 1447 2094 quod
1471 2047 1499 2077 a
1521 2046 1625 2077 con-

148 2106 256 2155 cilio
290 2108 525 2156 florentino
560 2108 705 2155 suerat
733 2108 1042 2172 approbatum.

250 2184 297 2230 P.
316 2184 601 2249 Campegffis,
625 2184 739 2230 inter
761 2195 1034 2232 contractum
1052 2201 1105 2231 ac
1123 2194 1448 2231 sacramentum
1466 2181 1626 2229 distin-

146 2261 296 2308 ctione
328 2261 527 2318 inducta,
566 2261 764 2317 censuit,
794 2261 956 2308 intacto
981 2271 1274 2317 sacramento,
1303 2276 1436 2323 posse
1468 2258 1623 2322 attingi

148 2347 438 2385 contractum.
462 2337 614 2384 Maiori
634 2347 808 2401 patrum
827 2353 1013 2384 numero
1041 2336 1278 2384 concilium
1307 2334 1625 2399 adstipulatum

147 2423 234 2461 est.
259 2414 374 2461 Hinc
391 2413 627 2461 concilium
652 2413 846 2460 seiunxit
862 2423 1135 2461 contractum
1154 2430 1181 2460 a
1199 2422 1499 2467 sacramento;
1521 2427 1628 2475 qua·

151 2500 331 2555 propter
359 2489 470 2553 legis
509 2489 653 2536 civilis
686 2488 930 2537 adversarii
948 2490 995 2536 in
1014 2506 1183 2537 canone
1215 2487 1443 2536 tridentini
1478 2487 1626 2535 conci-

151 2564 224 2622 lii,
261 2567 370 2631 quin
405 2566 631 2613 inveniant
664 2566 937 2631 praesidium
960 2583 1013 2614 ac
1036 2566 1233 2622 tutelam,
1272 2564 1504 2612 inveniunt
1537 2562 1623 2612 sibi

152 2642 344 2690 ruinam.

247 2717 386 2766 Unica
418 2719 533 2767 facta
567 2730 635 2766 est
665 2720 711 2765 in
735 2719 925 2766 concilio
962 2718 1203 2766 tridentino
1237 2718 1488 2782 dogmatica
1520 2716 1628 2765 defi-

152 2793 261 2840 nitio
283 2832 294 2850 ,
335 2811 495 2859 nempe
528 2794 860 2843 matrimonium
902 2812 1002 2843 esse
1049 2805 1406 2852 sacramentum,
1458 2793 1626 2858 reliqua
