1918 3186
366 214 456 246 cu».
487 213 533 246 n.
563 212 617 248 nn
639 210 850 257 umisrno.
879 212 973 246 Aur.
1003 213 1034 245 1.
1064 211 1236 252 Quissr.
1265 212 1404 247 omno.
1564 201 1624 245 59

139 305 209 344 est
241 294 287 341 in
320 294 524 342 ministro
551 290 790 348 ecclesiae,
828 302 975 355 potest
1007 293 1204 341 essentia
1229 292 1327 341 eius
1350 291 1505 340 haberi
1529 292 1627 341 sine

139 371 368 419 ministro:
397 370 477 418 sed
501 369 612 418 forte
635 385 723 416 non
746 366 879 416 debet
905 367 994 416 nisi
1024 368 1071 415 in
1100 369 1215 417 facie
1240 368 1454 418 ecclesiae
1477 379 1524 417 et
1545 386 1628 434 per

140 447 416 496 sacerdotem
438 444 679 501 celebrari,
708 443 748 491 si
772 442 917 508 possit
939 443 1095 491 haberi
1117 446 1213 507 (12)
1226 464 1269 492 .»
1285 444 1380 492 Sibi
1398 454 1627 509 praeterea

141 524 319 572 obiicit:
356 542 380 569 «ι
401 521 546 570 Omne
578 530 906 569 sacramentum
940 519 1074 568 habet
1107 521 1293 570 sormam
1320 521 1576 569 distinctam
1598 539 1627 569 a

143 600 350 650 materia:
381 598 463 647 sed
497 598 584 646 hoc
617 614 706 645 non
740 606 809 644 est
835 596 882 644 in
912 596 1210 645 matrimonio.
1234 598 1329 646 Non
1352 597 1471 645 enim
1492 597 1629 647 verba

140 674 432 741 exprimentia
455 673 540 722 viri
564 689 834 721 consensum
866 682 973 720 sunt
1005 673 1148 736 magis
1182 672 1323 721 forma
1344 672 1417 722 vel
1440 674 1628 722 materia

139 768 274 817 quam
308 749 445 799 verba
476 748 678 797 mulieris
695 786 706 805 ,
744 758 788 796 et
821 766 847 796 e
877 764 1108 797 converso.
1140 748 1257 812 Ergo
1292 748 1626 797 matrimonium

139 844 229 876 non
258 838 328 875 est
352 837 681 875 sacramentum
704 826 856 888 (13).»
871 824 1016 881 Quam
1050 823 1360 873 difficultatem
1382 825 1445 872 ita
1468 825 1623 874 solvit:

143 923 168 949 «
190 903 258 951 Ad
301 904 345 950 2.
373 902 631 950 dicendum.
654 900 862 966 ...quod
904 900 1234 949 matrimonium
1267 899 1402 948 habet
1443 901 1629 949 formam

142 979 399 1027 distinctam
424 997 451 1026 a
474 977 683 1034 materia,
712 977 819 1042 quia
841 977 973 1025 verba
1002 985 1103 1025 sunt
1131 977 1296 1042 forma,
1334 977 1628 1025 contrahentes

140 1066 241 1104 sunt
272 1056 482 1103 materia.
506 1054 705 1102 ..forma
738 1064 808 1102 est
838 1053 1066 1118 expressio
1100 1070 1348 1102 consensus
1376 1054 1528 1116 (14).»

240 1131 346 1180 Post
386 1131 499 1179 adeo
540 1129 765 1178 luculenta
805 1130 1060 1178 testimonia
1102 1129 1265 1178 mirum
1310 1130 1452 1178 videri
1498 1129 1631 1178 debet

140 1208 313 1256 Canum
347 1208 463 1255 inter
496 1218 742 1255 assertores
778 1206 1024 1255 sententiae
1052 1223 1164 1256 suae
1192 1207 1327 1254 etiam
1351 1206 1627 1254 Paludanum

138 1301 369 1333 recensere
401 1283 620 1349 potuisse.
643 1284 954 1331 Verumtamen
979 1283 1129 1331 Canus
1163 1283 1227 1331 ita
1254 1283 1519 1331 sententiam
1546 1284 1629 1330 Pa-

138 1361 309 1409 ludani.
328 1361 536 1426 exponit:
580 1380 602 1405 «
624 1361 720 1408 Non
757 1360 790 1407 ii
822 1359 967 1408 solum
992 1397 1002 1416 ‚
1040 1377 1154 1424 quos
1187 1359 1412 1416 diximus,
1450 1369 1630 1407 nostrae

140 1436 388 1485 sententiae
427 1436 732 1484 assentiuntur
759 1472 770 1492 ‚
815 1435 897 1484 sed
931 1436 1088 1483 Petrus
1121 1434 1378 1483 Paludanus
1414 1435 1534 1483 Sent.
1581 1436 1624 1482 4.

139 1513 245 1561 dist.
264 1515 309 1560 ὅ.
325 1531 370 1578 q.
390 1514 434 1560 2.
452 1512 714 1578 imprudens
735 1512 782 1559 in
799 1529 897 1560 eam
921 1528 1102 1577 quoque
1123 1510 1371 1559 descendita
1394 1512 1507 1559 Nam
1524 1528 1626 1559 cum

138 1589 207 1636 vir
224 1600 268 1637 et
283 1589 478 1637 foemina
499 1588 688 1636 civiliter
709 1586 1006 1644 contrahunt,
1034 1587 1210 1635 etiamsi
1234 1597 1490 1651 peccatores
1513 1586 1624 1643 sint,

139 1682 222 1713 nec
257 1664 575 1730 poenitentiam
609 1674 770 1727 agant,
813 1680 903 1711 non
936 1663 1078 1711 credit
1109 1680 1187 1711 eos
1221 1680 1324 1711 esse
1356 1680 1455 1711 reos
1490 1662 1629 1710 sacri-

139 1739 262 1805 legii.
303 1741 353 1788 ld
387 1739 510 1806 quod
543 1738 668 1788 nullo
706 1738 839 1787 modo
871 1738 1105 1804 probabile
1142 1749 1291 1795 esset,
1333 1739 1374 1786 si
1406 1737 1627 1786 eiusmodi

142 1817 474 1866 matrimonium
507 1827 629 1864 esset
658 1833 812 1864 verum
844 1814 1062 1864 ecclesiae
1096 1825 1439 1863 sacramentum.
1461 1814 1629 1863 Omnes

144 1892 313 1957 quippe
351 1894 451 1942 sine
484 1892 789 1941 controversia
829 1891 1034 1955 sacrilegi
1071 1902 1200 1948 sunt,
1229 1891 1308 1956 qui
1335 1902 1438 1955 post
1468 1906 1629 1955 pecca-

144 1978 237 2014 tum
271 1969 455 2016 mortale
494 1969 595 2016 sine
641 1968 915 2033 poenitentia
953 1968 1120 2016 Christi
1161 1976 1442 2015 sacramenta
1483 1965 1628 2030 perei-

144 2042 274 2106 piunt
290 2044 407 2104 (15).

245 2118 312 2165 Ita
345 2117 527 2182 quidem
559 2118 709 2166 Canus
737 2119 794 2167 de
818 2119 1045 2168 Paludano
1077 2120 1326 2173 disserens;
1354 2126 1425 2165 ast
1449 2133 1537 2164 non
1566 2116 1628 2164 ita

146 2193 404 2241 Paludanus
417 2231 428 2251 ,
450 2193 528 2258 qui
549 2193 594 2240 in
612 2193 803 2257 allegato
819 2194 917 2243 loco
933 2194 1203 2243 contrarium
1228 2193 1361 2258 plane
1382 2191 1623 2248 adstruxit,

143 2287 245 2317 cum
269 2269 388 2317 enim
414 2269 501 2318 sihi
526 2269 833 2335 quaestionem
866 2270 1202 2335 proposuisset,
1238 2280 1386 2318 utrum
1422 2278 1629 2332 peccator

144 2345 290 2410 possit
321 2345 475 2412 aliquo
510 2345 555 2393 in
590 2362 701 2394 casu
735 2344 939 2394 minister
969 2362 1070 2393 esse
1103 2344 1394 2400 sacramenti,
1433 2343 1544 2408 quin
1575 2359 1628 2391 se

143 2421 369 2486 sacrilegii
400 2439 522 2470 reum
555 2421 742 2478 efficiat,
780 2421 1050 2486 respondet,
1090 2420 1136 2468 id
1171 2419 1392 2468 interdum
1427 2418 1549 2474 fieri,
1586 2428 1630 2465 et

143 2498 393 2564 exemplum
428 2498 612 2547 adducit
646 2498 775 2555 laici,
815 2498 894 2562 qui
928 2498 975 2545 in
1009 2497 1274 2546 necessitate
1300 2495 1631 2543 administraret

144 2572 415 2640 baptismum
431 2613 442 2632 ,
469 2586 513 2623 et
538 2574 617 2640 qui
645 2575 690 2622 in
722 2575 821 2639 pari
846 2592 955 2624 casu
978 2574 1258 2623 contraheret
1284 2570 1558 2635 coniugium.
1580 2571 1627 2618 Si

242 2685 308 2726 (η)
330 2686 400 2719 rol.
417 2689 486 2719 ιιι.

239 2738 397 2778 (1³)1201.
424 2742 493 2774 uo.

242 2790 399 2830 (14)F01.
426 2795 495 2825 141.

242 2842 308 2882 (15)
329 2845 380 2875 De
402 2844 498 2876 Locis
522 2844 577 2876 lib.
594 2845 681 2876 vlu.
700 2852 771 2885 cap.
788 2845 859 2876 vu.
