<?xml version="1.0" encoding="UTF-8"?>
<!DOCTYPE html PUBLIC "-//W3C//DTD XHTML 1.0 Transitional//EN"
    "http://www.w3.org/TR/xhtml1/DTD/xhtml1-transitional.dtd">
<html xmlns="http://www.w3.org/1999/xhtml" xml:lang="en" lang="en">
 <head>
  <title>
</title>
<meta http-equiv="Content-Type" content="text/html;charset=utf-8" />
  <meta name='ocr-system' content='tesseract 3.04.00' />
  <meta name='ocr-capabilities' content='ocr_page ocr_carea ocr_par ocr_line ocrx_word'/>
</head>
<body>
  <div class='ocr_page' id='page_1' title='image "a603380701perruoft_0097.png"; bbox 0 0 1918 3186; ppageno 0'>
   <div class='ocr_carea' id='block_1_1' title="bbox 282 202 1620 266">
    <p class='ocr_par' dir='ltr' id='par_1_1' title="bbox 282 202 1620 266">
     <span class='ocr_line' id='line_1_1' title="bbox 282 202 1620 266; baseline -0.001 -5"><span class='ocrx_word' id='word_1_1' title='bbox 282 231 371 261; x_wconf 57' lang='lat' dir='ltr'>cir.</span> <span class='ocrx_word' id='word_1_2' title='bbox 403 231 447 260; x_wconf 89' lang='lat'>11.</span> <span class='ocrx_word' id='word_1_3' title='bbox 476 230 528 260; x_wconf 78' lang='lat' dir='ltr'>na</span> <span class='ocrx_word' id='word_1_4' title='bbox 552 228 762 260; x_wconf 75' lang='lat' dir='ltr'>umlsrno.</span> <span class='ocrx_word' id='word_1_5' title='bbox 792 228 883 258; x_wconf 58' lang='lat' dir='ltr'>aar.</span> <span class='ocrx_word' id='word_1_6' title='bbox 915 229 959 259; x_wconf 90' lang='lat'>11.</span> <span class='ocrx_word' id='word_1_7' title='bbox 990 228 1159 266; x_wconf 71' lang='lat' dir='ltr'>QuAEsr.</span> <span class='ocrx_word' id='word_1_8' title='bbox 1180 202 1457 260; x_wconf 51' lang='grc' dir='ltr'>4ιἰιοσιιυῑεευε.</span> <span class='ocrx_word' id='word_1_9' title='bbox 1564 214 1620 259; x_wconf 77' lang='grc'>75</span> 
     </span>
    </p>
   </div>
   <div class='ocr_carea' id='block_1_2' title="bbox 148 301 1628 1360">
    <p class='ocr_par' dir='ltr' id='par_1_2' title="bbox 148 301 1628 1360">
     <span class='ocr_line' id='line_1_2' title="bbox 247 301 1624 372; baseline 0.001 -18"><span class='ocrx_word' id='word_1_10' title='bbox 247 308 303 354; x_wconf 85' lang='lat' dir='ltr'>At</span> <span class='ocrx_word' id='word_1_11' title='bbox 336 324 451 354; x_wconf 87' lang='lat' dir='ltr'>nunc</span> <span class='ocrx_word' id='word_1_12' title='bbox 486 301 660 353; x_wconf 79' lang='lat' dir='ltr'>rursum</span> <span class='ocrx_word' id='word_1_13' title='bbox 695 304 814 370; x_wconf 91' lang='lat' dir='ltr'>apud</span> <span class='ocrx_word' id='word_1_14' title='bbox 850 307 1176 354; x_wconf 85' lang='lat' dir='ltr'>recentissimos</span> <span class='ocrx_word' id='word_1_15' title='bbox 1210 317 1410 355; x_wconf 79' lang='lat' dir='ltr'><strong>auctores</strong></span> <span class='ocrx_word' id='word_1_16' title='bbox 1443 323 1624 372; x_wconf 87' lang='lat' dir='ltr'>praeva-</span> 
     </span>
     <span class='ocr_line' id='line_1_3' title="bbox 152 381 1623 449; baseline 0 -19"><span class='ocrx_word' id='word_1_17' title='bbox 152 385 211 432; x_wconf 86' lang='lat' dir='ltr'>let</span> <span class='ocrx_word' id='word_1_18' title='bbox 245 383 426 448; x_wconf 83' lang='lat' dir='ltr'>antiqua</span> <span class='ocrx_word' id='word_1_19' title='bbox 459 381 676 430; x_wconf 87' lang='lat' dir='ltr'>sententia</span> <span class='ocrx_word' id='word_1_20' title='bbox 702 420 712 437; x_wconf 91' lang='lat'>,</span> <span class='ocrx_word' id='word_1_21' title='bbox 759 398 874 445; x_wconf 88' lang='lat' dir='ltr'>quae</span> <span class='ocrx_word' id='word_1_22' title='bbox 909 382 1005 428; x_wconf 88' lang='lat' dir='ltr'>sola</span> <span class='ocrx_word' id='word_1_23' title='bbox 1037 393 1099 430; x_wconf 88' lang='lat' dir='ltr'>tot</span> <span class='ocrx_word' id='word_1_24' title='bbox 1131 381 1380 431; x_wconf 89' lang='lat' dir='ltr'>seculorum</span> <span class='ocrx_word' id='word_1_25' title='bbox 1414 382 1543 449; x_wconf 85' lang='lat' dir='ltr'>lapsu</span> <span class='ocrx_word' id='word_1_26' title='bbox 1577 384 1623 430; x_wconf 91' lang='lat' dir='ltr'>in</span> 
     </span>
     <span class='ocr_line' id='line_1_4' title="bbox 152 457 1623 524; baseline -0.001 -16"><span class='ocrx_word' id='word_1_27' title='bbox 152 461 341 508; x_wconf 87' lang='lat' dir='ltr'>ecclesia</span> <span class='ocrx_word' id='word_1_28' title='bbox 355 459 510 522; x_wconf 86' lang='lat' dir='ltr'>viguit,</span> <span class='ocrx_word' id='word_1_29' title='bbox 532 457 651 522; x_wconf 92' lang='lat' dir='ltr'>quod</span> <span class='ocrx_word' id='word_1_30' title='bbox 670 457 839 504; x_wconf 89' lang='lat' dir='ltr'>scilicet</span> <span class='ocrx_word' id='word_1_31' title='bbox 862 458 939 522; x_wconf 91' lang='lat' dir='ltr'>qui</span> <span class='ocrx_word' id='word_1_32' title='bbox 963 460 1228 506; x_wconf 87' lang='lat' dir='ltr'>contrahunt</span> <span class='ocrx_word' id='word_1_33' title='bbox 1250 460 1336 524; x_wconf 86' lang='lat' dir='ltr'>ipsi</span> <span class='ocrx_word' id='word_1_34' title='bbox 1362 470 1466 506; x_wconf 88' lang='lat' dir='ltr'>sunt</span> <span class='ocrx_word' id='word_1_35' title='bbox 1488 460 1623 507; x_wconf 87' lang='lat' dir='ltr'>huius</span> 
     </span>
     <span class='ocr_line' id='line_1_5' title="bbox 152 534 1626 584; baseline -0.001 0"><span class='ocrx_word' id='word_1_36' title='bbox 152 536 415 584; x_wconf 79' lang='lat' dir='ltr'><strong>sacramenti</strong></span> <span class='ocrx_word' id='word_1_37' title='bbox 448 534 657 582; x_wconf 85' lang='lat' dir='ltr'>ministri.</span> <span class='ocrx_word' id='word_1_38' title='bbox 690 534 870 581; x_wconf 86' lang='lat' dir='ltr'>Interim</span> <span class='ocrx_word' id='word_1_39' title='bbox 903 551 957 581; x_wconf 87' lang='lat' dir='ltr'>ex</span> <span class='ocrx_word' id='word_1_40' title='bbox 990 534 1074 581; x_wconf 84' lang='lat' dir='ltr'>levi</span> <span class='ocrx_word' id='word_1_41' title='bbox 1108 535 1193 582; x_wconf 91' lang='lat' dir='ltr'>hac</span> <span class='ocrx_word' id='word_1_42' title='bbox 1227 535 1442 583; x_wconf 88' lang='lat' dir='ltr'>historica</span> <span class='ocrx_word' id='word_1_43' title='bbox 1475 536 1626 583; x_wconf 90' lang='lat' dir='ltr'>adum-</span> 
     </span>
     <span class='ocr_line' id='line_1_6' title="bbox 152 610 1620 677; baseline 0 -17"><span class='ocrx_word' id='word_1_44' title='bbox 152 613 350 660; x_wconf 85' lang='lat' dir='ltr'>bratione</span> <span class='ocrx_word' id='word_1_45' title='bbox 383 628 570 677; x_wconf 90' lang='lat' dir='ltr'>pronum</span> <span class='ocrx_word' id='word_1_46' title='bbox 606 620 673 658; x_wconf 90' lang='lat' dir='ltr'>est</span> <span class='ocrx_word' id='word_1_47' title='bbox 706 610 935 674; x_wconf 83' lang='lat' dir='ltr'>colligere,</span> <span class='ocrx_word' id='word_1_48' title='bbox 976 611 1212 658; x_wconf 83' lang='lat' dir='ltr'>nonnullos</span> <span class='ocrx_word' id='word_1_49' title='bbox 1243 622 1444 660; x_wconf 80' lang='lat' dir='ltr'>auctores</span> <span class='ocrx_word' id='word_1_50' title='bbox 1466 630 1518 660; x_wconf 88' lang='lat' dir='ltr'>ex</span> <span class='ocrx_word' id='word_1_51' title='bbox 1542 612 1620 669; x_wconf 83' lang='lat' dir='ltr'>iis,</span> 
     </span>
     <span class='ocr_line' id='line_1_7' title="bbox 149 687 1618 754; baseline 0.001 -19"><span class='ocrx_word' id='word_1_52' title='bbox 149 689 227 753; x_wconf 90' lang='lat' dir='ltr'>qui</span> <span class='ocrx_word' id='word_1_53' title='bbox 246 688 354 736; x_wconf 88' lang='lat' dir='ltr'>Cani</span> <span class='ocrx_word' id='word_1_54' title='bbox 373 687 635 735; x_wconf 86' lang='lat' dir='ltr'>sententiam</span> <span class='ocrx_word' id='word_1_55' title='bbox 660 687 849 752; x_wconf 85' lang='lat' dir='ltr'>amplexi</span> <span class='ocrx_word' id='word_1_56' title='bbox 874 697 1000 743; x_wconf 83' lang='lat' dir='ltr'>sunt,</span> <span class='ocrx_word' id='word_1_57' title='bbox 1022 687 1206 735; x_wconf 87' lang='lat' dir='ltr'>ulterius</span> <span class='ocrx_word' id='word_1_58' title='bbox 1231 706 1365 752; x_wconf 91' lang='lat' dir='ltr'>quam</span> <span class='ocrx_word' id='word_1_59' title='bbox 1390 706 1469 754; x_wconf 90' lang='lat' dir='ltr'>par</span> <span class='ocrx_word' id='word_1_60' title='bbox 1485 699 1618 744; x_wconf 85' lang='lat' dir='ltr'>esset,</span> 
     </span>
     <span class='ocr_line' id='line_1_8' title="bbox 148 762 1627 830; baseline 0.001 -18"><span class='ocrx_word' id='word_1_61' title='bbox 148 765 212 812; x_wconf 87' lang='lat' dir='ltr'>uti</span> <span class='ocrx_word' id='word_1_62' title='bbox 230 764 288 812; x_wconf 92' lang='lat' dir='ltr'>ab</span> <span class='ocrx_word' id='word_1_63' title='bbox 305 765 433 812; x_wconf 85' lang='lat' dir='ltr'>initio</span> <span class='ocrx_word' id='word_1_64' title='bbox 454 763 764 812; x_wconf 86' lang='lat' dir='ltr'>adnotavimus</span> <span class='ocrx_word' id='word_1_65' title='bbox 778 802 788 820; x_wconf 87' lang='lat'>,</span> <span class='ocrx_word' id='word_1_66' title='bbox 818 762 956 811; x_wconf 87' lang='lat' dir='ltr'>nimio</span> <span class='ocrx_word' id='word_1_67' title='bbox 974 774 1099 811; x_wconf 88' lang='lat' dir='ltr'>aestu</span> <span class='ocrx_word' id='word_1_68' title='bbox 1122 763 1343 829; x_wconf 85' lang='lat' dir='ltr'>abreptos,</span> <span class='ocrx_word' id='word_1_69' title='bbox 1366 763 1504 812; x_wconf 78' lang='lat' dir='ltr'>fuisse</span> <span class='ocrx_word' id='word_1_70' title='bbox 1525 781 1627 830; x_wconf 91' lang='lat' dir='ltr'>pro-</span> 
     </span>
     <span class='ocr_line' id='line_1_9' title="bbox 149 839 1627 905; baseline -0.001 -17"><span class='ocrx_word' id='word_1_71' title='bbox 149 858 343 905; x_wconf 87' lang='lat' dir='ltr'>gressos.</span> <span class='ocrx_word' id='word_1_72' title='bbox 366 840 547 905; x_wconf 87' lang='lat' dir='ltr'>Decepti</span> <span class='ocrx_word' id='word_1_73' title='bbox 577 840 800 905; x_wconf 88' lang='lat' dir='ltr'>siquidem</span> <span class='ocrx_word' id='word_1_74' title='bbox 831 840 1001 905; x_wconf 85' lang='lat' dir='ltr'>specie,</span> <span class='ocrx_word' id='word_1_75' title='bbox 1025 856 1159 904; x_wconf 88' lang='lat' dir='ltr'>quam</span> <span class='ocrx_word' id='word_1_76' title='bbox 1176 839 1319 904; x_wconf 87' lang='lat' dir='ltr'>prima</span> <span class='ocrx_word' id='word_1_77' title='bbox 1341 839 1484 887; x_wconf 82' lang='lat' dir='ltr'>fronte</span> <span class='ocrx_word' id='word_1_78' title='bbox 1506 839 1627 888; x_wconf 87' lang='lat' dir='ltr'>exhi-</span> 
     </span>
     <span class='ocr_line' id='line_1_10' title="bbox 149 915 1625 982; baseline -0.001 -18"><span class='ocrx_word' id='word_1_79' title='bbox 149 917 225 964; x_wconf 89' lang='lat' dir='ltr'>bet</span> <span class='ocrx_word' id='word_1_80' title='bbox 255 916 408 982; x_wconf 88' lang='lat' dir='ltr'>opinio</span> <span class='ocrx_word' id='word_1_81' title='bbox 443 915 541 972; x_wconf 90' lang='lat' dir='ltr'>illa,</span> <span class='ocrx_word' id='word_1_82' title='bbox 579 916 641 963; x_wconf 88' lang='lat' dir='ltr'>ita</span> <span class='ocrx_word' id='word_1_83' title='bbox 673 915 718 962; x_wconf 94' lang='lat' dir='ltr'>in</span> <span class='ocrx_word' id='word_1_84' title='bbox 752 916 1018 963; x_wconf 90' lang='lat' dir='ltr'>contrariam</span> <span class='ocrx_word' id='word_1_85' title='bbox 1051 915 1403 972; x_wconf 87' lang='lat' dir='ltr'>insurrexerunt,</span> <span class='ocrx_word' id='word_1_86' title='bbox 1444 925 1496 962; x_wconf 90' lang='lat' dir='ltr'>ut</span> <span class='ocrx_word' id='word_1_87' title='bbox 1528 933 1625 963; x_wconf 89' lang='lat' dir='ltr'>eam</span> 
     </span>
     <span class='ocr_line' id='line_1_11' title="bbox 149 990 1621 1057; baseline -0.001 -18"><span class='ocrx_word' id='word_1_88' title='bbox 149 1003 374 1057; x_wconf 81' lang='lat' dir='ltr'>tamquam</span> <span class='ocrx_word' id='word_1_89' title='bbox 419 991 654 1040; x_wconf 77' lang='lat' dir='ltr'>absurdam</span> <span class='ocrx_word' id='word_1_90' title='bbox 673 1029 685 1046; x_wconf 87' lang='lat'>,</span> <span class='ocrx_word' id='word_1_91' title='bbox 730 1002 955 1056; x_wconf 90' lang='lat' dir='ltr'>tamquam</span> <span class='ocrx_word' id='word_1_92' title='bbox 996 992 1113 1038; x_wconf 79' lang='lat' dir='ltr'>omni</span> <span class='ocrx_word' id='word_1_93' title='bbox 1148 992 1314 1038; x_wconf 75' lang='lat' dir='ltr'>ratione</span> <span class='ocrx_word' id='word_1_94' title='bbox 1349 990 1621 1047; x_wconf 76' lang='lat' dir='ltr'>destitutam,</span> 
     </span>
     <span class='ocr_line' id='line_1_12' title="bbox 150 1067 1628 1133; baseline 0 -18"><span class='ocrx_word' id='word_1_95' title='bbox 150 1079 377 1133; x_wconf 87' lang='lat' dir='ltr'>tamquam</span> <span class='ocrx_word' id='word_1_96' title='bbox 412 1068 662 1132; x_wconf 78' lang='lat' dir='ltr'>prodentem</span> <span class='ocrx_word' id='word_1_97' title='bbox 696 1068 952 1115; x_wconf 76' lang='lat' dir='ltr'>catholicum</span> <span class='ocrx_word' id='word_1_98' title='bbox 989 1067 1143 1131; x_wconf 78' lang='lat' dir='ltr'>doqma</span> <span class='ocrx_word' id='word_1_99' title='bbox 1175 1067 1232 1114; x_wconf 90' lang='lat' dir='ltr'>de</span> <span class='ocrx_word' id='word_1_100' title='bbox 1263 1067 1446 1114; x_wconf 88' lang='lat' dir='ltr'>veritate</span> <span class='ocrx_word' id='word_1_101' title='bbox 1479 1084 1628 1115; x_wconf 85' lang='lat' dir='ltr'>sacra-</span> 
     </span>
     <span class='ocr_line' id='line_1_13' title="bbox 150 1142 1626 1209; baseline -0.002 -17"><span class='ocrx_word' id='word_1_102' title='bbox 150 1145 287 1192; x_wconf 89' lang='lat' dir='ltr'>menti</span> <span class='ocrx_word' id='word_1_103' title='bbox 322 1144 615 1200; x_wconf 76' lang='lat' dir='ltr'>matrimonii,</span> <span class='ocrx_word' id='word_1_104' title='bbox 644 1154 868 1209; x_wconf 85' lang='lat' dir='ltr'>tamquam</span> <span class='ocrx_word' id='word_1_105' title='bbox 892 1143 1086 1208; x_wconf 90' lang='lat' dir='ltr'>denique</span> <span class='ocrx_word' id='word_1_106' title='bbox 1107 1161 1192 1191; x_wconf 78' lang='lat' dir='ltr'>non</span> <span class='ocrx_word' id='word_1_107' title='bbox 1214 1142 1436 1207; x_wconf 82' lang='lat' dir='ltr'>ferendam</span> <span class='ocrx_word' id='word_1_108' title='bbox 1458 1144 1626 1190; x_wconf 78' lang='lat' dir='ltr'>omnino</span> 
     </span>
     <span class='ocr_line' id='line_1_14' title="bbox 150 1219 1623 1284; baseline -0.002 -16"><span class='ocrx_word' id='word_1_109' title='bbox 150 1220 436 1268; x_wconf 79' lang='lat' dir='ltr'>traduxerint.</span> <span class='ocrx_word' id='word_1_110' title='bbox 471 1219 600 1276; x_wconf 87' lang='lat' dir='ltr'>Quod</span> <span class='ocrx_word' id='word_1_111' title='bbox 633 1237 767 1284; x_wconf 87' lang='lat' dir='ltr'>quam</span> <span class='ocrx_word' id='word_1_112' title='bbox 802 1230 964 1267; x_wconf 87' lang='lat' dir='ltr'>temere</span> <span class='ocrx_word' id='word_1_113' title='bbox 1007 1219 1191 1267; x_wconf 83' lang='lat' dir='ltr'>fecerint</span> <span class='ocrx_word' id='word_1_114' title='bbox 1223 1236 1277 1266; x_wconf 87' lang='lat' dir='ltr'>ex</span> <span class='ocrx_word' id='word_1_115' title='bbox 1310 1219 1391 1275; x_wconf 87' lang='lat' dir='ltr'>iis,</span> <span class='ocrx_word' id='word_1_116' title='bbox 1429 1236 1544 1283; x_wconf 88' lang='lat' dir='ltr'>quae</span> <span class='ocrx_word' id='word_1_117' title='bbox 1577 1219 1623 1265; x_wconf 89' lang='lat' dir='ltr'>in</span> 
     </span>
     <span class='ocr_line' id='line_1_15' title="bbox 150 1295 1622 1360; baseline -0.001 -17"><span class='ocrx_word' id='word_1_118' title='bbox 150 1297 284 1345; x_wconf 88' lang='lat' dir='ltr'>huius</span> <span class='ocrx_word' id='word_1_119' title='bbox 326 1297 599 1345; x_wconf 85' lang='lat' dir='ltr'>tractationis</span> <span class='ocrx_word' id='word_1_120' title='bbox 633 1297 823 1345; x_wconf 87' lang='lat' dir='ltr'>decursu</span> <span class='ocrx_word' id='word_1_121' title='bbox 857 1296 1017 1344; x_wconf 89' lang='lat' dir='ltr'>dicturi</span> <span class='ocrx_word' id='word_1_122' title='bbox 1051 1314 1208 1344; x_wconf 82' lang='lat' dir='ltr'>sumus</span> <span class='ocrx_word' id='word_1_123' title='bbox 1225 1335 1237 1351; x_wconf 84' lang='lat'><strong>‚</strong></span> <span class='ocrx_word' id='word_1_124' title='bbox 1275 1295 1405 1344; x_wconf 79' lang='lat' dir='ltr'>facile</span> <span class='ocrx_word' id='word_1_125' title='bbox 1439 1295 1622 1360; x_wconf 83' lang='lat' dir='ltr'>patebit.</span> 
     </span>
    </p>
   </div>
   <div class='ocr_carea' id='block_1_3' title="bbox 702 1450 1069 1486">
    <p class='ocr_par' dir='ltr' id='par_1_3' title="bbox 702 1450 1069 1486">
     <span class='ocr_line' id='line_1_16' title="bbox 702 1450 1069 1486; baseline -0.005 0"><span class='ocrx_word' id='word_1_126' title='bbox 702 1450 975 1486; x_wconf 81' lang='lat' dir='ltr'><strong>ARTICULUS</strong></span> <span class='ocrx_word' id='word_1_127' title='bbox 1004 1450 1069 1485; x_wconf 79' lang='lat'>111.</span> 
     </span>
    </p>
   </div>
   <div class='ocr_carea' id='block_1_4' title="bbox 432 1539 1353 1631">
    <p class='ocr_par' dir='ltr' id='par_1_4' title="bbox 432 1539 1353 1631">
     <span class='ocr_line' id='line_1_17' title="bbox 432 1539 1353 1578; baseline -0.001 0"><span class='ocrx_word' id='word_1_128' title='bbox 432 1539 641 1578; x_wconf 76' lang='lat' dir='ltr'>Corollaria</span> <span class='ocrx_word' id='word_1_129' title='bbox 667 1550 715 1577; x_wconf 88' lang='lat' dir='ltr'>ex</span> <span class='ocrx_word' id='word_1_130' title='bbox 742 1549 846 1577; x_wconf 84' lang='lat' dir='ltr'>nova</span> <span class='ocrx_word' id='word_1_131' title='bbox 870 1541 1056 1578; x_wconf 79' lang='lat' dir='ltr'>sententia</span> <span class='ocrx_word' id='word_1_132' title='bbox 1084 1539 1131 1576; x_wconf 89' lang='lat' dir='ltr'>de</span> <span class='ocrx_word' id='word_1_133' title='bbox 1157 1539 1353 1578; x_wconf 78' lang='lat' dir='ltr'>sacerdote</span> 
     </span>
     <span class='ocr_line' id='line_1_18' title="bbox 563 1592 1223 1631; baseline -0.002 -1"><span class='ocrx_word' id='word_1_134' title='bbox 563 1592 761 1630; x_wconf 86' lang='lat' dir='ltr'>christiani</span> <span class='ocrx_word' id='word_1_135' title='bbox 779 1594 1016 1631; x_wconf 82' lang='lat' dir='ltr'>matrimonii</span> <span class='ocrx_word' id='word_1_136' title='bbox 1034 1593 1223 1630; x_wconf 84' lang='lat' dir='ltr'>ministro.</span> 
     </span>
    </p>
   </div>
   <div class='ocr_carea' id='block_1_5' title="bbox 153 1676 1631 2877">
    <p class='ocr_par' dir='ltr' id='par_1_5' title="bbox 153 1676 1631 2652">
     <span class='ocr_line' id='line_1_19' title="bbox 247 1676 1628 1743; baseline 0.002 -22"><span class='ocrx_word' id='word_1_137' title='bbox 247 1676 324 1723; x_wconf 83' lang='lat' dir='ltr'>Vix</span> <span class='ocrx_word' id='word_1_138' title='bbox 357 1676 445 1723; x_wconf 91' lang='lat' dir='ltr'>dici</span> <span class='ocrx_word' id='word_1_139' title='bbox 480 1687 623 1742; x_wconf 89' lang='lat' dir='ltr'>potest</span> <span class='ocrx_word' id='word_1_140' title='bbox 656 1687 762 1742; x_wconf 87' lang='lat' dir='ltr'>quot</span> <span class='ocrx_word' id='word_1_141' title='bbox 798 1687 1053 1742; x_wconf 90' lang='lat' dir='ltr'>quantaque</span> <span class='ocrx_word' id='word_1_142' title='bbox 1078 1694 1130 1724; x_wconf 82' lang='lat' dir='ltr'>ex</span> <span class='ocrx_word' id='word_1_143' title='bbox 1155 1676 1264 1724; x_wconf 90' lang='lat' dir='ltr'>Cani</span> <span class='ocrx_word' id='word_1_144' title='bbox 1290 1678 1507 1725; x_wconf 90' lang='lat' dir='ltr'>sententia</span> <span class='ocrx_word' id='word_1_145' title='bbox 1530 1695 1628 1743; x_wconf 88' lang='lat' dir='ltr'>per—</span> 
     </span>
     <span class='ocr_line' id='line_1_20' title="bbox 154 1752 1626 1802; baseline 0.003 -5"><span class='ocrx_word' id='word_1_146' title='bbox 154 1752 452 1801; x_wconf 83' lang='lat' dir='ltr'>niciosissima</span> <span class='ocrx_word' id='word_1_147' title='bbox 469 1755 743 1802; x_wconf 86' lang='lat' dir='ltr'>consectaria</span> <span class='ocrx_word' id='word_1_148' title='bbox 759 1753 950 1802; x_wconf 82' lang='lat' dir='ltr'>deducta</span> <span class='ocrx_word' id='word_1_149' title='bbox 968 1754 1056 1801; x_wconf 88' lang='lat' dir='ltr'>sint</span> <span class='ocrx_word' id='word_1_150' title='bbox 1074 1753 1131 1801; x_wconf 90' lang='lat' dir='ltr'>ad</span> <span class='ocrx_word' id='word_1_151' title='bbox 1149 1754 1449 1801; x_wconf 87' lang='lat' dir='ltr'>temerandam</span> <span class='ocrx_word' id='word_1_152' title='bbox 1474 1771 1626 1801; x_wconf 89' lang='lat' dir='ltr'>sanam</span> 
     </span>
     <span class='ocr_line' id='line_1_21' title="bbox 153 1827 1628 1878; baseline 0.002 -5"><span class='ocrx_word' id='word_1_153' title='bbox 153 1827 209 1874; x_wconf 90' lang='lat' dir='ltr'>de</span> <span class='ocrx_word' id='word_1_154' title='bbox 241 1829 507 1877; x_wconf 88' lang='lat' dir='ltr'>matrimonii</span> <span class='ocrx_word' id='word_1_155' title='bbox 543 1829 774 1878; x_wconf 89' lang='lat' dir='ltr'>christiani</span> <span class='ocrx_word' id='word_1_156' title='bbox 810 1829 1070 1878; x_wconf 88' lang='lat' dir='ltr'>doctrinam.</span> <span class='ocrx_word' id='word_1_157' title='bbox 1107 1829 1263 1876; x_wconf 89' lang='lat' dir='ltr'>Procul</span> <span class='ocrx_word' id='word_1_158' title='bbox 1296 1829 1433 1876; x_wconf 89' lang='lat' dir='ltr'>dubio</span> <span class='ocrx_word' id='word_1_159' title='bbox 1473 1829 1628 1876; x_wconf 83' lang='lat' dir='ltr'>claris-</span> 
     </span>
     <span class='ocr_line' id='line_1_22' title="bbox 156 1902 1628 1969; baseline 0.003 -21"><span class='ocrx_word' id='word_1_160' title='bbox 156 1902 296 1952; x_wconf 87' lang='lat' dir='ltr'>simus</span> <span class='ocrx_word' id='word_1_161' title='bbox 330 1915 480 1952; x_wconf 86' lang='lat' dir='ltr'>auctor</span> <span class='ocrx_word' id='word_1_162' title='bbox 513 1905 771 1953; x_wconf 90' lang='lat' dir='ltr'>huiusmodi</span> <span class='ocrx_word' id='word_1_163' title='bbox 806 1905 1078 1954; x_wconf 87' lang='lat' dir='ltr'>consectaria</span> <span class='ocrx_word' id='word_1_164' title='bbox 1104 1922 1191 1952; x_wconf 92' lang='lat' dir='ltr'>non</span> <span class='ocrx_word' id='word_1_165' title='bbox 1220 1904 1459 1969; x_wconf 86' lang='lat' dir='ltr'>praevidit,</span> <span class='ocrx_word' id='word_1_166' title='bbox 1490 1904 1628 1952; x_wconf 90' lang='lat' dir='ltr'>multo</span> 
     </span>
     <span class='ocr_line' id='line_1_23' title="bbox 156 1980 1630 2046; baseline 0.002 -22"><span class='ocrx_word' id='word_1_167' title='bbox 156 1994 262 2026; x_wconf 90' lang='lat' dir='ltr'>vero</span> <span class='ocrx_word' id='word_1_168' title='bbox 293 1980 440 2028; x_wconf 83' lang='lat' dir='ltr'>minus</span> <span class='ocrx_word' id='word_1_169' title='bbox 474 1982 687 2038; x_wconf 87' lang='lat' dir='ltr'>intendit,</span> <span class='ocrx_word' id='word_1_170' title='bbox 727 1982 833 2029; x_wconf 91' lang='lat' dir='ltr'>dum</span> <span class='ocrx_word' id='word_1_171' title='bbox 869 1998 1027 2030; x_wconf 79' lang='lat' dir='ltr'>novam</span> <span class='ocrx_word' id='word_1_172' title='bbox 1061 1981 1176 2028; x_wconf 88' lang='lat' dir='ltr'>hanc</span> <span class='ocrx_word' id='word_1_173' title='bbox 1202 1981 1428 2046; x_wconf 82' lang='lat' dir='ltr'>professus</span> <span class='ocrx_word' id='word_1_174' title='bbox 1451 1990 1519 2028; x_wconf 88' lang='lat' dir='ltr'>est</span> <span class='ocrx_word' id='word_1_175' title='bbox 1540 1981 1630 2046; x_wconf 87' lang='lat' dir='ltr'>opi-</span> 
     </span>
     <span class='ocr_line' id='line_1_24' title="bbox 155 2053 1630 2119; baseline 0.003 -21"><span class='ocrx_word' id='word_1_176' title='bbox 155 2053 354 2109; x_wconf 90' lang='lat' dir='ltr'>nionem;</span> <span class='ocrx_word' id='word_1_177' title='bbox 394 2056 593 2119; x_wconf 90' lang='lat' dir='ltr'>quinimo</span> <span class='ocrx_word' id='word_1_178' title='bbox 628 2068 780 2105; x_wconf 88' lang='lat' dir='ltr'>contra</span> <span class='ocrx_word' id='word_1_179' title='bbox 813 2058 910 2105; x_wconf 85' lang='lat' dir='ltr'>eius</span> <span class='ocrx_word' id='word_1_180' title='bbox 945 2057 1230 2104; x_wconf 88' lang='lat' dir='ltr'>intentionem</span> <span class='ocrx_word' id='word_1_181' title='bbox 1266 2073 1317 2102; x_wconf 88' lang='lat' dir='ltr'>ac</span> <span class='ocrx_word' id='word_1_182' title='bbox 1350 2065 1540 2102; x_wconf 87' lang='lat' dir='ltr'>mentem</span> <span class='ocrx_word' id='word_1_183' title='bbox 1575 2055 1630 2102; x_wconf 88' lang='lat' dir='ltr'>il-</span> 
     </span>
     <span class='ocr_line' id='line_1_25' title="bbox 155 2129 1629 2196; baseline 0.001 -21"><span class='ocrx_word' id='word_1_184' title='bbox 155 2129 243 2175; x_wconf 87' lang='lat' dir='ltr'>lata</span> <span class='ocrx_word' id='word_1_185' title='bbox 278 2129 417 2177; x_wconf 88' lang='lat' dir='ltr'>fuisse</span> <span class='ocrx_word' id='word_1_186' title='bbox 451 2130 640 2178; x_wconf 91' lang='lat' dir='ltr'>dicenda</span> <span class='ocrx_word' id='word_1_187' title='bbox 674 2143 791 2178; x_wconf 87' lang='lat' dir='ltr'>sunt.</span> <span class='ocrx_word' id='word_1_188' title='bbox 815 2133 900 2179; x_wconf 91' lang='lat' dir='ltr'>Sed</span> <span class='ocrx_word' id='word_1_189' title='bbox 926 2149 978 2179; x_wconf 90' lang='lat' dir='ltr'>ea</span> <span class='ocrx_word' id='word_1_190' title='bbox 1006 2142 1073 2179; x_wconf 88' lang='lat' dir='ltr'>est</span> <span class='ocrx_word' id='word_1_191' title='bbox 1107 2131 1421 2196; x_wconf 88' lang='lat' dir='ltr'>principiorum</span> <span class='ocrx_word' id='word_1_192' title='bbox 1456 2130 1629 2178; x_wconf 89' lang='lat' dir='ltr'>theore-</span> 
     </span>
     <span class='ocr_line' id='line_1_26' title="bbox 155 2205 1631 2272; baseline 0.002 -21"><span class='ocrx_word' id='word_1_193' title='bbox 155 2205 339 2252; x_wconf 88' lang='lat' dir='ltr'>ticorum</span> <span class='ocrx_word' id='word_1_194' title='bbox 376 2217 554 2262; x_wconf 86' lang='lat' dir='ltr'>natura,</span> <span class='ocrx_word' id='word_1_195' title='bbox 594 2218 642 2253; x_wconf 90' lang='lat' dir='ltr'>ut</span> <span class='ocrx_word' id='word_1_196' title='bbox 674 2224 775 2253; x_wconf 91' lang='lat' dir='ltr'>cum</span> <span class='ocrx_word' id='word_1_197' title='bbox 810 2208 1027 2255; x_wconf 86' lang='lat' dir='ltr'>faecunda</span> <span class='ocrx_word' id='word_1_198' title='bbox 1062 2217 1187 2263; x_wconf 92' lang='lat' dir='ltr'>sunt,</span> <span class='ocrx_word' id='word_1_199' title='bbox 1226 2206 1437 2272; x_wconf 89' lang='lat' dir='ltr'>paulatim</span> <span class='ocrx_word' id='word_1_200' title='bbox 1470 2223 1522 2254; x_wconf 86' lang='lat' dir='ltr'>ac</span> <span class='ocrx_word' id='word_1_201' title='bbox 1556 2223 1631 2271; x_wconf 92' lang='lat' dir='ltr'>pe-</span> 
     </span>
     <span class='ocr_line' id='line_1_27' title="bbox 153 2281 1630 2348; baseline 0.001 -21"><span class='ocrx_word' id='word_1_202' title='bbox 153 2281 363 2328; x_wconf 89' lang='lat' dir='ltr'>detentim</span> <span class='ocrx_word' id='word_1_203' title='bbox 397 2282 655 2330; x_wconf 87' lang='lat' dir='ltr'>evolvantur</span> <span class='ocrx_word' id='word_1_204' title='bbox 676 2300 780 2339; x_wconf 90' lang='lat' dir='ltr'>eae,</span> <span class='ocrx_word' id='word_1_205' title='bbox 819 2299 931 2348; x_wconf 88' lang='lat' dir='ltr'>quas</span> <span class='ocrx_word' id='word_1_206' title='bbox 965 2283 1011 2329; x_wconf 92' lang='lat' dir='ltr'>in</span> <span class='ocrx_word' id='word_1_207' title='bbox 1045 2300 1094 2330; x_wconf 92' lang='lat' dir='ltr'>se</span> <span class='ocrx_word' id='word_1_208' title='bbox 1127 2282 1373 2339; x_wconf 87' lang='lat' dir='ltr'>continent,</span> <span class='ocrx_word' id='word_1_209' title='bbox 1411 2281 1630 2347; x_wconf 88' lang='lat' dir='ltr'>practicae</span> 
     </span>
     <span class='ocr_line' id='line_1_28' title="bbox 154 2357 1625 2424; baseline 0 -20"><span class='ocrx_word' id='word_1_210' title='bbox 154 2357 459 2406; x_wconf 87' lang='lat' dir='ltr'>deductiones.</span> <span class='ocrx_word' id='word_1_211' title='bbox 486 2358 612 2414; x_wconf 89' lang='lat' dir='ltr'>Quod</span> <span class='ocrx_word' id='word_1_212' title='bbox 648 2375 748 2405; x_wconf 91' lang='lat' dir='ltr'>cum</span> <span class='ocrx_word' id='word_1_213' title='bbox 782 2358 1015 2424; x_wconf 91' lang='lat' dir='ltr'>multiplici</span> <span class='ocrx_word' id='word_1_214' title='bbox 1052 2358 1225 2406; x_wconf 89' lang='lat' dir='ltr'>ostendi</span> <span class='ocrx_word' id='word_1_215' title='bbox 1259 2358 1426 2406; x_wconf 90' lang='lat' dir='ltr'>ratione</span> <span class='ocrx_word' id='word_1_216' title='bbox 1458 2357 1625 2423; x_wconf 84' lang='lat' dir='ltr'>possit,</span> 
     </span>
     <span class='ocr_line' id='line_1_29' title="bbox 155 2434 1624 2500; baseline 0 -20"><span class='ocrx_word' id='word_1_217' title='bbox 155 2450 210 2480; x_wconf 89' lang='lat' dir='ltr'>ne</span> <span class='ocrx_word' id='word_1_218' title='bbox 231 2444 353 2481; x_wconf 87' lang='lat' dir='ltr'>extra</span> <span class='ocrx_word' id='word_1_219' title='bbox 386 2445 691 2497; x_wconf 83' lang='lat' dir='ltr'>argumentum</span> <span class='ocrx_word' id='word_1_220' title='bbox 707 2473 717 2491; x_wconf 92' lang='lat'>‚</span> <span class='ocrx_word' id='word_1_221' title='bbox 756 2435 876 2500; x_wconf 89' lang='lat' dir='ltr'>quod</span> <span class='ocrx_word' id='word_1_222' title='bbox 910 2452 1163 2491; x_wconf 87' lang='lat' dir='ltr'>versamus,</span> <span class='ocrx_word' id='word_1_223' title='bbox 1196 2434 1359 2482; x_wconf 84' lang='lat' dir='ltr'>frustra</span> <span class='ocrx_word' id='word_1_224' title='bbox 1390 2451 1624 2497; x_wconf 80' lang='lat' dir='ltr'>vagemur,</span> 
     </span>
     <span class='ocr_line' id='line_1_30' title="bbox 154 2509 1626 2576; baseline -0.001 -20"><span class='ocrx_word' id='word_1_225' title='bbox 154 2526 206 2556; x_wconf 90' lang='lat' dir='ltr'>ca</span> <span class='ocrx_word' id='word_1_226' title='bbox 233 2510 402 2575; x_wconf 87' lang='lat' dir='ltr'>potiora</span> <span class='ocrx_word' id='word_1_227' title='bbox 425 2511 698 2558; x_wconf 88' lang='lat' dir='ltr'>consectaria</span> <span class='ocrx_word' id='word_1_228' title='bbox 722 2511 1040 2576; x_wconf 87' lang='lat' dir='ltr'>perstringam,</span> <span class='ocrx_word' id='word_1_229' title='bbox 1063 2528 1178 2576; x_wconf 90' lang='lat' dir='ltr'>quae</span> <span class='ocrx_word' id='word_1_230' title='bbox 1196 2527 1222 2557; x_wconf 92' lang='lat' dir='ltr'>a</span> <span class='ocrx_word' id='word_1_231' title='bbox 1241 2527 1329 2557; x_wconf 92' lang='lat' dir='ltr'>non</span> <span class='ocrx_word' id='word_1_232' title='bbox 1347 2509 1501 2575; x_wconf 89' lang='lat' dir='ltr'>paucis</span> <span class='ocrx_word' id='word_1_233' title='bbox 1520 2509 1626 2556; x_wconf 90' lang='lat' dir='ltr'>Cani</span> 
     </span>
     <span class='ocr_line' id='line_1_31' title="bbox 156 2585 1342 2652; baseline 0 -21"><span class='ocrx_word' id='word_1_234' title='bbox 156 2585 444 2634; x_wconf 87' lang='lat' dir='ltr'>sectatoribus</span> <span class='ocrx_word' id='word_1_235' title='bbox 479 2603 531 2633; x_wconf 86' lang='lat' dir='ltr'>ex</span> <span class='ocrx_word' id='word_1_236' title='bbox 568 2596 728 2634; x_wconf 86' lang='lat' dir='ltr'>statuto</span> <span class='ocrx_word' id='word_1_237' title='bbox 762 2586 981 2652; x_wconf 89' lang='lat' dir='ltr'>principio</span> <span class='ocrx_word' id='word_1_238' title='bbox 1016 2585 1190 2634; x_wconf 88' lang='lat' dir='ltr'>evoluta</span> <span class='ocrx_word' id='word_1_239' title='bbox 1224 2595 1342 2633; x_wconf 88' lang='lat' dir='ltr'>sunt.</span> 
     </span>
    </p>

    <p class='ocr_par' dir='ltr' id='par_1_6' title="bbox 157 2660 1630 2877">
     <span class='ocr_line' id='line_1_32' title="bbox 251 2660 1628 2727; baseline -0.001 -20"><span class='ocrx_word' id='word_1_240' title='bbox 251 2660 312 2707; x_wconf 86' lang='lat' dir='ltr'>Ac</span> <span class='ocrx_word' id='word_1_241' title='bbox 338 2663 496 2725; x_wconf 78' lang='lat' dir='ltr'>primo.</span> <span class='ocrx_word' id='word_1_242' title='bbox 536 2661 601 2707; x_wconf 82' lang='lat' dir='ltr'>Ex</span> <span class='ocrx_word' id='word_1_243' title='bbox 634 2662 877 2718; x_wconf 87' lang='lat' dir='ltr'>sententia,</span> <span class='ocrx_word' id='word_1_244' title='bbox 917 2662 1035 2727; x_wconf 91' lang='lat' dir='ltr'>quod</span> <span class='ocrx_word' id='word_1_245' title='bbox 1071 2660 1276 2708; x_wconf 86' lang='lat' dir='ltr'>sacerdos</span> <span class='ocrx_word' id='word_1_246' title='bbox 1310 2660 1369 2708; x_wconf 89' lang='lat' dir='ltr'>sit</span> <span class='ocrx_word' id='word_1_247' title='bbox 1400 2660 1628 2708; x_wconf 86' lang='lat' dir='ltr'>christiani</span> 
     </span>
     <span class='ocr_line' id='line_1_33' title="bbox 157 2736 1630 2803; baseline 0.002 -21"><span class='ocrx_word' id='word_1_248' title='bbox 157 2736 348 2800; x_wconf 85' lang='lat' dir='ltr'>coniugii</span> <span class='ocrx_word' id='word_1_249' title='bbox 384 2738 613 2795; x_wconf 89' lang='lat' dir='ltr'>minister,</span> <span class='ocrx_word' id='word_1_250' title='bbox 653 2756 703 2786; x_wconf 90' lang='lat' dir='ltr'>ac</span> <span class='ocrx_word' id='word_1_251' title='bbox 738 2739 922 2803; x_wconf 91' lang='lat' dir='ltr'>proinde</span> <span class='ocrx_word' id='word_1_252' title='bbox 956 2738 1073 2802; x_wconf 93' lang='lat' dir='ltr'>quod</span> <span class='ocrx_word' id='word_1_253' title='bbox 1108 2737 1259 2795; x_wconf 90' lang='lat' dir='ltr'>verba,</span> <span class='ocrx_word' id='word_1_254' title='bbox 1293 2754 1409 2803; x_wconf 90' lang='lat' dir='ltr'>quae</span> <span class='ocrx_word' id='word_1_255' title='bbox 1442 2737 1499 2785; x_wconf 92' lang='lat' dir='ltr'>ab</span> <span class='ocrx_word' id='word_1_256' title='bbox 1532 2737 1630 2803; x_wconf 91' lang='lat' dir='ltr'>ipso</span> 
     </span>
     <span class='ocr_line' id='line_1_34' title="bbox 157 2812 1624 2877; baseline 0.003 -22"><span class='ocrx_word' id='word_1_257' title='bbox 157 2812 201 2856; x_wconf 85' lang='lat' dir='ltr'>in</span> <span class='ocrx_word' id='word_1_258' title='bbox 238 2812 472 2874; x_wconf 83' lang='lat' dir='ltr'>iungendis</span> <span class='ocrx_word' id='word_1_259' title='bbox 507 2814 674 2877; x_wconf 87' lang='lat' dir='ltr'>nuptiis</span> <span class='ocrx_word' id='word_1_260' title='bbox 716 2815 1008 2877; x_wconf 78' lang='lat' dir='ltr'>proferuntur,</span> <span class='ocrx_word' id='word_1_261' title='bbox 1050 2814 1138 2860; x_wconf 89' lang='lat' dir='ltr'>sint</span> <span class='ocrx_word' id='word_1_262' title='bbox 1172 2814 1311 2862; x_wconf 83' lang='lat' dir='ltr'>forma</span> <span class='ocrx_word' id='word_1_263' title='bbox 1340 2814 1624 2871; x_wconf 82' lang='lat' dir='ltr'>sacramenti,</span> 
     </span>
    </p>
   </div>
  </div>
 </body>
</html>
