1918 3186
350 201 437 247 126
618 216 696 247 Lm.
727 216 756 246 1.
786 215 897 246 SECT.
921 215 1031 247 1.-1)13
1064 217 1234 249 mnam.
1265 217 1543 251 SAanMEN‘ro.

347 302 494 356 utpote
515 308 619 338 vera
643 283 854 354 religione
881 291 1081 345 destituti
1107 311 1192 340 non
1217 305 1417 357 poterant
1439 296 1483 340 in
1508 295 1711 358 coniugio
1733 315 1804 345 ce-

346 367 553 413 lebrando
585 366 807 412 intendere
840 367 927 414 nisi
962 379 1231 415 contractum
1266 369 1506 416 naturalem
1531 387 1581 417 ac
1604 371 1797 428 civilem,

347 460 477 506 quem
494 454 537 489 et
554 442 855 505 exprimebant
876 443 1022 490 verbis
1046 444 1343 492 contrahendo
1368 445 1561 502 idoneis3
1590 446 1663 493 isti
1682 463 1798 503 vero,

346 517 427 563 etsi
463 517 619 564 iisdem
653 527 832 564 utantur
854 518 1015 574 verbis,
1045 519 1310 566 contrahunt
1332 530 1475 567 tamen
1501 521 1634 569 modo
1654 539 1803 586 super-

345 592 556 649 naturali,
580 593 673 662 vimo
696 603 739 640 et
763 594 1065 641 sacramentali
1104 605 1253 658 utpote
1286 595 1421 643 evecti
1455 606 1498 643 et
1531 597 1720 661 cooptati
1755 598 1799 643 in

345 667 507 715 Christi
542 668 788 724 ecclesiam,
818 670 862 714 in
886 687 974 733 qua
1008 670 1153 733 ipsius
1186 671 1421 718 Salvatoris
1454 672 1675 719 voluntate
1698 689 1803 720 con-

345 753 510 790 tractus
544 744 660 790 idem
695 755 1015 791 sacramentum
1050 745 1275 793 constituit
1295 757 1338 794 et
1362 747 1494 794 habet
1516 747 1802 811 significatio-

345 835 444 865 nem
479 818 714 882 practicam
748 819 924 866 unionis
959 818 1121 866 Christi
1151 836 1250 866 cum
1273 820 1481 878 ecclesia,
1508 833 1558 869 ut
1580 823 1709 870 toties
1733 824 1802 869 in-

345 894 629 942 culcavimus.
655 895 792 959 quue
820 894 928 941 adeo
962 894 1089 941 facile
1122 906 1189 942 est
1221 895 1381 960 cuique
1414 897 1626 953 suadere,
1654 907 1726 954 ut,
1754 915 1802 944 re

344 970 456 1018 bene
488 980 720 1034 perspecta
742 1008 752 1026 ,
791 970 969 1017 difficile
1002 971 1181 1018 omnino
1215 971 1273 1018 sit
1305 988 1391 1019 non
1425 973 1699 1036 persuaderi.

439 1046 565 1102 Quod
601 1047 639 1094 si
674 1046 879 1093 haeretici
912 1062 966 1093 ea
999 1057 1406 1109 argumentaremur
1438 1048 1626 1104 ratione,
1666 1066 1799 1114 quam

343 1122 520 1185 exponit
551 1121 698 1169 Canus
717 1160 726 1178 ,
756 1122 944 1169 fidenter
977 1132 1110 1185 atque
1142 1122 1340 1169 animose
1373 1123 1574 1171 catholici
1610 1123 1799 1187 theologi

341 1197 626 1245 defenderent
649 1197 752 1244 fidei
776 1197 861 1245 hoc
883 1197 1066 1261 dogma,
1093 1197 1318 1245 veritatem
1348 1198 1516 1246 scilicet
1539 1201 1799 1247 sacramenti

344 1272 638 1329 matrimonii,
683 1273 791 1337 quin
826 1272 870 1318 in
905 1272 1154 1319 subsidium
1197 1271 1460 1320 advocarent
1504 1291 1661 1321 novam
1702 1275 1799 1322 eius

341 1349 607 1396 sententiam
631 1386 640 1405 ,
679 1348 1047 1414 quemadmodum
1073 1348 1166 1395 sive
1189 1358 1289 1395 ante
1312 1349 1406 1395 sive
1429 1360 1529 1412 post
1551 1349 1700 1413 ipsum
1723 1349 1800 1397 de-

343 1423 579 1472 fenderunt
601 1434 664 1472 tot
687 1441 840 1487 graves
874 1423 1063 1487 theologi
1098 1424 1258 1471 avitam
1291 1423 1536 1471 doctrinam
1571 1425 1731 1482 secuti,
1759 1436 1801 1472 et

342 1500 605 1565 cuicumque
645 1500 842 1564 poscenti
877 1509 1193 1547 consentaneas
1229 1516 1412 1556 causas,
1450 1501 1661 1548 rationem
1701 1501 1801 1549 red-

342 1575 549 1623 diderunt
581 1576 636 1623 de
678 1592 752 1632 ea,
803 1593 917 1640 quae
961 1575 1003 1621 in
1050 1575 1236 1623 eeclesia
1278 1585 1346 1622 est
1388 1575 1539 1632 firma,
1589 1587 1800 1640 perpetua

343 1662 640 1716 constansque
662 1651 876 1699 doctrina.
906 1652 1041 1697 Immo
1074 1667 1177 1698 vero
1210 1650 1325 1697 addo
1359 1650 1487 1713 longe
1521 1651 1702 1699 firmiori
1726 1669 1799 1700 so-

342 1725 577 1791 lidiorique
601 1726 770 1773 ratione
794 1726 839 1772 id
862 1743 938 1773 eos
962 1725 1237 1790 praestitisse
1259 1735 1392 1789 atque
1415 1735 1642 1789 praestare
1664 1724 1797 1790 quam

343 1801 470 1859 illos,
499 1803 576 1867 qui
612 1802 779 1850 fucatas
815 1818 1041 1866 novasque
1074 1801 1304 1865 opiniones
1339 1802 1493 1848 sectari
1529 1801 1792 1849 maluerunt.

340 1878 394 1924 Et
426 1878 537 1925 haec
569 1878 625 1925 de
658 1878 925 1941 argumentis
959 1877 1081 1924 Cani.

435 1953 650 2002 Solidiora
674 1971 803 2018 porro
835 1970 923 2002 non
958 1963 1063 2000 sunt
1094 1963 1365 2016 argumenta,
1396 1970 1510 2018 quae
1534 1953 1796 2001 recentiores

341 2029 533 2093 theologi
567 2029 799 2077 adtexuere
832 2029 888 2077 ad
922 2028 1041 2076 illius
1077 2029 1339 2076 sententiam
1375 2028 1656 2076 fulciendam.

435 2106 497 2152 Ac
531 2107 575 2151 1.
608 2105 719 2152 nihil
751 2115 868 2153 vetat
899 2105 1136 2170 quominus
1182 2104 1387 2167 coniugia
1427 2104 1563 2151 mixta
1596 2104 1797 2151 dicantur

342 2191 633 2237 sacramenta,
655 2181 893 2229 dummodo
916 2182 972 2228 ad
997 2190 1319 2228 sacramentum
1345 2179 1697 2227 constituendum
1722 2197 1794 2226 ne-

340 2257 532 2304 cessaria
564 2267 850 2311 concurrant3
889 2257 936 2302 in
970 2273 1077 2303 casu
1110 2265 1255 2302 autem
1290 2265 1437 2302 nostro
1467 2263 1572 2300 sunt
1594 2270 1646 2299 ea
1669 2253 1789 2317 ipsa,

341 2350 455 2397 quae
488 2342 758 2380 contractum
793 2332 1051 2396 perficiunt,
1092 2330 1261 2378 scilicet
1293 2345 1536 2378 consensus
1561 2346 1639 2392 per
1661 2328 1794 2376 verba

340 2410 395 2456 de
428 2410 648 2474 praesenti
682 2410 793 2456 inter
826 2409 1043 2471 legitimas
1079 2425 1290 2472 personas
1325 2424 1423 2453 cum
1457 2405 1698 2452 intentione
1730 2404 1795 2451 sa-

340 2486 483 2533 ciendi
508 2486 569 2541 id,
598 2485 716 2549 quod
750 2484 854 2531 facit
884 2483 1098 2539 ecclesia;
1137 2500 1215 2529 seu
1250 2482 1423 2546 potius,
1461 2479 1606 2544 quoad
1641 2479 1795 2526 haere-

341 2561 474 2615 ticos,
508 2557 698 2606 faciendi
733 2558 851 2623 quod
885 2557 1086 2604 Christus
1122 2555 1334 2610 instituit;
1374 2554 1539 2600 nullam
1573 2553 1792 2618 siquidem

340 2635 471 2681 aliam
505 2634 788 2682 intentionem
822 2632 1008 2680 ecclesia
1051 2630 1215 2678 habere
1253 2639 1411 2694 potest.
1454 2627 1581 2684 Quod
1617 2629 1654 2674 si
1690 2628 1794 2675 hae-

341 2710 474 2757 retica
519 2728 617 2774 pars
654 2728 733 2758 nec
765 2708 978 2773 implicite
1023 2706 1200 2772 quidem
1244 2704 1460 2752 eiusmodi
1509 2703 1791 2750 intentionem

341 2786 628 2850 praeseferat,
676 2786 808 2833 immo
842 2795 884 2832 et
917 2783 1178 2832 contrariam
1197 2782 1355 2845 f'geran
1402 2779 1687 2834 nihilominus
1723 2794 1794 2824 sa-
