1912 3180
276 212 367 242 cn».
393 211 448 242 iv.
472 210 523 242 m:
548 210 705 242 Ancum.
725 210 801 241 ruo
827 210 931 242 Lacr:
955 210 1007 242 nu
1032 211 1157 244 ιιΑι-ιι.
1182 211 1266 243 mv.
1290 212 1383 247 Aur.
1408 212 1470 245 ιιι.
1548 199 1630 247 431

157 289 342 337 excedat
375 290 473 337 eius
510 289 787 346 facultatem,
819 300 862 336 et
887 288 969 336 soli
998 288 1216 337 ecclesiae
1249 299 1495 355 competat,
1523 308 1576 339 ac
1600 293 1638 340 si

159 366 203 413 id
228 365 391 431 aliquis
418 366 626 431 princeps
654 376 913 423 attentaret,
937 383 1028 413 rem
1054 383 1236 432 prorsus
1262 366 1432 415 irritam
1457 366 1635 418 faceret.

157 443 454 499 Contractus,
492 443 557 490 uti
595 443 777 508 saepius
824 442 1179 500 inculcavimus,
1218 454 1287 492 est
1321 443 1641 510 inseparabilis

159 537 185 567 a
212 530 491 567 sacramento
520 519 566 566 in
597 519 817 584 coniugiis
852 519 1226 578 christianorum,
1263 538 1316 569 ac
1350 521 1538 587 proinde
1560 522 1640 571 uhi

159 613 246 643 non
288 606 356 643 est
390 606 745 653 sacramentum,
786 612 868 644 nec
902 606 1152 644 contractus
1186 596 1392 646 habetur.
1433 599 1553 657 lmo,
1590 610 1642 648 ut

160 672 327 720 centies
362 673 757 721 animadvertimus
787 711 796 729 ,
835 672 1072 721 concilium
1108 673 1275 721 directe
1307 685 1351 722 et
1383 675 1639 725 immediate

162 749 352 797 irritavit
370 759 645 798 contractum
670 748 895 796 inhabiles
914 748 971 795 ad
989 764 1259 797 consensum
1277 750 1512 799 efficiendo
1535 768 1641 800 con-

161 826 405 874 trahentes.
446 825 575 881 Quod
606 825 644 873 si
680 825 726 872 in
758 825 913 874 Galliis
947 836 992 873 et
1024 826 1070 872 in
1104 825 1255 890 Belgio
1281 826 1352 874 lex
1375 827 1548 876 sancita
1569 838 1639 877 est

160 921 251 969 qua
283 902 570 950 matrimonia
603 902 753 950 civilia
788 902 1090 959 celebrentur,
1131 902 1322 951 ecclesia
1357 903 1491 952 huius
1524 904 1639 969 legis

162 978 328 1027 nullam
364 978 581 1027 rationem
610 978 766 1027 babuit
789 996 1010 1044 unquam,
1038 989 1114 1026 aut
1146 978 1388 1044 aliquando
1423 979 1633 1038 habebit,

162 1067 297 1121 atque
342 1055 552 1119 coniugia
593 1072 745 1103 eorum
781 1056 859 1120 qui
893 1073 1041 1104 coram
1076 1054 1172 1103 solo
1212 1056 1476 1120 magistratu
1518 1055 1637 1105 civili

161 1142 476 1181 contraxerunt
509 1143 679 1198 spectat
701 1132 764 1180 uti
790 1132 912 1180 nulla
929 1171 939 1189 ,
967 1143 1102 1198 atque
1129 1143 1178 1181 ut
1204 1132 1545 1181 concubinatum
1581 1133 1640 1181 le-

160 1209 325 1274 galem,
361 1226 450 1257 non
480 1227 610 1258 secus
627 1227 679 1258 ac
697 1220 917 1274 spectaret
943 1209 1151 1274 coniugia
1172 1227 1292 1257 mere
1321 1208 1493 1267 civilia,
1523 1226 1640 1274 quae

163 1288 209 1333 in
252 1286 485 1335 Sardiniae
520 1305 654 1351 regno
700 1286 920 1335 celebrata
963 1286 1181 1343 fuissent,
1221 1287 1259 1335 si
1296 1286 1525 1352 proposita
1568 1285 1638 1334 lex

163 1364 322 1412 fuisset
363 1364 550 1412 sancita.
592 1364 804 1429 Adeoque
837 1364 1059 1412 eiusmodi
1103 1364 1311 1428 coniugia
1344 1363 1402 1411 ad
1437 1381 1636 1412 normam

158 1441 298 1489 solius
332 1441 445 1504 legis
480 1441 625 1489 civilis
656 1442 766 1488 inita
799 1459 887 1489 non
923 1452 1028 1489 sunt
1063 1441 1158 1489 sive
1192 1450 1291 1488 rata
1326 1440 1420 1488 sive
1454 1458 1573 1488 vera.

258 1518 365 1566 Esto
399 1518 637 1566 concilium
670 1517 964 1565 tridentinum
999 1536 1081 1565 suo
1114 1518 1278 1565 decreto
1310 1520 1424 1580 (non
1442 1520 1633 1579 canone)

164 1611 252 1641 non
276 1610 454 1641 creasse
478 1594 649 1658 doqma,
672 1593 729 1641 de
747 1610 835 1658 quo
858 1604 1004 1641 tamen
1027 1594 1173 1642 adhuc
1197 1594 1437 1659 disceptari
1460 1604 1635 1658 posset,

164 1688 267 1717 nam
296 1670 485 1718 ecclesia
509 1671 708 1727 decreto,
736 1689 825 1736 quo
851 1670 973 1718 nulla
1006 1688 1107 1719 esse
1138 1670 1335 1718 declarat
1361 1670 1639 1718 clandestina

164 1747 448 1794 matrimonia
469 1785 479 1803 ,
517 1764 597 1811 per
631 1765 681 1794 se
712 1748 893 1812 quidem
934 1748 1096 1811 dogma
1136 1747 1241 1795 fidei
1275 1765 1362 1795 non
1397 1746 1635 1803 enunciat,

164 1824 244 1870 sed
268 1825 422 1870 statuit
447 1834 489 1870 et
512 1823 723 1879 decernit,
747 1824 866 1889 quod
893 1841 1024 1872 nemo
1047 1824 1274 1872 infirmum
1297 1824 1446 1871 dicere
1473 1832 1636 1887 potest,

164 1900 272 1964 quin
307 1917 360 1947 eo
395 1900 496 1965 ipso
531 1900 686 1964 doqma
718 1900 822 1965 fidei
857 1900 945 1961 (de
969 1910 1184 1964 potestate
1212 1898 1458 1960 ecclesiae)
1487 1910 1632 1962 neget.

164 1978 351 2034 Verum,
390 1977 475 2026 hoc
509 1978 826 2043 praetermisso
849 2015 859 2035 ,
896 1977 1005 2042 quid
1040 1975 1180 2024 inde?
1207 1976 1310 2025 Sola
1344 1993 1399 2023 ne
1432 1975 1639 2039 dogmata

167 2054 271 2102 fidei
305 2054 504 2119 obligant
537 2054 694 2102 fideles
729 2053 1007 2102 catholicos?
1041 2055 1194 2102 Nonne
1228 2053 1363 2101 iidem
1397 2052 1482 2101 sub
1514 2052 1638 2116 gravi

164 2130 420 2196 obligantur
452 2132 509 2179 ad
544 2131 665 2195 leges
697 2131 1037 2196 disciplinares,
1075 2130 1337 2196 praesertim
1381 2129 1639 2195 fundamen—

167 2208 274 2255 tales
304 2207 580 2257 servandas?
608 2208 814 2256 Christus
838 2208 962 2256 dedit
985 2207 1201 2256 ecclesiae
1235 2224 1343 2255 suae
1378 2215 1639 2272 potestatem

164 2283 504 2348 legislatricem,
533 2296 804 2350 quapropter
831 2302 985 2333 omnes
1012 2284 1110 2332 eius
1142 2284 1222 2331 filii
1257 2283 1432 2347 legibus
1456 2282 1513 2330 ab
1537 2282 1639 2347 ipsa

164 2362 416 2410 constitutis
459 2379 508 2409 se
542 2361 764 2409 subiicere
805 2372 1009 2409 tenentur
1036 2401 1046 2419 ,
1085 2361 1181 2409 sive
1216 2361 1248 2407 ii
1284 2361 1374 2408 sint
1413 2358 1640 2424 principes

166 2438 263 2485 sive
302 2437 488 2485 subditi.
527 2438 573 2484 Si
607 2438 743 2501 igitur
781 2438 1017 2486 concilium
1042 2476 1052 2494 ,
1097 2447 1270 2485 oratore
1306 2436 1406 2502 ipso
1441 2435 1604 2483 fatente
1626 2471 1636 2490 ‚

165 2514 367 2562 condidit
395 2532 620 2570 canonem,
653 2515 747 2563 sive
780 2514 940 2563 melius
970 2515 1183 2562 decretum
1216 2512 1503 2579 disciplinae,
1533 2511 1641 2559 dum

168 2591 324 2638 statuit
362 2591 548 2639 sormam
590 2590 955 2639 celebrandorum
994 2591 1302 2655 coniugiorum
1331 2628 1341 2646 ,
1383 2599 1427 2637 et
1459 2587 1641 2654 quidem

168 2666 253 2713 sub
282 2667 501 2716 nullitatis
537 2686 703 2733 poena,
738 2686 867 2716 nemo
900 2679 989 2724 est,
1019 2667 1096 2734 qui
1132 2667 1189 2715 ab
1222 2684 1275 2734 ea
1309 2684 1359 2714 se
1394 2665 1642 2714 subducere

168 2742 338 2801 valeat3
372 2745 638 2793 contrarium
662 2762 767 2794 vero
789 2762 991 2794 asserere
1012 2744 1308 2808 gravissimus
1332 2741 1489 2792 saltem
1524 2758 1643 2807 error

169 2830 300 2869 esset.
