1912 3180
341 184 429 229 342
594 199 674 229 mn.
704 197 733 227 1.
763 196 876 229 sacr.
906 197 1077 229 ALTERA.
1107 198 1158 229 m:
1195 197 1369 230 numu.
1400 198 1541 230 eivm.

337 281 574 328 celebratio
618 281 847 345 proposita
889 292 1007 328 esset
1051 281 1231 344 regulae
1277 282 1447 338 instar,
1486 282 1634 346 potius
1667 300 1800 347 quam

335 356 604 421 exceptionis
618 394 628 413 ,
655 356 725 404 vel
749 367 866 404 certe
891 356 1023 422 lapsu
1043 358 1253 422 temporis
1273 358 1501 422 paullatim
1520 360 1801 423 exceptiones

334 432 490 479 fierent
523 448 813 489 communes,
854 443 988 497 atque
1021 433 1302 498 exceptiones
1338 450 1438 480 esse
1471 433 1741 481 desinerent.

427 507 754 556 Concludamus
802 509 951 574 itaque
986 509 1031 556 id
1066 510 1185 574 quod
1220 510 1351 556 unice
1382 527 1535 557 verum
1569 521 1660 567 est,
1700 510 1800 557 fun-—

331 584 586 632 damentum
615 585 700 633 hoc
717 624 727 642 ,
761 586 880 651 quod
910 585 1167 633 obtenditur
1189 585 1245 632 ad
1270 585 1413 649 legem
1438 585 1690 634 istiusmodi
1716 597 1801 634 sta-

331 660 557 717 tuendam,
581 661 852 726 impietatem
873 661 1093 718 redolere,
1115 672 1159 708 et
1175 661 1437 726 hypocrisin
1461 679 1618 726 sapere
1643 662 1794 719 verba,

331 735 495 800 quibus
531 753 601 784 res
631 738 874 786 sancienda
908 736 1183 801 proponitur.

988 891 1035 954 §.
1077 892 1132 936 11.

805 1045 940 1077 politica
962 1044 1093 1078 libertas
1113 1045 1338 1077 conscientiae.

425 1176 695 1241 Principium
728 1175 786 1222 de
818 1174 1116 1223 conscientiae
1142 1174 1343 1222 libertate
1359 1192 1497 1222 unum
1515 1184 1582 1221 est
1598 1191 1652 1221 ex
1669 1191 1796 1239 prae-

327 1252 473 1317 cipuis
506 1252 683 1300 motivis
702 1290 712 1309 ‚
753 1269 866 1317 quae
901 1250 1073 1316 prolata
1106 1261 1233 1309 sunt,
1262 1262 1305 1299 et
1338 1251 1525 1315 proferri
1562 1249 1705 1297 solent
1739 1250 1797 1297 ad

326 1327 469 1392 legem
505 1328 561 1376 de
595 1327 817 1376 connubio
862 1345 983 1375 mere
1016 1327 1136 1376 civili
1173 1327 1478 1375 sanciendam.
1517 1326 1612 1374 Hoc
1645 1326 1801 1373 affere-

325 1404 435 1452 bant
465 1405 665 1469 deputati
700 1404 903 1469 plerique
937 1421 1092 1452 omnes
1117 1405 1164 1451 in
1189 1403 1380 1452 comitiis
1412 1402 1665 1468 subalpinis
1706 1404 1791 1465 (8);

326 1480 411 1528 hoc
455 1498 546 1528 non
590 1481 723 1545 pauci
770 1491 996 1529 senatores
1047 1481 1265 1544 urgebant
1303 1483 1400 1543 (9);
1449 1480 1555 1527 huie
1601 1479 1796 1544 denique

325 1556 560 1604 insistebat
593 1557 796 1605 minister
826 1557 994 1620 regius,
1023 1557 1094 1604 cui
1120 1573 1402 1621 summopere
1435 1556 1557 1603 cordi
1593 1565 1710 1612 erat,
1749 1565 1798 1602 ut

323 1632 393 1681 lex
427 1633 656 1698 proposita
691 1633 977 1698 adoptaretur
1010 1635 1126 1695 (10).
1150 1633 1272 1679 Nihil
1300 1632 1575 1698 frequentius
1605 1631 1651 1678 in
1682 1632 1794 1679 actis

323 1709 587 1773 legislativis
605 1710 810 1767 occurrit,
834 1728 969 1775 quam
990 1710 1165 1757 libertas
1182 1711 1453 1766 coscientiae;
1475 1720 1518 1757 et
1534 1709 1653 1774 quod
1672 1726 1799 1774 prae-

325 1786 510 1850 scriptio
534 1786 645 1833 ritus
669 1786 865 1850 religiosi
896 1785 1157 1849 obligatoria
1183 1786 1388 1834 videatur
1420 1785 1638 1834 contraria
1659 1785 1794 1832 liber-

324 1862 403 1909 tati
437 1863 766 1919 oonscientiae;
806 1863 926 1928 quod
970 1881 1058 1910 non
1100 1873 1300 1927 oporteat
1342 1863 1462 1926 leges
1506 1862 1793 1926 obligatorias

326 1948 519 1986 statuere
543 1939 599 1986 ad
625 1949 770 1986 actum
806 1939 1065 2002 religiosum
1101 1939 1388 2004 ponendum3
1427 1939 1547 2004 quod
1580 1939 1626 1985 in
1660 1955 1794 2001 nego-

323 2013 398 2062 tiis
433 2014 655 2078 religiosis
690 2015 881 2080 relinqui
914 2015 1074 2062 debeat
1108 2014 1311 2062 absoluta
1344 2014 1554 2072 libertas,
1593 2014 1791 2079 alioquin

323 2090 560 2154 sacrilegia
594 2091 732 2148 fiunt;
772 2091 891 2157 quod
924 2092 1150 2156 imponere
1192 2091 1507 2154 obligationem
1542 2091 1654 2138 ritus
1688 2089 1791 2137 reli-

322 2167 438 2231 giosi
473 2167 583 2215 foret
617 2178 769 2216 contra
802 2167 1048 2216 libertatem
1083 2168 1411 2224 conscientiae;
1450 2178 1493 2215 et
1525 2168 1587 2215 ita
1620 2184 1784 2233 porro;

321 2262 426 2293 nam
471 2245 626 2294 eadem
660 2245 858 2294 crambes
891 2245 1027 2294 variis
1062 2245 1208 2293 modis
1243 2262 1416 2310 semper
1449 2245 1630 2292 iteratur
1666 2246 1782 2307 (11).

419 2399 464 2440 (8)
488 2401 634 2432 camera
658 2399 714 2432 dei
737 2399 910 2441 deputati.
927 2400 1067 2432 Tornata
1089 2399 1141 2431 del
1163 2399 1320 2440 1.Luglio
1338 2403 1428 2432 1852.
1444 2407 1515 2440 pag·
1531 2399 1591 2431 640
1613 2405 1698 2438 segg.
1714 2397 1791 2429 item

320 2453 461 2483 'tornata
473 2450 526 2484 dei
542 2456 571 2485 2.
587 2452 702 2492 Luglio
717 2461 790 2493 pag.
805 2456 866 2484 655
881 2460 966 2493 segg.
977 2452 1039 2483 etc.
1055 2452 1116 2483 etc.

417 2503 463 2544 (9)
482 2505 608 2536 senato
625 2503 685 2536 del
711 2512 828 2545 reyno.
844 2505 986 2537 Tou-nata
1000 2503 1051 2536 dei
1070 2508 1118 2535 15.
1135 2503 1206 2535 Dic.
1227 2508 1314 2537 1852.
1329 2503 1471 2536 'tornata
1486 2502 1538 2535 del
1561 2506 1609 2535 16.
1623 2502 1787 2535 Dicemhr.

319 2556 460 2587 Tornata
473 2554 526 2588 dei
541 2560 589 2588 18.
599 2555 762 2589 Dicembr.
779 2557 841 2588 etc.
853 2557 915 2588 etc.

414 2607 481 2648 (ιο)
500 2609 642 2641 Tot-nata
653 2607 706 2640 dei
724 2613 772 2641 16.
789 2607 951 2641 Dicembr.
968 2616 1041 2649 pag.
1061 2612 1127 2640 189.

412 2659 478 2701 (ιι)
501 2662 578 2694 Loc.
594 2661 664 2694 citt.
