1918 3186
242 207 773 240 eir.1v.nxrnnn.ffla.nn
792 209 882 241 nm.
899 209 1014 242 stica.
1034 209 1125 242 Aur.
1141 210 1187 241 11.
1206 209 1300 241 Aac.
1317 208 1437 241 rim).
1485 191 1488 194 ’
1510 194 1596 242 101

131 297 299 351 potest;
327 303 378 334 ac
403 296 635 350 propterea
666 285 854 332 existere
888 297 1034 350 potest
1065 297 1318 335 contractus
1360 286 1607 351 coniugalis

129 363 332 420 validus,
372 363 480 427 quin
515 362 574 409 sit
607 371 948 408 sacramentum.

227 438 286 485 At
316 455 547 503 perperam
575 455 628 484 ex
655 448 851 484 veterum
879 439 1214 486 auctoritatibus
1232 439 1278 486 id
1295 439 1517 497 concludi,
1543 440 1610 487 sa-

131 514 215 562 cile
248 525 317 562 est
348 502 597 561 ostendere.
623 513 733 560 Nam
765 514 808 559 1.
839 523 1007 561 certum
1040 525 1131 571 est,
1167 525 1210 562 et
1242 515 1329 580 ipsi
1365 514 1608 563 adversarii

132 590 398 646 concedunt,
438 589 721 637 matrimonia
746 588 823 636 illa
847 589 988 637 fuisse
1010 607 1063 637 ex
1087 602 1261 654 patrum
1293 592 1510 639 sententia
1530 609 1611 640 va-

131 667 245 722 lida;
273 683 375 729 ergo
398 665 641 712 adversarii
677 665 789 711 nihil
823 682 875 713 ex
908 665 980 713 his
1014 666 1280 714 testimoniis
1304 684 1384 732 pro
1409 685 1492 715 sua
1513 668 1611 733 opi-

131 743 263 790 nione
285 742 502 790 conficere
524 751 737 807 possunt,
767 742 855 789 nisi
881 753 1136 807 supponant
1152 742 1198 788 in
1215 744 1494 792 matrimonio
1510 762 1611 792 con-

133 830 319 867 tractum
344 836 370 866 a
394 829 669 866 sacramento
694 819 891 883 separari
916 836 1073 884 posse,
1103 836 1233 883 porro
1257 819 1342 867 hoc
1365 820 1514 884 ipsum
1541 831 1611 868 est

133 895 179 942 in
212 895 500 960 quaestione,
530 912 610 942 seu
643 894 791 960 potius
826 894 912 941 hoc
945 912 1032 942 non
1065 905 1134 942 est
1166 894 1254 941 nisi
1288 896 1609 944 consectarium

133 972 332 1037 ipsorum
365 971 611 1037 opinionis,
638 971 694 1018 de
727 987 817 1036 qua
850 971 1124 1035 disputatur;
1162 987 1266 1035 ergo
1300 982 1456 1036 petunt
1489 973 1611 1038 prin-

131 1050 316 1114 cipium.
341 1049 430 1096 Nos
454 1058 606 1096 contra
628 1058 783 1113 postea
807 1047 1094 1112 probabimus
1108 1085 1118 1104 ‚
1139 1065 1194 1095 ex
1214 1058 1411 1096 veterum
1434 1058 1610 1114 patrum

134 1136 179 1173 et
210 1126 356 1190 ipsius
392 1124 608 1172 ecclesiae
642 1124 859 1171 sententia
892 1134 1163 1172 contractum
1197 1141 1224 1172 a
1258 1136 1532 1174 sacramento
1565 1126 1610 1172 in

132 1201 413 1250 matrimonio
437 1200 682 1248 christiano
706 1200 904 1264 separari
929 1217 1015 1247 non
1042 1217 1189 1264 posse.
1219 1202 1263 1247 2.
1293 1200 1438 1256 Quum
1463 1212 1611 1267 patres

134 1278 289 1326 dicunt
305 1278 360 1325 de
377 1278 452 1325 his
470 1277 766 1325 matrimoniis
791 1294 891 1325 esse
922 1277 1012 1324 fere
1035 1277 1269 1334 adulteria,
1297 1295 1384 1325 non
1408 1276 1608 1334 obstant,

133 1355 373 1420 quominus
392 1354 481 1401 sint
495 1353 667 1410 valida,
684 1354 768 1400 etsi
788 1353 1059 1401 infructuose
1077 1363 1301 1418 suscepta,
1317 1364 1607 1401 sacramenta.

136 1431 235 1487 Quo
263 1431 433 1478 detecto
466 1430 574 1477 vitio
598 1430 643 1476 in
669 1429 1024 1477 adversariorum
1055 1429 1435 1492 argumentatione
1458 1447 1511 1477 ex
1536 1448 1615 1495 pa-

136 1518 252 1555 trum
286 1506 454 1562 effatis,
493 1523 546 1553 ea
579 1505 759 1553 omnino
783 1522 836 1553 ac
858 1505 990 1570 plane
1022 1506 1199 1553 corruit.
1228 1506 1310 1553 His
1333 1506 1614 1554 animadver-

137 1583 201 1631 sis
219 1621 229 1639 ,
257 1583 323 1630 sic
345 1585 432 1630 iam
458 1581 715 1646 singillatim
750 1582 942 1629 adducta
970 1581 1221 1629 testimonia
1251 1583 1568 1647 percurrimus.

233 1658 401 1706 Ordine
431 1659 553 1706 venit
586 1658 756 1723 primus
785 1657 1003 1714 Calixtus3
1056 1658 1142 1705 iam
1175 1674 1279 1705 vero
1313 1658 1358 1704 in
1392 1658 1506 1706 falsa
1538 1659 1616 1706 de-

137 1735 286 1783 cretali
311 1734 367 1782 ad
392 1752 546 1783 omnes
582 1734 820 1782 Galliarum
856 1734 1117 1799 episcopos,
1150 1750 1354 1799 quaeque
1380 1734 1566 1782 refertur
1588 1752 1615 1782 a

139 1812 344 1859 Gratiano
365 1812 509 1859 Causa
533 1811 612 1858 III.
639 1814 755 1873 (non
779 1821 924 1858 autem
948 1811 1012 1858 uti
1030 1828 1056 1857 a
1072 1809 1191 1858 Cano
1209 1810 1368 1857 citatur
1387 1811 1531 1858 Causa
1548 1811 1611 1873 l.)

140 1904 219 1951 qu.
246 1888 288 1933 4.
310 1905 408 1953 cap.
435 1890 478 1934 4.
504 1887 946 1951 Consanquineorum,
976 1887 1084 1933 haec
1107 1885 1341 1932 habentur.
1359 1906 1382 1930 «
1399 1885 1616 1950 Quisquis

142 1980 247 2026 ergo
281 1981 367 2011 non
402 1975 469 2012 est
503 1965 698 2028 legitime
731 1964 1016 2019 coniunctus,
1045 1962 1113 2010 vel
1138 1960 1308 2026 absque
1331 1956 1471 2008 dotali
1493 1961 1617 2009 titulo

143 2057 196 2087 ac
228 2039 534 2088 benedictione
577 2040 820 2089 sacerdotis
855 2050 1028 2088 constat
1059 2038 1314 2103 copulatus,
1365 2037 1615 2086 sacerdotes

144 2115 215 2162 vel
248 2115 442 2179 legitime
470 2116 727 2164 coniunctos
751 2116 998 2171 criminari,
1025 2114 1094 2162 vel
1119 2114 1163 2159 in
1187 2129 1264 2160 eos
1289 2113 1514 2161 testificari
1540 2113 1619 2160 mi-

145 2192 264 2239 nime
288 2202 451 2257 potest:
481 2192 691 2256 quoniam
719 2192 864 2239 omnis
893 2191 1050 2238 incesti
1085 2190 1282 2237 criminis
1316 2189 1490 2237 macula
1522 2189 1618 2255 pol-

145 2268 265 2316 lutus
289 2268 467 2315 infamis
485 2279 572 2324 est,
596 2278 639 2314 et
657 2284 866 2315 accusare
885 2266 1162 2331 supradictos
1182 2283 1268 2313 non
1287 2266 1612 2330 permittatur.»

147 2344 231 2391 Hic
254 2343 658 2409 pseudo-Calixtus,
687 2354 736 2390 ut
760 2352 900 2407 patet,
938 2341 1092 2389 eadem
1127 2342 1295 2389 ratione
1329 2341 1523 2406 loquitur
1563 2342 1619 2390 de

146 2420 423 2468 sacerdotalis
460 2419 758 2466 benedictionis
792 2418 990 2474 defectu,
1019 2435 1069 2464 ac
1092 2417 1148 2465 de
1171 2418 1344 2464 defectu
1378 2416 1535 2463 dotalis
1571 2419 1621 2464 ti-

150 2498 233 2544 tuli
251 2516 264 2553 ,·
307 2513 436 2544 nemo
474 2507 619 2543 autem
653 2495 814 2543 dixerit
846 2494 902 2542 ob
935 2494 1153 2541 defectum
1189 2495 1309 2540 tituli
1340 2493 1498 2540 dotalis
1531 2510 1619 2541 non

149 2573 306 2621 confici
338 2582 691 2628 sacramentum,
730 2571 980 2636 irritarique
1014 2570 1293 2634 coniugium,
1322 2580 1398 2616 aut
1430 2569 1619 2617 dotalem

152 2649 326 2697 titulum
349 2660 549 2714 spectare
572 2649 628 2695 ad
654 2647 916 2696 sacramenti
941 2646 1254 2694 substantiam.
1270 2647 1365 2693 Non
1390 2645 1526 2709 igitur
1547 2646 1622 2693 hic

152 2734 295 2772 textus
328 2735 603 2790 opportunus
638 2734 706 2771 est
738 2723 974 2771 dicendus.
1602 2773 1606 2776 .

248 2799 366 2847 Alter
388 2811 454 2848 est
471 2800 670 2855 Siricius,
689 2800 765 2863 qui
792 2799 835 2844 in
860 2798 989 2863 epist.
1006 2798 1062 2845 ad
1082 2797 1326 2845 Himerium
1343 2808 1623 2845 tarraconen-
