<?xml version="1.0" encoding="UTF-8"?>
<!DOCTYPE html PUBLIC "-//W3C//DTD XHTML 1.0 Transitional//EN"
    "http://www.w3.org/TR/xhtml1/DTD/xhtml1-transitional.dtd">
<html xmlns="http://www.w3.org/1999/xhtml" xml:lang="en" lang="en">
 <head>
  <title>
</title>
<meta http-equiv="Content-Type" content="text/html;charset=utf-8" />
  <meta name='ocr-system' content='tesseract 3.04.00' />
  <meta name='ocr-capabilities' content='ocr_page ocr_carea ocr_par ocr_line ocrx_word'/>
</head>
<body>
  <div class='ocr_page' id='page_1' title='image "a603380701perruoft_0351.png"; bbox 0 0 1912 3180; ppageno 0'>
   <div class='ocr_carea' id='block_1_1' title="bbox 331 181 1552 230">
    <p class='ocr_par' dir='ltr' id='par_1_1' title="bbox 331 181 1552 230">
     <span class='ocr_line' id='line_1_1' title="bbox 331 181 1552 230; baseline -0.002 -2"><span class='ocrx_word' id='word_1_1' title='bbox 331 198 421 229; x_wconf 70' lang='grc' dir='ltr'><strong>ΠΛΡ.</strong></span> <span class='ocrx_word' id='word_1_2' title='bbox 442 198 503 230; x_wconf 88' lang='lat'>111.</span> <span class='ocrx_word' id='word_1_3' title='bbox 527 198 579 229; x_wconf 75' lang='lat' dir='ltr'><strong>DE</strong></span> <span class='ocrx_word' id='word_1_4' title='bbox 603 198 776 230; x_wconf 67' lang='lat' dir='ltr'><strong>numu.</strong></span> <span class='ocrx_word' id='word_1_5' title='bbox 806 197 954 229; x_wconf 85' lang='lat' dir='ltr'>CIVILIS</span> <span class='ocrx_word' id='word_1_6' title='bbox 983 197 1102 228; x_wconf 81' lang='lat' dir='ltr'><strong>LEGE.</strong></span> <span class='ocrx_word' id='word_1_7' title='bbox 1131 197 1225 228; x_wconf 67' lang='grc' dir='ltr'><strong>ΛΒΤ.</strong></span> <span class='ocrx_word' id='word_1_8' title='bbox 1249 197 1307 228; x_wconf 79' lang='lat' dir='ltr'><strong>lv.</strong></span> <span class='ocrx_word' id='word_1_9' title='bbox 1464 181 1552 226; x_wconf 77' lang='lat'><strong>329</strong></span> 
     </span>
    </p>
   </div>
   <div class='ocr_carea' id='block_1_2' title="bbox 88 276 1565 2859">
    <p class='ocr_par' dir='ltr' id='par_1_2' title="bbox 88 276 1565 2859">
     <span class='ocr_line' id='line_1_2' title="bbox 90 276 1557 340; baseline 0 -17"><span class='ocrx_word' id='word_1_10' title='bbox 90 277 431 324; x_wconf 85' lang='lat' dir='ltr'><strong>christianorum</strong></span> <span class='ocrx_word' id='word_1_11' title='bbox 466 277 722 339; x_wconf 89' lang='lat' dir='ltr'><strong>coniugium</strong></span> <span class='ocrx_word' id='word_1_12' title='bbox 758 286 820 323; x_wconf 90' lang='lat' dir='ltr'><strong>tot</strong></span> <span class='ocrx_word' id='word_1_13' title='bbox 854 276 914 322; x_wconf 89' lang='lat' dir='ltr'><strong>sit</strong></span> <span class='ocrx_word' id='word_1_14' title='bbox 948 276 1164 322; x_wconf 91' lang='lat' dir='ltr'><strong>munitum</strong></span> <span class='ocrx_word' id='word_1_15' title='bbox 1194 276 1363 339; x_wconf 87' lang='lat' dir='ltr'><strong>gratiae</strong></span> <span class='ocrx_word' id='word_1_16' title='bbox 1389 276 1557 340; x_wconf 87' lang='lat' dir='ltr'><strong>praesi-</strong></span> 
     </span>
     <span class='ocr_line' id='line_1_3' title="bbox 91 349 1560 407; baseline 0 -9"><span class='ocrx_word' id='word_1_17' title='bbox 91 353 178 399; x_wconf 89' lang='lat' dir='ltr'>diis</span> <span class='ocrx_word' id='word_1_18' title='bbox 213 352 268 398; x_wconf 91' lang='lat' dir='ltr'><strong>ad</strong></span> <span class='ocrx_word' id='word_1_19' title='bbox 303 352 444 399; x_wconf 92' lang='lat' dir='ltr'><strong>levius</strong></span> <span class='ocrx_word' id='word_1_20' title='bbox 479 352 678 398; x_wconf 87' lang='lat' dir='ltr'><strong>eiusdem</strong></span> <span class='ocrx_word' id='word_1_21' title='bbox 712 367 847 398; x_wconf 90' lang='lat' dir='ltr'><strong>onera</strong></span> <span class='ocrx_word' id='word_1_22' title='bbox 881 350 1086 407; x_wconf 83' lang='lat' dir='ltr'><strong>ferenda;</strong></span> <span class='ocrx_word' id='word_1_23' title='bbox 1114 350 1287 398; x_wconf 89' lang='lat' dir='ltr'><strong>etiamsi</strong></span> <span class='ocrx_word' id='word_1_24' title='bbox 1316 349 1432 398; x_wconf 92' lang='lat' dir='ltr'><strong>ultro</strong></span> <span class='ocrx_word' id='word_1_25' title='bbox 1454 368 1560 398; x_wconf 90' lang='lat' dir='ltr'><strong>con-</strong></span> 
     </span>
     <span class='ocr_line' id='line_1_4' title="bbox 90 426 1558 492; baseline -0.001 -17"><span class='ocrx_word' id='word_1_26' title='bbox 90 428 314 475; x_wconf 90' lang='lat' dir='ltr'><strong>trahentes</strong></span> <span class='ocrx_word' id='word_1_27' title='bbox 334 429 380 474; x_wconf 91' lang='lat' dir='ltr'><strong>in</strong></span> <span class='ocrx_word' id='word_1_28' title='bbox 398 445 448 475; x_wconf 88' lang='lat' dir='ltr'><strong>se</strong></span> <span class='ocrx_word' id='word_1_29' title='bbox 467 427 725 492; x_wconf 87' lang='lat' dir='ltr'><strong>perferenda</strong></span> <span class='ocrx_word' id='word_1_30' title='bbox 753 443 887 474; x_wconf 89' lang='lat' dir='ltr'><strong>onera</strong></span> <span class='ocrx_word' id='word_1_31' title='bbox 905 426 981 472; x_wconf 90' lang='lat' dir='ltr'><strong>illa</strong></span> <span class='ocrx_word' id='word_1_32' title='bbox 997 427 1194 474; x_wconf 91' lang='lat' dir='ltr'><strong>volentes</strong></span> <span class='ocrx_word' id='word_1_33' title='bbox 1214 427 1494 492; x_wconf 84' lang='lat' dir='ltr'><strong>scientesque</strong></span> <span class='ocrx_word' id='word_1_34' title='bbox 1512 428 1558 474; x_wconf 89' lang='lat' dir='ltr'><strong>in</strong></span> 
     </span>
     <span class='ocr_line' id='line_1_5' title="bbox 90 502 1561 570; baseline 0.001 -19"><span class='ocrx_word' id='word_1_35' title='bbox 90 515 348 570; x_wconf 90' lang='lat' dir='ltr'><strong>perpetuum</strong></span> <span class='ocrx_word' id='word_1_36' title='bbox 374 504 644 568; x_wconf 92' lang='lat' dir='ltr'><strong>suscipiant;</strong></span> <span class='ocrx_word' id='word_1_37' title='bbox 674 502 887 568; x_wconf 85' lang='lat' dir='ltr'>quidnam</span> <span class='ocrx_word' id='word_1_38' title='bbox 906 503 989 550; x_wconf 90' lang='lat' dir='ltr'><strong>erit</strong></span> <span class='ocrx_word' id='word_1_39' title='bbox 1006 504 1276 551; x_wconf 89' lang='lat' dir='ltr'><strong>censendum</strong></span> <span class='ocrx_word' id='word_1_40' title='bbox 1295 504 1350 552; x_wconf 93' lang='lat' dir='ltr'><strong>de</strong></span> <span class='ocrx_word' id='word_1_41' title='bbox 1370 505 1561 553; x_wconf 79' lang='lat' dir='ltr'><strong>scenicis</strong></span> 
     </span>
     <span class='ocr_line' id='line_1_6' title="bbox 89 579 1563 646; baseline 0.001 -21"><span class='ocrx_word' id='word_1_42' title='bbox 89 580 180 628; x_wconf 88' lang='lat' dir='ltr'><strong>illis</strong></span> <span class='ocrx_word' id='word_1_43' title='bbox 203 580 397 645; x_wconf 91' lang='lat' dir='ltr'><strong>nuptiis,</strong></span> <span class='ocrx_word' id='word_1_44' title='bbox 427 598 540 645; x_wconf 90' lang='lat' dir='ltr'><strong>quae</strong></span> <span class='ocrx_word' id='word_1_45' title='bbox 564 580 638 627; x_wconf 91' lang='lat' dir='ltr'><strong>his</strong></span> <span class='ocrx_word' id='word_1_46' title='bbox 663 579 870 627; x_wconf 91' lang='lat' dir='ltr'><strong>omnibus</strong></span> <span class='ocrx_word' id='word_1_47' title='bbox 904 579 1139 626; x_wconf 86' lang='lat' dir='ltr'><strong>destitutae</strong></span> <span class='ocrx_word' id='word_1_48' title='bbox 1170 592 1273 628; x_wconf 92' lang='lat' dir='ltr'><strong>sunt</strong></span> <span class='ocrx_word' id='word_1_49' title='bbox 1291 619 1300 637; x_wconf 93' lang='lat'><strong>,</strong></span> <span class='ocrx_word' id='word_1_50' title='bbox 1329 599 1445 646; x_wconf 90' lang='lat' dir='ltr'><strong>quae</strong></span> <span class='ocrx_word' id='word_1_51' title='bbox 1466 581 1563 629; x_wconf 88' lang='lat' dir='ltr'><strong>nul-</strong></span> 
     </span>
     <span class='ocr_line' id='line_1_7' title="bbox 89 655 1563 720; baseline 0.001 -18"><span class='ocrx_word' id='word_1_52' title='bbox 89 656 177 704; x_wconf 89' lang='lat' dir='ltr'><strong>lius</strong></span> <span class='ocrx_word' id='word_1_53' title='bbox 213 658 259 703; x_wconf 90' lang='lat' dir='ltr'><strong>in</strong></span> <span class='ocrx_word' id='word_1_54' title='bbox 294 675 342 705; x_wconf 92' lang='lat' dir='ltr'><strong>se</strong></span> <span class='ocrx_word' id='word_1_55' title='bbox 375 657 539 704; x_wconf 90' lang='lat' dir='ltr'><strong>valoris</strong></span> <span class='ocrx_word' id='word_1_56' title='bbox 574 656 658 704; x_wconf 91' lang='lat' dir='ltr'><strong>sub</strong></span> <span class='ocrx_word' id='word_1_57' title='bbox 694 655 854 720; x_wconf 90' lang='lat' dir='ltr'><strong>quovis</strong></span> <span class='ocrx_word' id='word_1_58' title='bbox 889 665 1090 719; x_wconf 89' lang='lat' dir='ltr'><strong>respectu</strong></span> <span class='ocrx_word' id='word_1_59' title='bbox 1133 667 1260 711; x_wconf 90' lang='lat' dir='ltr'><strong>sunt,</strong></span> <span class='ocrx_word' id='word_1_60' title='bbox 1299 657 1388 704; x_wconf 90' lang='lat' dir='ltr'><strong>imo</strong></span> <span class='ocrx_word' id='word_1_61' title='bbox 1421 667 1466 703; x_wconf 91' lang='lat' dir='ltr'><strong>et</strong></span> <span class='ocrx_word' id='word_1_62' title='bbox 1499 674 1563 704; x_wconf 92' lang='lat' dir='ltr'><strong>re—</strong></span> 
     </span>
     <span class='ocr_line' id='line_1_8' title="bbox 88 730 1563 797; baseline 0.001 -18"><span class='ocrx_word' id='word_1_63' title='bbox 88 732 299 797; x_wconf 82' lang='lat' dir='ltr'><strong>probatae</strong></span> <span class='ocrx_word' id='word_1_64' title='bbox 325 743 368 780; x_wconf 92' lang='lat' dir='ltr'><strong>et</strong></span> <span class='ocrx_word' id='word_1_65' title='bbox 391 733 667 789; x_wconf 84' lang='lat' dir='ltr'><strong>inhonestae,</strong></span> <span class='ocrx_word' id='word_1_66' title='bbox 689 742 827 796; x_wconf 90' lang='lat' dir='ltr'><strong>atque</strong></span> <span class='ocrx_word' id='word_1_67' title='bbox 844 749 896 779; x_wconf 87' lang='lat' dir='ltr'><strong>ex</strong></span> <span class='ocrx_word' id='word_1_68' title='bbox 912 730 1009 779; x_wconf 87' lang='lat' dir='ltr'><strong>sola</strong></span> <span class='ocrx_word' id='word_1_69' title='bbox 1027 732 1219 797; x_wconf 90' lang='lat' dir='ltr'><strong>pendent</strong></span> <span class='ocrx_word' id='word_1_70' title='bbox 1248 732 1432 780; x_wconf 89' lang='lat' dir='ltr'><strong>humani</strong></span> <span class='ocrx_word' id='word_1_71' title='bbox 1454 734 1563 780; x_wconf 88' lang='lat' dir='ltr'><strong>irre—</strong></span> 
     </span>
     <span class='ocr_line' id='line_1_9' title="bbox 90 807 1562 873; baseline 0.001 -19"><span class='ocrx_word' id='word_1_72' title='bbox 90 809 328 873; x_wconf 89' lang='lat' dir='ltr'><strong>ligiosique</strong></span> <span class='ocrx_word' id='word_1_73' title='bbox 362 809 631 872; x_wconf 82' lang='lat' dir='ltr'><strong>legislatoris</strong></span> <span class='ocrx_word' id='word_1_74' title='bbox 666 807 921 857; x_wconf 73' lang='lat' dir='ltr'><strong>voluntate?</strong></span> <span class='ocrx_word' id='word_1_75' title='bbox 937 809 1048 855; x_wconf 92' lang='lat' dir='ltr'><strong>Num</strong></span> <span class='ocrx_word' id='word_1_76' title='bbox 1084 809 1235 873; x_wconf 85' lang='lat' dir='ltr'><strong>itaque</strong></span> <span class='ocrx_word' id='word_1_77' title='bbox 1259 808 1316 855; x_wconf 90' lang='lat' dir='ltr'><strong>ab</strong></span> <span class='ocrx_word' id='word_1_78' title='bbox 1335 810 1431 856; x_wconf 93' lang='lat' dir='ltr'><strong>eius</strong></span> <span class='ocrx_word' id='word_1_79' title='bbox 1451 820 1562 857; x_wconf 91' lang='lat' dir='ltr'><strong>nutu</strong></span> 
     </span>
     <span class='ocr_line' id='line_1_10' title="bbox 91 884 1558 950; baseline 0 -18"><span class='ocrx_word' id='word_1_80' title='bbox 91 897 134 932; x_wconf 90' lang='lat' dir='ltr'><strong>et</strong></span> <span class='ocrx_word' id='word_1_81' title='bbox 151 885 335 932; x_wconf 90' lang='lat' dir='ltr'><strong>arbitrio</strong></span> <span class='ocrx_word' id='word_1_82' title='bbox 362 886 556 950; x_wconf 88' lang='lat' dir='ltr'><strong>pendere</strong></span> <span class='ocrx_word' id='word_1_83' title='bbox 578 885 757 933; x_wconf 88' lang='lat' dir='ltr'><strong>debebit</strong></span> <span class='ocrx_word' id='word_1_84' title='bbox 774 895 914 933; x_wconf 91' lang='lat' dir='ltr'><strong>status</strong></span> <span class='ocrx_word' id='word_1_85' title='bbox 933 895 996 933; x_wconf 89' lang='lat' dir='ltr'><strong>tot</strong></span> <span class='ocrx_word' id='word_1_86' title='bbox 1011 884 1348 932; x_wconf 84' lang='lat' dir='ltr'><strong>difficultatibus</strong></span> <span class='ocrx_word' id='word_1_87' title='bbox 1368 885 1558 941; x_wconf 91' lang='lat' dir='ltr'><strong>obsitus,</strong></span> 
     </span>
     <span class='ocr_line' id='line_1_11' title="bbox 91 960 1561 1027; baseline 0 -19"><span class='ocrx_word' id='word_1_88' title='bbox 91 979 206 1027; x_wconf 92' lang='lat' dir='ltr'><strong>quae</strong></span> <span class='ocrx_word' id='word_1_89' title='bbox 252 962 377 1009; x_wconf 90' lang='lat' dir='ltr'><strong>illum</strong></span> <span class='ocrx_word' id='word_1_90' title='bbox 418 961 737 1009; x_wconf 88' lang='lat' dir='ltr'><strong>intolerabilem</strong></span> <span class='ocrx_word' id='word_1_91' title='bbox 771 962 1042 1026; x_wconf 88' lang='lat' dir='ltr'><strong>quandoque</strong></span> <span class='ocrx_word' id='word_1_92' title='bbox 1075 960 1304 1009; x_wconf 73' lang='lat' dir='ltr'><strong>reddunt?</strong></span> <span class='ocrx_word' id='word_1_93' title='bbox 1337 961 1481 1026; x_wconf 85' lang='lat' dir='ltr'><strong>quue</strong></span> <span class='ocrx_word' id='word_1_94' title='bbox 1514 963 1561 1008; x_wconf 86' lang='lat' dir='ltr'><strong>in</strong></span> 
     </span>
     <span class='ocr_line' id='line_1_12' title="bbox 90 1037 1563 1102; baseline -0.001 -18"><span class='ocrx_word' id='word_1_95' title='bbox 90 1047 353 1102; x_wconf 86' lang='lat' dir='ltr'><strong>perpetuum</strong></span> <span class='ocrx_word' id='word_1_96' title='bbox 376 1076 386 1093; x_wconf 93' lang='lat'>‚</span> <span class='ocrx_word' id='word_1_97' title='bbox 425 1038 464 1085; x_wconf 92' lang='lat' dir='ltr'><strong>si</strong></span> <span class='ocrx_word' id='word_1_98' title='bbox 498 1054 630 1085; x_wconf 89' lang='lat' dir='ltr'><strong>casus</strong></span> <span class='ocrx_word' id='word_1_99' title='bbox 664 1037 883 1102; x_wconf 85' lang='lat' dir='ltr'><strong>excipias,</strong></span> <span class='ocrx_word' id='word_1_100' title='bbox 922 1055 1034 1102; x_wconf 89' lang='lat' dir='ltr'><strong>quos</strong></span> <span class='ocrx_word' id='word_1_101' title='bbox 1069 1037 1310 1101; x_wconf 81' lang='lat' dir='ltr'><strong>legislatori</strong></span> <span class='ocrx_word' id='word_1_102' title='bbox 1345 1037 1563 1102; x_wconf 89' lang='lat' dir='ltr'><strong>placuerit</strong></span> 
     </span>
     <span class='ocr_line' id='line_1_13' title="bbox 90 1114 1563 1178; baseline 0 -17"><span class='ocrx_word' id='word_1_103' title='bbox 90 1124 283 1162; x_wconf 83' lang='lat' dir='ltr'><strong>statuere</strong></span> <span class='ocrx_word' id='word_1_104' title='bbox 302 1114 358 1161; x_wconf 87' lang='lat' dir='ltr'><strong>ad</strong></span> <span class='ocrx_word' id='word_1_105' title='bbox 377 1114 616 1161; x_wconf 89' lang='lat' dir='ltr'><strong>divortium</strong></span> <span class='ocrx_word' id='word_1_106' title='bbox 642 1114 925 1162; x_wconf 74' lang='lat' dir='ltr'><strong>faciendum?</strong></span> <span class='ocrx_word' id='word_1_107' title='bbox 948 1114 1064 1162; x_wconf 90' lang='lat' dir='ltr'><strong>Velis</strong></span> <span class='ocrx_word' id='word_1_108' title='bbox 1088 1115 1221 1178; x_wconf 86' lang='lat' dir='ltr'><strong>igitur</strong></span> <span class='ocrx_word' id='word_1_109' title='bbox 1250 1114 1387 1170; x_wconf 86' lang='lat' dir='ltr'><strong>nolis,</strong></span> <span class='ocrx_word' id='word_1_110' title='bbox 1422 1114 1563 1161; x_wconf 87' lang='lat' dir='ltr'><strong>faten-</strong></span> 
     </span>
     <span class='ocr_line' id='line_1_14' title="bbox 93 1190 1562 1255; baseline 0 -19"><span class='ocrx_word' id='word_1_111' title='bbox 93 1190 199 1237; x_wconf 90' lang='lat' dir='ltr'><strong>dum</strong></span> <span class='ocrx_word' id='word_1_112' title='bbox 236 1200 331 1247; x_wconf 90' lang='lat' dir='ltr'><strong>est,</strong></span> <span class='ocrx_word' id='word_1_113' title='bbox 371 1190 538 1253; x_wconf 87' lang='lat' dir='ltr'><strong>legem,</strong></span> <span class='ocrx_word' id='word_1_114' title='bbox 567 1207 681 1255; x_wconf 89' lang='lat' dir='ltr'><strong>quae</strong></span> <span class='ocrx_word' id='word_1_115' title='bbox 710 1191 853 1237; x_wconf 89' lang='lat' dir='ltr'><strong>sancit</strong></span> <span class='ocrx_word' id='word_1_116' title='bbox 886 1191 1091 1254; x_wconf 87' lang='lat' dir='ltr'><strong>coniugia</strong></span> <span class='ocrx_word' id='word_1_117' title='bbox 1129 1191 1304 1247; x_wconf 89' lang='lat' dir='ltr'><strong>civilia,</strong></span> <span class='ocrx_word' id='word_1_118' title='bbox 1337 1190 1562 1238; x_wconf 87' lang='lat' dir='ltr'><strong>adversari</strong></span> 
     </span>
     <span class='ocr_line' id='line_1_15' title="bbox 93 1266 1557 1331; baseline -0.001 -18"><span class='ocrx_word' id='word_1_119' title='bbox 93 1267 329 1330; x_wconf 86' lang='lat' dir='ltr'><strong>coniugum</strong></span> <span class='ocrx_word' id='word_1_120' title='bbox 354 1266 570 1323; x_wconf 90' lang='lat' dir='ltr'><strong>libertati,</strong></span> <span class='ocrx_word' id='word_1_121' title='bbox 592 1283 644 1313; x_wconf 98' lang='grc'><strong>30</strong></span> <span class='ocrx_word' id='word_1_122' title='bbox 662 1267 756 1314; x_wconf 88' lang='lat' dir='ltr'><strong>fieri</strong></span> <span class='ocrx_word' id='word_1_123' title='bbox 773 1267 905 1314; x_wconf 90' lang='lat' dir='ltr'><strong>etiam</strong></span> <span class='ocrx_word' id='word_1_124' title='bbox 925 1285 975 1314; x_wconf 88' lang='lat' dir='ltr'><strong>ex</strong></span> <span class='ocrx_word' id='word_1_125' title='bbox 995 1267 1079 1314; x_wconf 91' lang='lat' dir='ltr'><strong>hoc</strong></span> <span class='ocrx_word' id='word_1_126' title='bbox 1098 1267 1241 1331; x_wconf 90' lang='lat' dir='ltr'><strong>capite</strong></span> <span class='ocrx_word' id='word_1_127' title='bbox 1266 1267 1557 1331; x_wconf 84' lang='lat' dir='ltr'><strong>tyrannicam.</strong></span> 
     </span>
     <span class='ocr_line' id='line_1_16' title="bbox 189 1343 1562 1408; baseline -0.001 -18"><span class='ocrx_word' id='word_1_128' title='bbox 189 1343 277 1390; x_wconf 94' lang='lat' dir='ltr'><strong>Sed</strong></span> <span class='ocrx_word' id='word_1_129' title='bbox 305 1354 348 1390; x_wconf 93' lang='lat' dir='ltr'><strong>et</strong></span> <span class='ocrx_word' id='word_1_130' title='bbox 376 1343 607 1408; x_wconf 86' lang='lat' dir='ltr'><strong>tyrannica</strong></span> <span class='ocrx_word' id='word_1_131' title='bbox 634 1343 782 1391; x_wconf 89' lang='lat' dir='ltr'><strong>evadit</strong></span> <span class='ocrx_word' id='word_1_132' title='bbox 814 1343 968 1390; x_wconf 89' lang='lat' dir='ltr'><strong>eadem</strong></span> <span class='ocrx_word' id='word_1_133' title='bbox 1003 1343 1072 1390; x_wconf 80' lang='lat' dir='ltr'><strong>lex</strong></span> <span class='ocrx_word' id='word_1_134' title='bbox 1105 1361 1211 1406; x_wconf 86' lang='lat' dir='ltr'><strong>erga</strong></span> <span class='ocrx_word' id='word_1_135' title='bbox 1245 1343 1429 1407; x_wconf 89' lang='lat' dir='ltr'><strong>prolem.</strong></span> <span class='ocrx_word' id='word_1_136' title='bbox 1452 1344 1562 1390; x_wconf 90' lang='lat' dir='ltr'><strong>Nam</strong></span> 
     </span>
     <span class='ocr_line' id='line_1_17' title="bbox 90 1419 1560 1484; baseline -0.001 -17"><span class='ocrx_word' id='word_1_137' title='bbox 90 1432 138 1467; x_wconf 94' lang='lat' dir='ltr'><strong>ut</strong></span> <span class='ocrx_word' id='word_1_138' title='bbox 174 1430 348 1468; x_wconf 88' lang='lat' dir='ltr'><strong>constat</strong></span> <span class='ocrx_word' id='word_1_139' title='bbox 384 1437 438 1467; x_wconf 85' lang='lat' dir='ltr'><strong>ex</strong></span> <span class='ocrx_word' id='word_1_140' title='bbox 471 1420 600 1467; x_wconf 89' lang='lat' dir='ltr'><strong>dictis</strong></span> <span class='ocrx_word' id='word_1_141' title='bbox 625 1458 635 1476; x_wconf 91' lang='lat'><strong>,</strong></span> <span class='ocrx_word' id='word_1_142' title='bbox 685 1437 822 1484; x_wconf 90' lang='lat' dir='ltr'><strong>quum</strong></span> <span class='ocrx_word' id='word_1_143' title='bbox 863 1420 930 1475; x_wconf 90' lang='lat' dir='ltr'><strong>ii,</strong></span> <span class='ocrx_word' id='word_1_144' title='bbox 969 1419 1045 1484; x_wconf 90' lang='lat' dir='ltr'><strong>qui</strong></span> <span class='ocrx_word' id='word_1_145' title='bbox 1085 1419 1413 1467; x_wconf 90' lang='lat' dir='ltr'><strong>matrimonium</strong></span> <span class='ocrx_word' id='word_1_146' title='bbox 1448 1436 1560 1483; x_wconf 90' lang='lat' dir='ltr'><strong>pure</strong></span> 
     </span>
     <span class='ocr_line' id='line_1_18' title="bbox 90 1495 1561 1560; baseline -0.001 -16"><span class='ocrx_word' id='word_1_147' title='bbox 90 1496 220 1544; x_wconf 90' lang='lat' dir='ltr'><strong>civile</strong></span> <span class='ocrx_word' id='word_1_148' title='bbox 249 1496 498 1553; x_wconf 89' lang='lat' dir='ltr'><strong>celebrant,</strong></span> <span class='ocrx_word' id='word_1_149' title='bbox 538 1497 792 1544; x_wconf 91' lang='lat' dir='ltr'><strong>necessario</strong></span> <span class='ocrx_word' id='word_1_150' title='bbox 834 1496 1067 1559; x_wconf 80' lang='lat' dir='ltr'><strong>irreligiosi</strong></span> <span class='ocrx_word' id='word_1_151' title='bbox 1107 1497 1228 1552; x_wconf 91' lang='lat' dir='ltr'><strong>sint,</strong></span> <span class='ocrx_word' id='word_1_152' title='bbox 1274 1495 1561 1560; x_wconf 87' lang='lat' dir='ltr'><strong>perditaeque</strong></span> 
     </span>
     <span class='ocr_line' id='line_1_19' title="bbox 91 1572 1562 1637; baseline -0.001 -18"><span class='ocrx_word' id='word_1_153' title='bbox 91 1572 410 1628; x_wconf 89' lang='lat' dir='ltr'><strong>conscientiae;</strong></span> <span class='ocrx_word' id='word_1_154' title='bbox 445 1572 491 1619; x_wconf 91' lang='lat' dir='ltr'><strong>hi</strong></span> <span class='ocrx_word' id='word_1_155' title='bbox 520 1572 689 1637; x_wconf 90' lang='lat' dir='ltr'><strong>quippe</strong></span> <span class='ocrx_word' id='word_1_156' title='bbox 714 1573 843 1620; x_wconf 87' lang='lat' dir='ltr'><strong>unice</strong></span> <span class='ocrx_word' id='word_1_157' title='bbox 869 1572 1101 1636; x_wconf 88' lang='lat' dir='ltr'><strong>cupiditati</strong></span> <span class='ocrx_word' id='word_1_158' title='bbox 1136 1572 1380 1637; x_wconf 86' lang='lat' dir='ltr'><strong>explendae</strong></span> <span class='ocrx_word' id='word_1_159' title='bbox 1414 1572 1562 1619; x_wconf 90' lang='lat' dir='ltr'><strong>indul-</strong></span> 
     </span>
     <span class='ocr_line' id='line_1_20' title="bbox 89 1648 1561 1714; baseline -0.002 -17"><span class='ocrx_word' id='word_1_160' title='bbox 89 1660 216 1713; x_wconf 85' lang='lat' dir='ltr'><strong>gent,</strong></span> <span class='ocrx_word' id='word_1_161' title='bbox 260 1649 458 1714; x_wconf 91' lang='lat' dir='ltr'><strong>alioquin</strong></span> <span class='ocrx_word' id='word_1_162' title='bbox 495 1649 619 1697; x_wconf 92' lang='lat' dir='ltr'><strong>nullo</strong></span> <span class='ocrx_word' id='word_1_163' title='bbox 653 1649 785 1697; x_wconf 91' lang='lat' dir='ltr'><strong>modo</strong></span> <span class='ocrx_word' id='word_1_164' title='bbox 815 1649 1028 1696; x_wconf 89' lang='lat' dir='ltr'><strong>auderent</strong></span> <span class='ocrx_word' id='word_1_165' title='bbox 1052 1667 1100 1697; x_wconf 91' lang='lat' dir='ltr'><strong>se</strong></span> <span class='ocrx_word' id='word_1_166' title='bbox 1124 1649 1341 1696; x_wconf 89' lang='lat' dir='ltr'><strong>eiusmodi</strong></span> <span class='ocrx_word' id='word_1_167' title='bbox 1371 1648 1561 1713; x_wconf 89' lang='lat' dir='ltr'><strong>nuptiali</strong></span> 
     </span>
     <span class='ocr_line' id='line_1_21' title="bbox 97 1726 1557 1791; baseline -0.001 -18"><span class='ocrx_word' id='word_1_168' title='bbox 97 1726 273 1774; x_wconf 78' lang='lat' dir='ltr'><strong>foedere</strong></span> <span class='ocrx_word' id='word_1_169' title='bbox 306 1726 501 1790; x_wconf 90' lang='lat' dir='ltr'><strong>illigare,</strong></span> <span class='ocrx_word' id='word_1_170' title='bbox 534 1726 638 1774; x_wconf 92' lang='lat' dir='ltr'><strong>hinc</strong></span> <span class='ocrx_word' id='word_1_171' title='bbox 667 1726 928 1791; x_wconf 91' lang='lat' dir='ltr'><strong>plerumque</strong></span> <span class='ocrx_word' id='word_1_172' title='bbox 946 1727 995 1774; x_wconf 89' lang='lat' dir='ltr'><strong>fit</strong></span> <span class='ocrx_word' id='word_1_173' title='bbox 1010 1737 1058 1774; x_wconf 93' lang='lat' dir='ltr'><strong>ut</strong></span> <span class='ocrx_word' id='word_1_174' title='bbox 1075 1726 1154 1773; x_wconf 88' lang='lat' dir='ltr'><strong>filii</strong></span> <span class='ocrx_word' id='word_1_175' title='bbox 1173 1726 1230 1773; x_wconf 91' lang='lat' dir='ltr'><strong>ab</strong></span> <span class='ocrx_word' id='word_1_176' title='bbox 1249 1727 1305 1774; x_wconf 87' lang='lat' dir='ltr'><strong>iis</strong></span> <span class='ocrx_word' id='word_1_177' title='bbox 1324 1727 1557 1791; x_wconf 84' lang='lat' dir='ltr'><strong>procreati,</strong></span> 
     </span>
     <span class='ocr_line' id='line_1_22' title="bbox 94 1802 1561 1856; baseline 0.001 -8"><span class='ocrx_word' id='word_1_178' title='bbox 94 1802 436 1849; x_wconf 86' lang='lat' dir='ltr'><strong>reclamantibus</strong></span> <span class='ocrx_word' id='word_1_179' title='bbox 471 1802 643 1850; x_wconf 91' lang='lat' dir='ltr'><strong>iuribus</strong></span> <span class='ocrx_word' id='word_1_180' title='bbox 668 1802 898 1856; x_wconf 91' lang='lat' dir='ltr'><strong>omnibus,</strong></span> <span class='ocrx_word' id='word_1_181' title='bbox 926 1802 1116 1850; x_wconf 90' lang='lat' dir='ltr'><strong>debeant</strong></span> <span class='ocrx_word' id='word_1_182' title='bbox 1138 1803 1283 1850; x_wconf 89' lang='lat' dir='ltr'><strong>ethica</strong></span> <span class='ocrx_word' id='word_1_183' title='bbox 1313 1802 1390 1848; x_wconf 92' lang='lat' dir='ltr'><strong>illa</strong></span> <span class='ocrx_word' id='word_1_184' title='bbox 1418 1819 1470 1849; x_wconf 92' lang='lat' dir='ltr'><strong>ac</strong></span> <span class='ocrx_word' id='word_1_185' title='bbox 1498 1819 1561 1849; x_wconf 91' lang='lat' dir='ltr'><strong>re-</strong></span> 
     </span>
     <span class='ocr_line' id='line_1_23' title="bbox 93 1876 1562 1941; baseline 0.002 -20"><span class='ocrx_word' id='word_1_186' title='bbox 93 1876 252 1939; x_wconf 87' lang='lat' dir='ltr'><strong>ligiosa</strong></span> <span class='ocrx_word' id='word_1_187' title='bbox 294 1877 573 1924; x_wconf 88' lang='lat' dir='ltr'><strong>institutione</strong></span> <span class='ocrx_word' id='word_1_188' title='bbox 610 1878 824 1934; x_wconf 90' lang='lat' dir='ltr'><strong>destitui,</strong></span> <span class='ocrx_word' id='word_1_189' title='bbox 864 1895 979 1941; x_wconf 90' lang='lat' dir='ltr'><strong>quae</strong></span> <span class='ocrx_word' id='word_1_190' title='bbox 1013 1879 1102 1924; x_wconf 90' lang='lat' dir='ltr'><strong>vim</strong></span> <span class='ocrx_word' id='word_1_191' title='bbox 1137 1879 1182 1923; x_wconf 90' lang='lat' dir='ltr'><strong>in</strong></span> <span class='ocrx_word' id='word_1_192' title='bbox 1217 1888 1352 1925; x_wconf 88' lang='lat' dir='ltr'><strong>totam</strong></span> <span class='ocrx_word' id='word_1_193' title='bbox 1386 1876 1562 1925; x_wconf 91' lang='lat' dir='ltr'><strong>illorum</strong></span> 
     </span>
     <span class='ocr_line' id='line_1_24' title="bbox 93 1954 1559 2019; baseline 0.001 -20"><span class='ocrx_word' id='word_1_194' title='bbox 93 1954 211 2000; x_wconf 89' lang='lat' dir='ltr'><strong>vitae</strong></span> <span class='ocrx_word' id='word_1_195' title='bbox 244 1954 404 2001; x_wconf 88' lang='lat' dir='ltr'><strong>seriem</strong></span> <span class='ocrx_word' id='word_1_196' title='bbox 438 1971 491 2001; x_wconf 88' lang='lat' dir='ltr'><strong>ac</strong></span> <span class='ocrx_word' id='word_1_197' title='bbox 525 1954 740 2002; x_wconf 88' lang='lat' dir='ltr'><strong>rationem</strong></span> <span class='ocrx_word' id='word_1_198' title='bbox 781 1954 930 2001; x_wconf 86' lang='lat' dir='ltr'><strong>habet.</strong></span> <span class='ocrx_word' id='word_1_199' title='bbox 971 1955 1131 2019; x_wconf 92' lang='lat' dir='ltr'><strong>Utique</strong></span> <span class='ocrx_word' id='word_1_200' title='bbox 1172 1972 1272 2002; x_wconf 92' lang='lat' dir='ltr'><strong>cum</strong></span> <span class='ocrx_word' id='word_1_201' title='bbox 1309 1955 1355 2001; x_wconf 90' lang='lat' dir='ltr'><strong>in</strong></span> <span class='ocrx_word' id='word_1_202' title='bbox 1396 1955 1559 2002; x_wconf 90' lang='lat' dir='ltr'><strong>iuniori</strong></span> 
     </span>
     <span class='ocr_line' id='line_1_25' title="bbox 94 2030 1562 2095; baseline 0.001 -19"><span class='ocrx_word' id='word_1_203' title='bbox 94 2030 241 2077; x_wconf 89' lang='lat' dir='ltr'><strong>adhuc</strong></span> <span class='ocrx_word' id='word_1_204' title='bbox 274 2042 508 2078; x_wconf 84' lang='lat' dir='ltr'><strong>versantur</strong></span> <span class='ocrx_word' id='word_1_205' title='bbox 547 2042 709 2088; x_wconf 87' lang='lat' dir='ltr'><strong>aetate,</strong></span> <span class='ocrx_word' id='word_1_206' title='bbox 742 2031 787 2077; x_wconf 85' lang='lat' dir='ltr'><strong>hi</strong></span> <span class='ocrx_word' id='word_1_207' title='bbox 823 2032 946 2095; x_wconf 88' lang='lat' dir='ltr'><strong>parvi</strong></span> <span class='ocrx_word' id='word_1_208' title='bbox 975 2043 1051 2078; x_wconf 92' lang='lat' dir='ltr'><strong>aut</strong></span> <span class='ocrx_word' id='word_1_209' title='bbox 1084 2032 1210 2077; x_wconf 88' lang='lat' dir='ltr'><strong>nihili</strong></span> <span class='ocrx_word' id='word_1_210' title='bbox 1245 2031 1412 2078; x_wconf 87' lang='lat' dir='ltr'><strong>faciunt</strong></span> <span class='ocrx_word' id='word_1_211' title='bbox 1446 2032 1562 2079; x_wconf 90' lang='lat' dir='ltr'><strong>hanc</strong></span> 
     </span>
     <span class='ocr_line' id='line_1_26' title="bbox 96 2107 1559 2172; baseline 0.001 -19"><span class='ocrx_word' id='word_1_212' title='bbox 96 2124 225 2154; x_wconf 89' lang='lat' dir='ltr'><strong>suam</strong></span> <span class='ocrx_word' id='word_1_213' title='bbox 255 2107 469 2170; x_wconf 87' lang='lat' dir='ltr'><strong>originem</strong></span> <span class='ocrx_word' id='word_1_214' title='bbox 490 2146 499 2163; x_wconf 89' lang='lat'><strong>,</strong></span> <span class='ocrx_word' id='word_1_215' title='bbox 527 2108 734 2155; x_wconf 86' lang='lat' dir='ltr'><strong>vitiosam</strong></span> <span class='ocrx_word' id='word_1_216' title='bbox 770 2108 873 2154; x_wconf 91' lang='lat' dir='ltr'><strong>item</strong></span> <span class='ocrx_word' id='word_1_217' title='bbox 911 2107 1294 2172; x_wconf 87' lang='lat' dir='ltr'><strong>irreligiosamque</strong></span> <span class='ocrx_word' id='word_1_218' title='bbox 1327 2118 1559 2172; x_wconf 88' lang='lat' dir='ltr'><strong>parentum</strong></span> 
     </span>
     <span class='ocr_line' id='line_1_27' title="bbox 94 2183 1565 2248; baseline 0.001 -19"><span class='ocrx_word' id='word_1_219' title='bbox 94 2199 199 2245; x_wconf 87' lang='lat' dir='ltr'><strong>erga</strong></span> <span class='ocrx_word' id='word_1_220' title='bbox 217 2200 267 2230; x_wconf 95' lang='lat' dir='ltr'><strong>se</strong></span> <span class='ocrx_word' id='word_1_221' title='bbox 283 2183 443 2246; x_wconf 88' lang='lat' dir='ltr'><strong>agendi</strong></span> <span class='ocrx_word' id='word_1_222' title='bbox 479 2184 719 2239; x_wconf 88' lang='lat' dir='ltr'><strong>rationem,</strong></span> <span class='ocrx_word' id='word_1_223' title='bbox 759 2195 892 2248; x_wconf 89' lang='lat' dir='ltr'><strong>atque</strong></span> <span class='ocrx_word' id='word_1_224' title='bbox 926 2184 1160 2231; x_wconf 88' lang='lat' dir='ltr'><strong>exitiosum</strong></span> <span class='ocrx_word' id='word_1_225' title='bbox 1197 2183 1470 2246; x_wconf 86' lang='lat' dir='ltr'><strong>neglectum;</strong></span> <span class='ocrx_word' id='word_1_226' title='bbox 1494 2194 1565 2230; x_wconf 87' lang='lat' dir='ltr'><strong>ast</strong></span> 
     </span>
     <span class='ocr_line' id='line_1_28' title="bbox 94 2259 1564 2324; baseline 0 -19"><span class='ocrx_word' id='word_1_227' title='bbox 94 2276 196 2305; x_wconf 90' lang='lat' dir='ltr'><strong>cum</strong></span> <span class='ocrx_word' id='word_1_228' title='bbox 232 2259 528 2315; x_wconf 89' lang='lat' dir='ltr'><strong>adoleverint,</strong></span> <span class='ocrx_word' id='word_1_229' title='bbox 563 2259 934 2324; x_wconf 89' lang='lat' dir='ltr'><strong>maturioremque</strong></span> <span class='ocrx_word' id='word_1_230' title='bbox 969 2259 1193 2323; x_wconf 88' lang='lat' dir='ltr'><strong>attigerint</strong></span> <span class='ocrx_word' id='word_1_231' title='bbox 1225 2269 1412 2307; x_wconf 87' lang='lat' dir='ltr'><strong>aetatem</strong></span> <span class='ocrx_word' id='word_1_232' title='bbox 1432 2298 1441 2316; x_wconf 95' lang='lat'><strong>,</strong></span> <span class='ocrx_word' id='word_1_233' title='bbox 1475 2259 1564 2307; x_wconf 88' lang='lat' dir='ltr'><strong>nisi</strong></span> 
     </span>
     <span class='ocr_line' id='line_1_29' title="bbox 92 2335 1564 2401; baseline 0 -19"><span class='ocrx_word' id='word_1_234' title='bbox 92 2336 293 2400; x_wconf 89' lang='lat' dir='ltr'><strong>perversi</strong></span> <span class='ocrx_word' id='word_1_235' title='bbox 312 2337 492 2384; x_wconf 92' lang='lat' dir='ltr'><strong>omnino</strong></span> <span class='ocrx_word' id='word_1_236' title='bbox 511 2336 696 2392; x_wconf 90' lang='lat' dir='ltr'><strong>suerint,</strong></span> <span class='ocrx_word' id='word_1_237' title='bbox 719 2336 1058 2401; x_wconf 90' lang='lat' dir='ltr'><strong>deprehendunt</strong></span> <span class='ocrx_word' id='word_1_238' title='bbox 1079 2336 1239 2383; x_wconf 85' lang='lat' dir='ltr'><strong>malam</strong></span> <span class='ocrx_word' id='word_1_239' title='bbox 1270 2346 1403 2400; x_wconf 91' lang='lat' dir='ltr'><strong>atque</strong></span> <span class='ocrx_word' id='word_1_240' title='bbox 1431 2335 1564 2383; x_wconf 87' lang='lat' dir='ltr'><strong>etiam</strong></span> 
     </span>
     <span class='ocr_line' id='line_1_30' title="bbox 92 2412 1565 2478; baseline 0 -18"><span class='ocrx_word' id='word_1_241' title='bbox 92 2413 353 2476; x_wconf 89' lang='lat' dir='ltr'><strong>pessimam,</strong></span> <span class='ocrx_word' id='word_1_242' title='bbox 382 2431 516 2478; x_wconf 92' lang='lat' dir='ltr'><strong>quam</strong></span> <span class='ocrx_word' id='word_1_243' title='bbox 541 2413 658 2460; x_wconf 90' lang='lat' dir='ltr'><strong>nacti</strong></span> <span class='ocrx_word' id='word_1_244' title='bbox 683 2424 802 2469; x_wconf 92' lang='lat' dir='ltr'><strong>sunt,</strong></span> <span class='ocrx_word' id='word_1_245' title='bbox 832 2413 1176 2468; x_wconf 90' lang='lat' dir='ltr'><strong>institutionem,</strong></span> <span class='ocrx_word' id='word_1_246' title='bbox 1199 2430 1251 2460; x_wconf 92' lang='lat' dir='ltr'><strong>ac</strong></span> <span class='ocrx_word' id='word_1_247' title='bbox 1276 2413 1417 2476; x_wconf 80' lang='lat' dir='ltr'><strong>legem</strong></span> <span class='ocrx_word' id='word_1_248' title='bbox 1444 2412 1565 2460; x_wconf 92' lang='lat' dir='ltr'><strong>incu-</strong></span> 
     </span>
     <span class='ocr_line' id='line_1_31' title="bbox 94 2487 1565 2553; baseline 0.001 -19"><span class='ocrx_word' id='word_1_249' title='bbox 94 2499 220 2545; x_wconf 89' lang='lat' dir='ltr'><strong>sant,</strong></span> <span class='ocrx_word' id='word_1_250' title='bbox 254 2488 373 2553; x_wconf 91' lang='lat' dir='ltr'><strong>quod</strong></span> <span class='ocrx_word' id='word_1_251' title='bbox 410 2489 454 2535; x_wconf 92' lang='lat' dir='ltr'><strong>in</strong></span> <span class='ocrx_word' id='word_1_252' title='bbox 489 2505 627 2536; x_wconf 88' lang='lat' dir='ltr'><strong>causa</strong></span> <span class='ocrx_word' id='word_1_253' title='bbox 661 2488 850 2536; x_wconf 84' lang='lat' dir='ltr'><strong>extiterit</strong></span> <span class='ocrx_word' id='word_1_254' title='bbox 884 2487 1005 2535; x_wconf 91' lang='lat' dir='ltr'><strong>illius</strong></span> <span class='ocrx_word' id='word_1_255' title='bbox 1034 2488 1249 2544; x_wconf 84' lang='lat' dir='ltr'><strong>defectus,</strong></span> <span class='ocrx_word' id='word_1_256' title='bbox 1282 2506 1415 2552; x_wconf 92' lang='lat' dir='ltr'><strong>quem</strong></span> <span class='ocrx_word' id='word_1_257' title='bbox 1439 2489 1484 2535; x_wconf 90' lang='lat' dir='ltr'><strong>in</strong></span> <span class='ocrx_word' id='word_1_258' title='bbox 1515 2506 1565 2536; x_wconf 91' lang='lat' dir='ltr'><strong>se</strong></span> 
     </span>
     <span class='ocr_line' id='line_1_32' title="bbox 93 2564 1461 2630; baseline 0.001 -21"><span class='ocrx_word' id='word_1_259' title='bbox 93 2565 405 2627; x_wconf 89' lang='lat' dir='ltr'><strong>experiuntur,</strong></span> <span class='ocrx_word' id='word_1_260' title='bbox 444 2565 604 2630; x_wconf 90' lang='lat' dir='ltr'><strong>cuique</strong></span> <span class='ocrx_word' id='word_1_261' title='bbox 638 2564 832 2629; x_wconf 90' lang='lat' dir='ltr'><strong>amplius</strong></span> <span class='ocrx_word' id='word_1_262' title='bbox 867 2582 953 2612; x_wconf 91' lang='lat' dir='ltr'><strong>non</strong></span> <span class='ocrx_word' id='word_1_263' title='bbox 990 2575 1178 2628; x_wconf 88' lang='lat' dir='ltr'><strong>possunt</strong></span> <span class='ocrx_word' id='word_1_264' title='bbox 1213 2581 1461 2612; x_wconf 89' lang='lat' dir='ltr'><strong>occurrere.</strong></span> 
     </span>
     <span class='ocr_line' id='line_1_33' title="bbox 190 2639 1565 2706; baseline 0.002 -19"><span class='ocrx_word' id='word_1_265' title='bbox 190 2639 317 2695; x_wconf 88' lang='lat' dir='ltr'><strong>Quod</strong></span> <span class='ocrx_word' id='word_1_266' title='bbox 341 2642 380 2688; x_wconf 90' lang='lat' dir='ltr'><strong>si</strong></span> <span class='ocrx_word' id='word_1_267' title='bbox 406 2641 600 2706; x_wconf 90' lang='lat' dir='ltr'><strong>perversi</strong></span> <span class='ocrx_word' id='word_1_268' title='bbox 636 2658 737 2689; x_wconf 91' lang='lat' dir='ltr'><strong>esse</strong></span> <span class='ocrx_word' id='word_1_269' title='bbox 772 2641 1168 2706; x_wconf 89' lang='lat' dir='ltr'><strong>perseveraverint,</strong></span> <span class='ocrx_word' id='word_1_270' title='bbox 1206 2641 1381 2703; x_wconf 87' lang='lat' dir='ltr'><strong>exleges</strong></span> <span class='ocrx_word' id='word_1_271' title='bbox 1418 2658 1471 2690; x_wconf 84' lang='lat' dir='ltr'><strong>ac</strong></span> <span class='ocrx_word' id='word_1_272' title='bbox 1500 2642 1565 2689; x_wconf 81' lang='lat' dir='ltr'><strong>fa-</strong></span> 
     </span>
     <span class='ocr_line' id='line_1_34' title="bbox 94 2715 1563 2783; baseline 0.003 -23"><span class='ocrx_word' id='word_1_273' title='bbox 94 2715 313 2774; x_wconf 88' lang='lat' dir='ltr'><strong>cinorosi,</strong></span> <span class='ocrx_word' id='word_1_274' title='bbox 349 2728 480 2781; x_wconf 90' lang='lat' dir='ltr'><strong>prout</strong></span> <span class='ocrx_word' id='word_1_275' title='bbox 514 2718 772 2783; x_wconf 88' lang='lat' dir='ltr'><strong>plerumque</strong></span> <span class='ocrx_word' id='word_1_276' title='bbox 800 2717 962 2764; x_wconf 87' lang='lat' dir='ltr'><strong>accidit</strong></span> <span class='ocrx_word' id='word_1_277' title='bbox 994 2718 1038 2764; x_wconf 92' lang='lat' dir='ltr'><strong>in</strong></span> <span class='ocrx_word' id='word_1_278' title='bbox 1076 2718 1312 2765; x_wconf 88' lang='lat' dir='ltr'><strong>mortiferis</strong></span> <span class='ocrx_word' id='word_1_279' title='bbox 1347 2717 1563 2765; x_wconf 82' lang='lat' dir='ltr'><strong>fructibus</strong></span> 
     </span>
     <span class='ocr_line' id='line_1_35' title="bbox 94 2792 1561 2859; baseline 0.002 -23"><span class='ocrx_word' id='word_1_280' title='bbox 94 2808 145 2837; x_wconf 80' lang='lat' dir='ltr'><strong>ex</strong></span> <span class='ocrx_word' id='word_1_281' title='bbox 178 2792 403 2841; x_wconf 83' lang='lat' dir='ltr'><strong>mortifera</strong></span> <span class='ocrx_word' id='word_1_282' title='bbox 428 2793 582 2841; x_wconf 87' lang='lat' dir='ltr'><strong>arbore</strong></span> <span class='ocrx_word' id='word_1_283' title='bbox 613 2794 957 2857; x_wconf 86' lang='lat' dir='ltr'><strong>prodeuntibus,</strong></span> <span class='ocrx_word' id='word_1_284' title='bbox 989 2794 1031 2839; x_wconf 90' lang='lat' dir='ltr'><strong>id</strong></span> <span class='ocrx_word' id='word_1_285' title='bbox 1058 2795 1101 2840; x_wconf 90' lang='lat' dir='ltr'><strong>in</strong></span> <span class='ocrx_word' id='word_1_286' title='bbox 1128 2794 1319 2859; x_wconf 87' lang='lat' dir='ltr'><strong>acceptis</strong></span> <span class='ocrx_word' id='word_1_287' title='bbox 1343 2795 1450 2842; x_wconf 89' lang='lat' dir='ltr'><strong>huic</strong></span> <span class='ocrx_word' id='word_1_288' title='bbox 1476 2794 1561 2857; x_wconf 85' lang='lat' dir='ltr'><strong>legi</strong></span> 
     </span>
    </p>
   </div>
  </div>
 </body>
</html>
