1918 3186
346 197 406 243 86
633 209 712 242 un.
737 208 766 239 1.
796 205 908 238 sacr.
938 205 967 241 ι.
991 204 1043 236 nr
1063 204 1237 237 numu.
1266 203 1548 236 sacmnnro.

345 298 544 338 sanctum
567 285 759 333 efficeret
785 283 935 344 (13).»
956 281 1200 330 Concilium
1234 298 1337 329 vero
1369 280 1614 343 carthagin.
1638 280 1706 327 lv.
1725 292 1811 329 sta-

347 364 428 412 tuit
455 380 555 428 cap.
582 360 692 407 XVI.
724 358 960 423 «Sponsus
984 367 1025 406 et
1049 374 1213 423 sponsa
1247 375 1349 405 cum
1383 356 1675 406 benedicendi
1707 368 1811 406 sunt

341 456 372 485 a
390 436 640 490 sacerdote,
660 450 687 480 a
710 432 965 498 parentibus
989 433 1085 481 suis
1108 432 1177 480 vel
1202 431 1523 498 paranymphis
1551 431 1805 480 offerantur.

347 513 552 569 Quicum
577 508 929 557 benedictionem
952 508 1227 573 acceperint,
1255 508 1409 556 eadem
1437 517 1563 556 nocte
1586 525 1665 572 pro
1689 523 1812 556 reve-

347 588 486 636 rentia
504 586 646 651 ipsius
662 585 987 633 benedictionis
1011 585 1057 631 in
1072 584 1324 647 virginitate
1347 594 1634 650 permaneant
1654 585 1806 646 (14).»

438 663 589 726 Neque
622 660 695 708 his
725 660 943 716 contenti,
971 668 1128 722 urgent
1149 658 1370 707 decretum
1401 659 1487 708 sub
1509 659 1700 708 Evaristi
1731 676 1812 708 no-

342 738 462 785 mine
483 754 510 785 a
533 735 738 784 Gratiano
760 734 984 798 vulgatum
1007 734 1138 779 XXX.
1161 751 1238 798 qu.
1263 736 1307 781 5.
1330 751 1370 782 c.
1394 735 1439 781 1.
1462 735 1611 782 Aliter.
1639 733 1812 782 «Aliter

341 813 587 876 legitimum
607 828 695 858 non
712 811 771 858 sit
787 809 1041 872 coniugium
1060 808 1165 855 nisi.
1185 847 1194 854 .
1214 826 1372 857 ..uxor
1396 820 1592 875 petatur.
1612 846 1620 856 .
1639 820 1706 859 .et
1725 827 1811 858 suo

333 899 536 953 tempore
563 885 914 942 sacerdotaliter,
943 895 992 932 ut
1016 901 1112 932 mos
1138 894 1228 941 est,
1262 901 1362 932 cum
1397 885 1602 950 precibus
1626 896 1669 933 et
1692 885 1811 934 obla-

342 965 540 1013 tionibus
572 981 599 1011 a
630 962 859 1011 sacerdote
891 960 1193 1008 benedicatur.
1223 999 1231 1006 .
1260 998 1268 1007 .
1292 961 1358 1007 Ita
1386 971 1588 1025 peracta,
1616 961 1811 1024 legitima

344 1041 499 1089 scitote
533 1056 634 1087 esse
667 1037 913 1086 connubia:
951 1035 1080 1084 aliter
1110 1054 1212 1084 vero
1246 1047 1530 1103 praesumpta
1547 1075 1557 1094 ,
1585 1054 1674 1086 non
1706 1053 1812 1091 con-

346 1117 468 1179 iugia
497 1153 507 1172 ,
553 1114 633 1163 sed
667 1113 914 1170 adulteria,
957 1112 1027 1160 vel
1059 1111 1346 1160 contubernia
1360 1150 1370 1169 ,
1407 1112 1476 1161 vel
1509 1123 1666 1177 stupra
1687 1150 1697 1170 ,
1735 1123 1812 1160 aut

343 1190 670 1243 fornicationes.
695 1209 719 1235 »
745 1189 864 1237 Licet
893 1205 997 1236 vero
1028 1187 1246 1236 eiusmodi
1278 1188 1500 1236 decretum
1534 1188 1717 1236 minime
1751 1189 1812 1237 sit

342 1266 606 1330 genuinum,
634 1264 765 1313 refert
789 1275 934 1312 tamen
967 1262 1176 1328 antiquae
1208 1262 1422 1313 ecclesiae
1455 1280 1660 1321 sensum,
1688 1263 1809 1312 illius

342 1358 502 1407 nempe
534 1341 708 1398 aetatis,
736 1341 782 1388 in
804 1357 895 1404 qua
925 1339 1149 1387 decretum
1183 1338 1333 1404 ipsum
1366 1339 1648 1404 suppositum
1677 1350 1746 1389 est
1768 1350 1812 1388 et

341 1418 593 1468 confictum.

436 1495 847 1557 Urgentpraeterea
869 1492 1146 1540 Theodorum
1169 1494 1385 1541 Studitam
1401 1532 1411 1550 ‚
1433 1493 1624 1543 cuicum
1648 1511 1809 1559 propo-

343 1571 427 1618 sita
450 1580 570 1619 esset
592 1586 618 1616 a
640 1569 878 1617 Mancratio
898 1568 1101 1633 quaestio
1127 1586 1232 1617 num
1255 1569 1421 1632 digami
1444 1568 1648 1618 benedici
1671 1580 1715 1618 et
1735 1587 1810 1619 co-

342 1646 487 1696 ronari
529 1654 714 1711 possent
740 1683 750 1702 ,
794 1644 1024 1710 respondit
1053 1644 1242 1709 epistola
1275 1645 1323 1692 L.
1355 1644 1611 1701 «Quaestio
1645 1656 1721 1695 tua
1753 1646 1810 1697 de

342 1720 536 1785 digamis
569 1720 676 1777 fuit,
704 1720 824 1785 quod
857 1720 914 1767 de
945 1737 1095 1769 eorum
1128 1720 1436 1769 coniunctione
1466 1720 1716 1769 dubitatum
1740 1721 1809 1768 fu-

343 1797 450 1853 erit,
468 1796 728 1846 coronarine
753 1796 869 1845 sicut
893 1795 1143 1859 monogami
1170 1795 1380 1854 debeant,
1409 1814 1466 1846 an
1490 1795 1611 1844 non?
1627 1797 1683 1844 Et
1699 1813 1811 1862 quo-

253 1914 260 1920 .
343 1886 445 1926 nam
479 1882 630 1938 pacto,
669 1871 890 1937 siquidem
922 1871 1005 1920 hoc
1044 1872 1147 1929 fiat,
1193 1873 1544 1936 coniungantur,
1583 1872 1810 1922 sacerdote

342 1948 442 1997 illos
462 1947 647 2002 minime
669 1947 917 2013 copulante.
936 1967 958 1994 »
974 1947 1084 1995 Cum
1107 1965 1211 1997 vero
1235 1947 1436 2013 pluribus
1470 1948 1713 1997 ostenderit
1733 1965 1808 1996 co-

344 2025 513 2082 ronari,
541 2042 619 2073 seu
643 2023 845 2077 benedici
866 2023 988 2072 haud
1011 2024 1173 2072 debere
1199 2024 1400 2089 digamos
1416 2062 1427 2081 ,
1458 2023 1603 2089 pergit
1623 2023 1803 2075 dicens:

346 2120 368 2146 c(
390 2100 584 2156 Quaeres
616 2100 823 2154 forsitan:
860 2100 1081 2165 quomodo
1103 2118 1205 2164 ergo
1228 2101 1566 2164 coniungantur,
1583 2119 1606 2146 ω
1624 2115 1807 2163 respon-

341 2176 525 2241 detque:
540 2176 781 2223 «Humanis
793 2176 947 2241 officiis
963 2176 1081 2224 sicut
1095 2187 1140 2224 et
1155 2176 1346 2240 trigami,
1360 2187 1404 2225 et
1413 2175 1635 2242 polygami
1651 2176 1694 2237 (1
1704 2177 1748 2237 5)
1759 2213 1770 2231 ,
1780 2195 1803 2222 »

343 2268 502 2315 nempe
516 2251 613 2299 sine
636 2251 897 2299 sacramenti
920 2251 1151 2300 collatione
1175 2269 1339 2317 perque
1362 2251 1506 2300 solum
1527 2260 1802 2299 contractum

343 2326 610 2383 naturalem,
648 2338 723 2374 aut
745 2327 933 2375 civilem.

437 2403 501 2450 Ex
523 2403 595 2451 his
620 2413 765 2451 autem
797 2403 988 2468 aliisque
1015 2403 1236 2452 similibus
1260 2414 1431 2468 patrum
1447 2440 1457 2460 ,
1483 2401 1801 2458 conciliorum,

341 2479 694 2544 scriptorumque
709 2478 1107 2527 ecclesiasticorum
1125 2479 1400 2527 documentis
1416 2478 1642 2542 colligunt,
1669 2478 1807 2526 mani-

343 2554 499 2602 festum
516 2555 694 2603 omnino
712 2572 812 2602 esse
829 2572 1009 2602 sensum
1026 2555 1159 2602 totius
1177 2555 1451 2620 antiquitatis
1468 2554 1537 2601 vel
1550 2553 1606 2601 ab
1623 2554 1721 2620 ipsa
1738 2571 1806 2602 ae-

435 2687 500 2727 (13)
520 2687 593 2720 Lib.
608 2689 649 2720 11.
665 2688 698 2721 in
713 2690 800 2721 toan.
815 2690 882 2721 c.1.
895 2697 970 2730 opp.
986 2689 1064 2721 tom.
1079 2690 1135 2720 lv.
1151 2697 1223 2730 pag.
1245 2693 1313 2722 135.
1329 2688 1381 2722 ed.
1396 2689 1498 2722 Paris.
1519 2693 1610 2723 1638.

436 2739 502 2778 (14)
522 2742 581 2771 An.
598 2743 667 2772 398.
684 2740 777 2783 Apud
791 2740 938 2778 Herduin
955 2742 1035 2774 tom.
1047 2742 1072 2774 1.
1087 2741 1149 2774 col.
1163 2746 1236 2775 980.

438 2792 503 2831 (ιὸ)
521 2792 613 2833 Apud
629 2794 847 2837 sirmondum,
860 2804 935 2837 opp.
950 2794 1002 2829 ed.
1017 2795 1118 2828 Paris.
1138 2799 1225 2828 1696.
1240 2796 1317 2828 tom.
1335 2797 1374 2828 V.
1392 2804 1462 2836 pag.
1480 2800 1627 2830 352·355.
