1912 3180
292 201 378 246 426
543 213 622 245 Lm.
653 212 683 243 1.
714 209 826 243 sncr.
855 206 1026 242 ALTERA.
1055 210 1106 242 nr
1132 209 1304 242 mrum.
1329 210 1467 243 civim.

283 291 416 338 menti
453 289 641 336 nobilior
674 306 752 353 per
784 305 833 335 se
866 298 934 335 est
966 297 1219 344 contractu,
1258 288 1336 335 sed
1361 289 1405 334 in
1430 305 1562 335 casus
1598 291 1745 353 specie

283 384 370 431 quo
408 364 463 411 de
503 365 707 427 agimus,
746 382 845 411 cum
886 365 1081 412 essentia
1125 365 1386 411 sacramenti
1433 364 1652 411 afficiatur
1691 384 1742 413 ex

280 440 463 487 materia
497 440 723 504 proxima,
762 450 805 486 et
837 457 890 486 ex
924 439 1087 495 forma,
1127 456 1206 486 seu
1241 439 1483 503 prolatione
1511 440 1741 487 verborum

279 516 440 581 quibus
467 532 712 563 consensus
738 515 1019 580 exprimitur,
1047 515 1135 562 dici
1160 515 1311 579 nequit
1334 516 1570 563 essentiam
1596 533 1743 564 sacra·

279 592 411 639 menti
433 591 695 639 nobiliorem
714 609 813 639 esse
831 601 1078 646 contractu3
1102 590 1300 655 alioquin
1317 591 1495 639 deberet
1512 592 1621 639 dici:
1643 610 1743 641 con—

280 677 470 724 tractus,
509 668 586 732 qui
621 678 689 714 est
723 678 1068 723 sacramentum,
1107 666 1297 715 nobilior
1336 678 1406 715 est
1444 685 1496 715 eo
1538 669 1614 733 qui
1654 687 1740 716 non

279 755 346 792 est
379 754 726 792 sacramentum:
765 744 844 791 sed
888 743 988 790 talis
1027 753 1275 790 contractus
1318 743 1432 790 inter
1474 744 1742 793 christianos

279 836 367 866 non
402 830 469 867 est
502 819 753 883 possibilis;
783 830 858 866 aut
891 818 1021 866 etiam
1057 818 1236 866 deberet
1269 819 1357 866 dici
1394 830 1560 884 partem
1595 838 1744 868 sacra-

279 895 412 941 menti
448 911 547 942 esse
581 894 717 942 altera
751 893 1034 950 nobiliorem;
1073 894 1191 958 quod
1226 893 1336 942 foret
1377 894 1633 942 absurdum.
1663 897 1743 943 Sa-

282 980 553 1016 cramentum
589 969 835 1016 sanctificat
868 978 1160 1026 contractum,
1189 969 1266 1016 sed
1297 970 1342 1016 in
1377 981 1478 1017 actu
1512 970 1744 1019 individuo

279 1063 367 1110 quo
401 1056 652 1092 contractus
687 1045 736 1092 fit
769 1056 1091 1092 sacramentum
1110 1084 1120 1103 ,
1159 1063 1211 1093 ac
1243 1047 1427 1111 proinde
1460 1065 1547 1095 non
1580 1058 1647 1095 est
1676 1065 1741 1096 se-

279 1121 489 1186 parabilis
523 1131 772 1169 contractus
807 1139 833 1169 a
867 1132 1157 1170 sacramento.

372 1196 438 1242 Ad
465 1198 509 1242 3.
536 1196 664 1244 Prob.
691 1196 1054 1261 Inseparabilitas
1079 1215 1164 1245 non
1190 1209 1257 1246 est
1289 1198 1340 1246 de
1361 1199 1442 1264 fide
1466 1217 1544 1246 seu
1569 1216 1656 1247 non
1674 1211 1742 1248 est

277 1271 454 1335 doqma,·
482 1272 527 1318 id
562 1283 629 1320 est
663 1272 783 1319 nulla
808 1272 956 1320 adhuc
981 1273 1168 1320 habetur
1190 1274 1356 1322 directa
1379 1285 1511 1339 atque
1533 1292 1740 1340 expressa

278 1347 488 1395 solemnis
511 1348 723 1396 ecclesiae
746 1349 964 1406 definitio,
988 1360 1056 1396 ast
1079 1349 1278 1396 doctrina
1299 1367 1427 1407 vera,
1456 1350 1672 1399 catholica
1689 1368 1742 1399 ac

278 1434 396 1471 certa
419 1435 487 1472 est
509 1425 728 1472 declarata
752 1425 807 1472 ab
831 1427 930 1490 ipso
953 1426 1171 1473 constanti
1198 1425 1412 1474 ecclesiae
1429 1427 1560 1474 modo
1582 1427 1738 1490 agendi

276 1511 319 1548 et
342 1501 560 1548 sentiendi
581 1540 589 1558 ,
618 1512 667 1549 ut
690 1512 809 1567 patet
831 1519 884 1549 ex
907 1502 1125 1564 coniugiis
1150 1502 1438 1550 clandestinis
1455 1541 1464 1559 ,
1492 1521 1606 1568 quae
1630 1521 1740 1550 sem-

277 1594 355 1640 per
377 1594 463 1624 non
488 1578 630 1625 solum
656 1596 736 1642 pro
754 1578 914 1626 validis
934 1577 1230 1625 contractibus
1244 1616 1253 1634 ,
1278 1579 1355 1625 sed
1374 1579 1506 1625 etiam
1525 1596 1605 1643 pro
1621 1579 1737 1627 veris

276 1653 562 1700 sacramentis
597 1654 680 1700 etsi
716 1653 989 1700 infructu0se
1012 1654 1204 1717 acceptis
1228 1654 1380 1700 habita
1404 1665 1507 1702 sunt
1529 1655 1574 1700 in
1598 1654 1739 1702 eccle·

276 1729 366 1785 sia3
395 1729 513 1793 quod
547 1740 730 1794 apparet
762 1747 815 1776 ex
849 1728 1109 1776 difficultate
1141 1729 1226 1776 hac
1251 1730 1350 1794 ipsa
1373 1729 1428 1776 de
1451 1747 1585 1777 causa
1609 1741 1737 1778 enata

277 1805 321 1851 in
355 1806 541 1853 concilio
566 1806 803 1853 tridentino
828 1806 882 1853 ad
909 1805 1264 1853 constituendum
1289 1807 1650 1871 impedimentum
1673 1808 1739 1853 di-

276 1880 440 1928 rimens
475 1881 867 1937 clandestinitatis;
907 1898 958 1928 ac
993 1881 1169 1928 demum
1209 1892 1258 1928 ut
1299 1892 1469 1930 constat
1502 1900 1554 1929 ex
1587 1893 1739 1947 aperta

276 1973 553 2004 romanorum
573 1957 830 2021 pontificum
850 1957 1143 2004 declaratione
1165 1958 1312 2019 (111).
1336 1957 1460 2013 Quae
1477 1957 1623 2004 omnia
1640 1958 1737 2004 viro

275 2031 405 2079 docili
429 2049 481 2079 ac
504 2033 675 2080 sincere
691 2032 907 2080 catholico
926 2032 1128 2080 sufficere
1144 2031 1320 2079 debent.
1343 2033 1570 2096 Separatio
1591 2042 1735 2080 autem

276 2108 383 2157 haec
417 2109 463 2155 in
497 2110 702 2172 coniugio
735 2109 976 2156 christiano
1010 2109 1056 2154 in
1090 2107 1328 2155 adversarii
1365 2125 1500 2155 sensu
1529 2108 1735 2174 nuspiam

274 2202 326 2232 ac
358 2203 599 2270 numquam
632 2186 677 2232 in
711 2186 801 2233 ulla
824 2186 1002 2249 regione
1024 2184 1241 2232 catholica
1263 2184 1376 2232 facta
1408 2194 1500 2241 est,
1529 2201 1609 2231 nec
1633 2184 1731 2240 fiet,

273 2279 325 2309 eo
360 2262 456 2327 ipso
490 2262 609 2327 quod
643 2262 738 2309 fieri
772 2273 976 2327 nequeat.

366 2337 434 2384 Ad
471 2338 1125 2402 4.Pr0b.1nseparabilitatem
1159 2354 1247 2385 non
1289 2354 1389 2385 esse
1428 2346 1560 2401 caput
1597 2335 1734 2382 disci-

275 2414 421 2477 plinae
459 2413 831 2470 fundamentalis,
871 2431 923 2460 ex
963 2413 1095 2461 dictis
1140 2423 1312 2461 constat
1352 2412 1511 2460 falsum
1552 2411 1733 2458 omnino

273 2506 397 2546 esse,
438 2507 517 2537 nec
550 2489 691 2537 ullum
725 2489 873 2537 afferri
909 2499 1052 2554 potest
1090 2490 1339 2555 exemplum
1386 2488 1636 2554 oppositum
1679 2504 1731 2534 ex

369 2641 453 2683 (111)
474 2643 602 2675 Scilicet
615 2642 665 2675 Pii
682 2644 737 2675 vl.
748 2643 782 2675 in
794 2644 899 2675 Brevi
907 2643 948 2675 ad
963 2643 1103 2684 episcop.
1117 2643 1331 2675 motulensem
1347 2646 1395 2674 16.
1406 2641 1492 2681 Sept.
1507 2642 1594 2673 1788.
1607 2640 1683 2672 item
1697 2639 1733 2671 in

274 2694 377 2724 Brevi
393 2693 433 2724 ad
448 2695 587 2735 episcop.
601 2694 715 2736 Agriae
731 2695 855 2727 17.1ul.
871 2698 959 2728 1789.
972 2695 1023 2727 Pii
1037 2696 1125 2727 Vlll.
1143 2694 1176 2726 in
1191 2693 1320 2735 Encycl.
1344 2691 1501 2725 Tradidit
1524 2691 1729 2725 humilitati.

275 2747 325 2776 24.
343 2746 416 2776 Mai.
439 2751 526 2780 1829.
543 2747 688 2788 Gregorii
707 2749 792 2780 xvl.
809 2748 842 2780 in
861 2747 1043 2789 Enciyclica
1062 2748 1189 2781 Mirari
1205 2755 1264 2779 vos
1286 2750 1333 2779 15.
1349 2747 1428 2786 Aug.
1450 2743 1603 2779 1832.'Pii
1620 2746 1674 2777 lx.
1697 2743 1730 2775 in

275 2797 489 2831 Allocuttonc
510 2802 560 2831 27.
578 2801 663 2840 sept.
684 2805 770 2833 1852.
