1912 3180
297 184 386 232 315
449 247 451 249 Ι
547 200 626 232 Lm.
656 197 685 231 1.
715 197 828 230 sacr.
858 198 1030 230 ALTERA.
1066 199 1117 230 1)ss
1143 197 1316 230 mrum.
1347 197 1486 230 eivm.

291 295 420 342 gere,
448 277 630 323 minime
662 292 765 323 vero
798 274 900 323 illos
935 293 1116 341 quoquo
1135 275 1280 334 ‚modo
1313 275 1603 331 labefactare,
1630 278 1761 324 emol-

292 354 390 409 lire,
430 361 561 415 atque
593 368 888 415 corrumpere.
920 352 1033 408 Lex,
1073 368 1188 417 quae
1221 351 1395 399 substat
1426 351 1624 399 moribus
1642 389 1652 408 ,
1681 368 1760 399 seu

291 427 346 474 iis
371 426 553 474 inferior
575 437 669 482 est,
697 423 864 474 deserit
892 437 1119 474 aeternum
1143 426 1338 474 officium
1363 426 1654 490 legislatoris,
1683 427 1760 492 qui

290 501 515 567 applicare
548 502 746 548 animum
779 502 927 559 debet,
968 513 1017 550 ut
1049 503 1169 549 cives
1205 502 1410 550 meliores
1445 502 1577 559 fiant,
1617 502 1761 550 nulla-

290 589 417 626 tenus
457 578 713 626 deteriores.
755 579 841 626 Lex
882 576 1001 627 enim
1035 578 1092 625 ad
1127 578 1267 626 instar
1312 578 1615 627 lucidissimae
1647 578 1759 627 facis

289 671 390 702 esse
407 653 562 712 debet,
584 671 701 719 quae
715 666 898 719 praeeat
921 654 1176 702 nationibus
1202 655 1358 719 eisque
1389 655 1509 702 viam
1534 654 1760 703 collustret

289 747 342 779 ac
373 741 711 788 commonstret,
755 741 805 778 ut
843 741 936 778 tuto
977 730 1207 787 incedant,
1244 742 1288 778 et
1322 731 1677 806 progrediantur.
1706 730 1762 778 At

288 806 359 853 lex
381 806 469 854 ista
497 806 738 872 retropellit
759 823 941 853 causam
965 806 1110 854 civilis
1130 805 1297 863 cultus,
1326 817 1458 872 atque
1490 806 1754 855 honestatis.

287 883 475 931 Etiamsi
497 900 643 931 mores
661 883 717 930 ad
736 893 910 946 tempus
930 883 1187 930 resisterent
1206 883 1428 948 pessimae
1445 882 1557 946 legis
1571 881 1760 930 oblecta-

288 970 436 1008 mento
453 997 464 1017 ,
502 958 771 1024 pedetentim
806 969 954 1006 tamen
988 959 1181 1024 populus
1205 959 1322 1007 cedit
1345 959 1552 1024 propriae
1579 959 1760 1006 infirmi-

289 1036 367 1084 tati
403 1052 455 1083 ac
489 1034 800 1100 propensioni,
828 1034 1032 1100 adeoque
1062 1034 1132 1083 lex
1160 1052 1335 1100 semper
1368 1035 1479 1084 foret
1511 1035 1759 1100 improvida

287 1122 420 1176 atque
453 1111 648 1158 funesta.
1152 1130 1155 1133 ·

383 1187 498 1234 Sane
526 1186 674 1234 fatalis
709 1187 928 1235 eiusmodi
972 1187 1230 1253 depravatio
1265 1206 1318 1236 ac
1351 1188 1633 1252 degeneratio
1666 1205 1760 1236 cre-

288 1274 430 1311 sceret
452 1263 498 1310 in
522 1263 636 1311 dies.
664 1264 777 1311 Data
800 1265 1159 1329 opportunitate,
1187 1264 1392 1313 licentiae
1421 1276 1594 1313 torrens
1627 1282 1760 1312 exun-

286 1339 399 1387 dans
434 1356 487 1387 ac
520 1350 695 1387 tumens
719 1339 978 1404 repagulum
1002 1357 1133 1388 omne
1157 1351 1387 1405 superaret
1410 1357 1463 1388 ac
1486 1340 1620 1406 plane
1641 1357 1761 1387 ever-

287 1427 427 1472 teret,
466 1426 599 1481 atque
634 1433 732 1464 sese
767 1416 1097 1480 quodammodo
1130 1416 1377 1464 effunderet
1410 1427 1647 1481 rueretque
1681 1433 1759 1481 per

286 1492 450 1540 exitum
468 1530 478 1549 ‚
517 1509 648 1557 quem
683 1492 723 1539 ei
761 1492 989 1556 legislator
1023 1493 1283 1558 imprudens
1318 1493 1593 1557 aperuisset,
1632 1493 1758 1539 inun-

285 1566 499 1632 daretque
532 1567 627 1615 suis
661 1566 957 1615 alluvionibus
993 1568 1249 1615 societatem
1272 1568 1330 1616 ob
1354 1568 1578 1632 stupidam
1614 1568 1758 1614 incre-

287 1643 558 1708 dibilemque
600 1661 752 1691 eorum
793 1643 1134 1708 imprudentiam
1152 1682 1162 1698 ,
1201 1644 1278 1710 qui
1314 1655 1461 1691 tamen
1496 1644 1756 1691 defensores

287 1719 512 1767 societatis
553 1719 739 1767 audiunt
779 1720 896 1782 (17).
930 1719 1215 1784 Antipolitica
1253 1720 1386 1783 igitur
1423 1719 1594 1767 censeri
1627 1718 1759 1766 debet

286 1794 356 1842 lex
398 1795 509 1852 ista,
548 1813 665 1860 quae
705 1806 833 1844 nocet
866 1796 977 1844 adeo
1009 1814 1180 1844 morum
1213 1796 1480 1859 integritati,
1517 1796 1758 1860 eorumque

286 1871 615 1936 corruptionem
646 1881 846 1936 potenter
879 1872 991 1919 adeo
1025 1871 1314 1919 obsecundat.

387 1947 563 2003 Quinto.
591 1949 688 1995 Non
706 1959 782 1996 est
805 1948 924 2012 quod
949 1947 1153 2013 pluribus
1188 1965 1531 2013 persequamur,
1561 1964 1676 2013 quae
1699 1947 1756 1994 ad

286 2022 580 2071 evincendum
605 2030 885 2088 assumptum
903 2024 959 2070 de
976 2024 1073 2087 lege
1092 2023 1364 2088 antipolitica
1387 2024 1533 2071 civilis
1558 2023 1755 2087 coniugii

286 2100 442 2164 quinto
460 2099 556 2147 loco
576 2101 807 2165 posuimus
832 2101 887 2147 de
911 2100 1209 2148 destructione
1226 2118 1386 2164 nempe
1403 2101 1598 2148 familiae
1615 2117 1667 2148 ac
1685 2117 1757 2147 so-

287 2175 479 2233 cietatis,
501 2193 617 2240 quae
634 2194 687 2223 ex
706 2194 758 2224 ea
777 2187 934 2241 sponte
951 2176 1086 2224 veluti
1106 2194 1188 2223 sua
1206 2176 1408 2233 oriretur,
1432 2187 1531 2240 post
1548 2194 1618 2233 ea,
1640 2193 1756 2241 quae

286 2254 490 2317 superius
527 2253 611 2301 hoc
647 2253 703 2300 de
738 2264 998 2316 argumento
1033 2252 1245 2299 diximus.
1283 2253 1440 2300 Paucis
1476 2263 1622 2299 tamen
1658 2269 1757 2316 per-

285 2330 516 2393 stringam,
551 2348 665 2395 quae
701 2330 789 2378 huc
822 2331 1086 2378 referuntur.
1117 2331 1168 2376 In
1193 2329 1389 2377 familiae
1412 2328 1755 2376 destructionem

285 2406 374 2452 vim
410 2424 536 2454 suam
571 2418 743 2455 exercet
776 2407 915 2454 maior
950 2406 1140 2454 facilitas
1175 2405 1514 2461 dissolutionis,
1553 2421 1669 2468 quae
1705 2404 1751 2449 in

286 2483 506 2530 connubio
536 2501 654 2531 mere
681 2483 801 2531 civili
836 2483 1048 2538 habetur;
1075 2483 1165 2530 vim
1190 2492 1362 2529 exercet
1386 2482 1531 2527 minor
1553 2480 1749 2535 dilectio,

285 2574 398 2621 quae
430 2559 475 2605 in
513 2558 587 2606 tali
622 2559 931 2622 coniunctione
966 2569 1065 2624 post
1098 2557 1302 2623 elapsum
1346 2556 1528 2621 aliquod
1578 2566 1756 2620 tempus

284 2632 431 2696 vigere
466 2636 718 2692 consuevit;
748 2635 838 2682 vim
863 2646 1035 2683 exercet
1061 2634 1311 2682 animorum
1346 2633 1585 2681 dissensus
1620 2632 1753 2681 etiam

383 2816 448 2856 (17)
467 2817 518 2848 cf.
533 2819 648 2850 sanzet
661 2826 715 2858 op.
727 2818 782 2850 cit.
796 2816 992 2858 Reflextons
1012 2818 1075 2850 etc.
1093 2826 1163 2858 pag.
1185 2821 1223 2850 22
1239 2825 1330 2857 seqq.
