1912 3180
366 184 455 231 322
628 195 708 227 un.
738 194 767 227 1.
798 195 911 228 secr.
939 194 1112 228 arnna.
1145 195 1198 228 nn
1221 195 1396 229 urunt
1423 196 1568 231 crvm.

364 275 618 325 clamaverit
650 273 708 322 ob
751 273 1059 322 sanctissimas
1105 274 1358 323 sanctiones
1392 291 1500 323 suas
1534 275 1718 341 indigne
1749 297 1828 328 au-

362 354 600 417 dacterque
632 350 688 398 ab
721 350 801 408 iis,
827 350 906 415 qui
940 350 1058 398 filios
1092 368 1198 399 suos
1223 367 1273 399 se
1296 361 1571 418 nuncupant,
1600 355 1829 418 proculca-

362 439 455 484 tas,
482 428 574 476 Deo
608 426 896 476 committeret
927 444 1109 475 causam
1144 444 1287 475 suam.
1323 428 1502 476 Interim
1526 428 1597 477 lex
1621 440 1682 478 tot
1703 433 1827 497 capi-

362 504 482 552 tibus
515 503 790 569 antipolitica
807 541 817 561 ‚
855 503 967 552 adeo
999 521 1088 552 non
1123 504 1253 552 modo
1287 504 1501 554 ecclesiae
1518 544 1528 563 ‚
1568 507 1648 555 sed
1683 508 1828 573 ipsius

361 579 512 645 populi
546 579 752 628 catholici
785 597 839 628 ac
871 580 1097 628 societatis
1131 579 1305 628 iuribus
1338 580 1526 629 adversa
1547 619 1557 639 ,
1589 599 1617 630 a
1650 583 1829 649 publica

359 656 568 722 opinione
601 655 834 721 reprobata
868 655 1114 704 certissime
1141 658 1354 721 temporis
1388 667 1529 706 tractu
1559 677 1648 709 non
1680 660 1825 716 solum

359 734 406 780 in
443 733 782 782 desuetudinem
816 749 869 780 ac
902 731 1169 779 oblivionem
1213 732 1435 790 tradetur,
1471 733 1552 782 scd
1585 752 1613 783 a
1644 735 1828 800 legifera

358 809 459 874 ipsa
491 818 706 874 potestate
741 806 991 856 necessario
1031 824 1058 854 a
1090 807 1243 855 codice
1276 817 1574 873 expungetur,
1594 851 1596 853 ,
1614 827 1715 858 cum
1749 810 1827 860 de-

358 885 473 933 derit
505 885 672 933 fructus
707 901 828 932 suos.

905 1036 1180 1074 ARTicnsz
1205 1006 1267 1072 iv.

428 1146 507 1185 Lex
520 1174 533 1196 ‚
561 1155 659 1196 quae
677 1145 972 1184 Matrimonium
987 1143 1102 1183 civile
1117 1144 1303 1185 libertatis
1322 1147 1478 1185 nomine
1495 1146 1720 1188 cohonestat
1734 1177 1747 1197 ,

662 1210 702 1247 in
729 1209 851 1259 legem
878 1208 1033 1258 desinit,
1052 1219 1151 1259 quae
1169 1208 1274 1249 favet
1299 1210 1535 1260 tyranniffl;·=
1596 1218 1600 1222 ·

447 1331 528 1378 vix
546 1331 767 1395 suspicari
785 1331 1013 1395 quispiam
1033 1347 1167 1395 posse
1194 1330 1444 1388 videretur,
1472 1348 1571 1380 eam
1590 1332 1732 1396 legem
1757 1343 1826 1399 ty-

354 1406 531 1455 rannidi
552 1406 699 1454 favere
716 1416 851 1471 atque
868 1406 980 1455 adeo
998 1423 1099 1454 esse
1122 1406 1413 1471 tyrannicam,
1437 1424 1555 1473 quae
1571 1408 1823 1468 facultatem

353 1482 536 1547 praebet
552 1482 946 1531 indiscriminatim
963 1482 1170 1531 omnibus
1196 1482 1349 1531 civiles
1368 1483 1556 1549 nuptias,
1566 1485 1825 1542 contrahen-

352 1559 415 1618 di,
439 1576 643 1625 quaeque
660 1559 807 1625 potius
826 1558 884 1607 ad
902 1558 1165 1616 libertatem,
1188 1559 1322 1607 immo
1339 1575 1443 1608 vero
1460 1561 1593 1609 etiam
1607 1561 1667 1619 ad
1686 1561 1824 1610 licen-

351 1636 456 1683 tiam
480 1636 713 1692 fovendam
737 1636 958 1700 dirigitur.
981 1634 1115 1700 Atqui
1143 1635 1360 1683 eiusmodi
1384 1635 1455 1684 lex
1477 1635 1563 1683 sub
1587 1636 1820 1702 multiplici

352 1722 557 1777 respectu
590 1729 773 1761 necesse
795 1722 865 1759 est
891 1711 1127 1776 tyrannica
1151 1711 1325 1768 evadat,
1354 1729 1435 1760 seu
1460 1711 1558 1760 fons
1581 1722 1821 1778 perpetuus

350 1787 612 1852 multiplicis
627 1787 871 1836 vexationis
887 1786 1108 1836 violentae
1125 1797 1259 1852 atque
1282 1787 1556 1851 tyrannicae.
1572 1788 1823 1852 Tyrannica

350 1863 507 1912 evadet
540 1880 646 1927 erga
678 1863 913 1911 ecclesiam
946 1863 1134 1928 eiusque
1168 1863 1419 1923 ministros;
1456 1863 1686 1927 tyrannica
1719 1880 1823 1928 erga

350 1940 588 2003 coniuges;
626 1939 859 2005 tyrannica
886 1957 991 2003 erga
1014 1938 1204 2005 prolem3
1233 1939 1466 2004 tyrannica
1495 1939 1688 2004 denique
1720 1940 1821 1988 uni-

326 2017 512 2071 versim
540 2033 647 2081 erga
678 2017 814 2065 cives.
845 2017 978 2065 Porro
1007 2033 1135 2064 nemo
1169 2016 1394 2079 negaverit
1427 2033 1525 2065 cam
1558 2016 1699 2081 legem
1733 2033 1820 2065 me-

330 2093 433 2149 „rito
473 2093 750 2158 tyrannicam
790 2091 1071 2158 nuncupari,
1121 2108 1237 2156 quae
1278 2102 1431 2140 contra
1464 2092 1536 2140 ius
1570 2091 1778 2140 statuitur
1805 2131 1814 2148 ,

327 2186 465 2234 ..quae
497 2169 796 2218 conscientiae
830 2169 928 2226 iura
966 2168 1134 2225 laedit,
1175 2184 1378 2234 quaeque
1412 2168 1622 2234 opprimit
1655 2168 1817 2217 civium

347 2245 610 2294 libertatem.
650 2246 781 2311 Atqui
816 2245 948 2294 talem
981 2245 1167 2293 evadere
1199 2244 1340 2308 legem
1362 2281 1373 2301 ‚
1417 2261 1533 2309 quae
1566 2245 1813 2292 sanciretur

347 2321 405 2369 ad
438 2321 769 2370 cohonestanda
802 2320 953 2369 civilia
985 2321 1227 2378 connubia,
1257 2321 1324 2368 sic
1346 2337 1425 2385 per
1453 2319 1632 2383 singula
1665 2336 1815 2368 recen-

348 2397 434 2445 sita
467 2398 615 2463 capita
649 2396 882 2445 ostendere
915 2396 1214 2460 aggredimur.

441 2473 503 2522 Ac
537 2474 679 2539 primo
714 2472 771 2521 ad
814 2473 1047 2522 ecclesiam
1090 2473 1209 2538 quod
1253 2474 1410 2521 attinet
1450 2472 1636 2537 eiusque
1681 2472 1813 2519 mini-

347 2560 486 2606 stros,
520 2551 566 2597 in
602 2560 753 2616 aperto
777 2568 847 2598 res
871 2560 953 2598 est.
983 2550 1156 2597 Etenim
1187 2549 1256 2596 lex
1292 2547 1510 2596 eiusmodi
1539 2547 1706 2596 directe
1728 2565 1811 2613 pu-

345 2637 448 2688 gnat
482 2645 583 2676 cum
611 2626 828 2676 ecclesiae
861 2625 1104 2675 catholicae
1132 2625 1357 2682 doctrina,
1391 2641 1529 2690 quum
1558 2623 1729 2672 validas
1756 2623 1810 2671 il—

345 2701 413 2749 las
436 2714 598 2751 statuat
621 2703 800 2769 nuptias
820 2742 828 2759 ,
859 2720 970 2768 quas
995 2701 1152 2766 religio
1182 2712 1408 2766 tamquam
1433 2700 1579 2748 irritas
1594 2739 1603 2757 ‚
1638 2699 1806 2756 nullas,

346 2795 397 2826 ac
432 2778 690 2827 fornicarias
728 2779 915 2844 repellit.
945 2779 1058 2826 Dum
1083 2778 1268 2843 proinde
1293 2777 1489 2843 perditae
1515 2776 1808 2825 conscientiae
