1918 3186
343 178 431 224 134
603 193 682 224 mn.
711 192 739 223 1.
769 191 881 222 εκεῖ.
910 191 939 222 1.
967 192 1019 223 nn
1042 193 1213 225 numm.
1235 193 1515 226 sicnxunnro.

337 269 528 316 medium
554 268 761 332 proferre.
785 268 877 314 lam
903 285 1005 316 vero
1028 269 1073 315 in
1097 269 1250 317 eodem
1274 270 1455 318 laudato
1478 287 1608 335 opere
1629 273 1787 337 Desy-

338 345 466 399 nodo,
487 344 603 408 quod
621 361 700 407 pro
716 360 764 390 se
781 343 970 406 allegant
991 344 1097 391 Cani
1123 345 1332 402 asseclae,
1359 356 1509 410 aperte
1530 347 1787 394 Benedictus

337 430 462 467 vocat
494 419 761 466 sacerdotem
779 456 789 474 ,
836 435 915 466 seu
959 420 1198 484 parochum
1237 424 1391 467 testem
1415 422 1782 468 authorizabilem.

325 494 410 549 ,Sic
437 494 554 541 enim
585 493 738 540 scribit
763 493 840 540 lib.
864 493 978 540 XIII.
1001 511 1040 541 c.
1064 496 1138 541 23.
1162 514 1207 541 n.
1231 497 1306 542 16.
1332 496 1592 543 «Parochus
1611 497 1790 544 interest

338 569 614 617 matrimonio
637 580 857 634 tamquam
877 571 992 616 testis
1010 571 1338 618 authorizabilis
1355 590 1434 636 pro
1451 572 1655 628 ecclesia,
1675 578 1791 637 'quae

338 663 438 692 cum
464 645 510 691 in
538 645 646 693 aliis
666 645 855 703 duObus,
883 656 958 692 aut
981 646 1119 693 tribus
1155 647 1340 695 testibus
1374 648 1431 695 ad
1464 649 1788 695 matrimonium

340 722 602 770 necessariis
635 740 721 770 non
753 740 829 769 eas
863 722 1094 787 qualitates
1129 723 1350 788 requirat,
1389 742 1503 788 quae
1527 724 1636 772 >illos
1670 724 1788 771 omni

339 799 593 861 exceptione
631 798 818 844 maiores
851 798 1128 844 constituant.
1153 798 1411 846 ...Idcirco
1451 799 1630 863 parochi
1665 817 1792 863 prae-

342 873 528 919 sentiam
558 872 696 920 voluit
731 875 887 935 (conc.
909 873 1247 935 tridentinum),
1273 884 1322 920 ut
1349 874 1394 920 in
1422 875 1541 922 illius
1577 875 1793 939 probitate

341 948 578 996 maximum
615 947 810 996 veritatis
843 948 1174 995 fundamentum
1205 959 1456 1006 statueret,
1493 962 1542 997 ut
1573 951 1794 1014 colligitur

341 1041 394 1070 ex
410 1023 596 1070 historia
611 1023 784 1071 concilii
806 1024 953 1086 (49).»
974 1025 1081 1071 Item
1100 1024 1146 1070 in
1165 1025 1441 1073 Institutione
1454 1027 1649 1073 XXXIII.
1672 1044 1716 1073 n.
1742 1028 1786 1072 2.

341 1098 525 1163 loquens
549 1099 604 1145 de
623 1099 800 1154 ,concilii
833 1099 1059 1146 tridentini
1087 1099 1284 1156 decreto,
1312 1118 1399 1165 quo
1423 1102 1704 1149 constitutum
1727 1112 1794 1150 est

340 1184 390 1221 ut
411 1174 620 1239 deinceps
647 1175 973 1223 matrimonium
998 1175 1080 1223 sub
1103 1176 1315 1224 nullitatis
1340 1187 1482 1241 poena
1505 1177 1797 1226 celebraretur

341 1266 489 1313 coram
522 1250 715 1314 parocho
748 1268 799 1298 ac
831 1250 1018 1307 duobus,
1056 1261 1131 1298 aut
1163 1251 1304 1299 tribus
1336 1252 1539 1308 testibus,
1574 1253 1659 1300 ait:
1697 1273 1718 1297 «
1741 1254 1796 1300 Ut

344 1324 499 1388 paucis
522 1325 809 1389 expediamus
833 1325 1088 1382 doctrinam,
1120 1343 1233 1390 quae
1256 1326 1454 1374 eiusdem
1478 1327 1640 1374 decreti
1661 1344 1795 1375 causa

344 1399 514 1464 prolata
536 1400 638 1458 fuit,
666 1401 786 1449 nullo
820 1411 944 1465 pacto
978 1403 1237 1449 sacramenti
1262 1403 1511 1459 materiam,
1538 1421 1590 1450 ac
1612 1403 1795 1450 formam

344 1476 617 1524 immutatam
651 1477 788 1526 fuisse
815 1484 1012 1533 'constat3
1047 1495 1147 1524 nam
1175 1481 1355 1526 materia
1382 1479 1426 1525 in
1452 1479 1679 1527 tradendis
1701 1497 1798 1526 mu·-

345 1563 439 1609 tuo,
467 1570 519 1600 ac
541 1552 734 1616 legitime
757 1553 1012 1617 corporibus
1037 1571 1115 1617 per
1136 1554 1269 1601 verba
1284 1593 1294 1610 ‚
1323 1565 1397 1601 aut
1420 1566 1553 1603 nutus
1578 1556 1634 1602 ad
1658 1556 1799 1620 expli·

346 1628 535 1675 candum
568 1629 766 1675 intimum
795 1646 1055 1677 consensum
1085 1630 1386 1677 accomodatos
1412 1631 1615 1678 collocata
1637 1649 1799 1695 semper

346 1703 453 1767 suit,·
491 1704 628 1767 forma
661 1721 764 1751 vero
797 1704 843 1750 in
877 1704 1148 1768 excipiendis
1180 1715 1353 1761 mutuo,
1393 1722 1445 1752 ac
1479 1705 1672 1768 legitime
1703 1724 1799 1754 cor-

348 1778 529 1843 poribus
547 1797 626 1843 per
648 1780 935 1827 contrahentes
967 1780 1237 1843 designatur.
1261 1781 1369 1827 Cum
1398 1781 1531 1844 igitur
1565 1781 1799 1829 tridentina

348 1855 548 1919 synodus
583 1873 664 1903 nec
695 1855 938 1919 legitimum
971 1863 1180 1921 pactum,
1226 1875 1306 1905 nec
1338 1857 1533 1920 legitime
1566 1858 1710 1914 tradi,
1757 1869 1800 1905 et

349 1931 491 1995 excipi
526 1948 709 1996 corpora
741 1931 1017 1988 iudicaverit,
1045 1932 1132 1979 nisi
1155 1932 1330 1996 quando
1353 1932 1679 1979 matrimonium
1703 1950 1802 1980 con-

350 2006 561 2063 trahitur,
606 2006 825 2071 parochus
861 2024 960 2054 cum
992 2007 1164 2054 duobus
1182 2045 1192 2063 ,
1221 2017 1304 2055 -aut
1335 2007 1475 2054 tribus
1508 2007 1706 2059 testibus
1728 2026 1801 2055 as-

351 2082 515 2138 sistat,·
537 2082 642 2129 hinc
669 2082 928 2129 sacramenti
962 2082 1188 2129 materiam
1219 2100 1271 2130 ac
1302 2082 1485 2129 formam
1521 2100 1798 2147 nequaquam

352 2158 509 2204 mutari
543 2158 834 2206 certissimum
868 2168 955 2215 est,
991 2176 1129 2223 quae,
1156 2168 1204 2206 ut
1226 2176 1361 2223 supra
1393 2159 1610 2214 diximus,
1642 2159 1687 2204 in
1718 2168 1802 2204 tra-

353 2233 502 2280 dendis
535 2234 878 2299 excipiendisque
903 2245 1068 2290 mutuo,
1096 2252 1145 2282 ac
1171 2236 1352 2299 leqitime
1375 2235 1619 2298 corporibus
1639 2251 1802 2298 semper

354 2312 589 2373 continetur
609 2313 702 2372 (50)
715 2349 723 2357 .
734 2331 756 2355 »
773 2311 827 2358 Et
843 2311 953 2358 haec
969 2311 1024 2359 de
1046 2329 1253 2375 germana
1268 2311 1489 2359 Benedicti
1504 2310 1613 2356 XIV.
1634 2320 1792 2357 mente.

354 2384 553 2431 Ceterum
576 2395 618 2432 et
641 2386 762 2432 illam
787 2386 1045 2435 sententiam
1068 2386 1123 2434 ab
1145 2404 1198 2434 ea
1214 2387 1532 2450 probabilitate,
1554 2385 1678 2433 cuius
1705 2386 1801 2449 ipse

355 2461 573 2518 meminit,
610 2461 851 2517 excidisse,
888 2479 941 2508 ex
971 2462 1171 2509 dicendis
1208 2462 1338 2525 paulo
1370 2472 1469 2525 post
1500 2460 1680 2525 patebit.

450 2630 515 2671 (49)
536 2632 630 2664 Forte
644 2631 773 2672 quando
787 2640 814 2664 s.
825 2622 1007 2673 Alphonsus
1022 2632 1162 2673 primum
1177 2629 1279 2663 edidit
1295 2639 1389 2663 suum
1402 2632 1484 2671 opus
1496 2630 1537 2662 de
1550 2630 1723 2670 'theologia
1736 2638 1803 2662 mo-

358 2681 416 2713 rali
427 2706 437 2722 ‚
462 2684 604 2716 nondum
618 2685 764 2717 ediderat
782 2685 973 2718 Benedictus
987 2686 1070 2717 XIV.
1083 2683 1274 2726 posteriores
1287 2683 1386 2715 libros
1399 2691 1480 2724 quos
1495 2684 1605 2723 postea
1619 2682 1735 2716 adiecit
1748 2691 1803 2722 op.

356 2735 404 2766 De
417 2735 555 2776 synodo,
570 2737 602 2769 et
615 2737 676 2770 hac
691 2738 732 2770 de
745 2745 843 2770 causa
858 2738 944 2770 hunc
959 2746 1056 2778 quem
1070 2736 1237 2769 attulimus
1248 2736 1355 2768 locum
1369 2744 1434 2767 non
1447 2735 1605 2776 allegavit.

452 2787 517 2827 (50)
539 2790 696 2823 Institut.
712 2790 931 2823 ecclesiastic.
948 2799 1023 2831 opp.
1041 2789 1092 2823 ed.
1107 2792 1200 2823 Rom.
1219 2792 1305 2821 1750.
1318 2797 1388 2830 pag.
1405 2793 1463 2821 215
1483 2796 1554 2828 sea.
