1912 3180
332 177 422 223 298
588 191 666 221 mn.
698 189 727 220 1.
758 187 873 220 snc‘r.
903 188 1077 220 arnna.
1107 189 1160 220 nn
1196 189 1370 224 numu.
1399 189 1540 223 civim.

329 270 441 334 ipsis
470 279 562 323 est,
597 266 872 330 deprimant,
902 267 1170 331 faveantque
1193 267 1296 316 totis
1320 266 1491 315 viribus
1521 272 1802 332 protestanti—

330 346 440 400 bus,
480 353 630 408 utpote
663 342 808 406 magis
844 343 1017 392 idoneis
1041 343 1098 390 ad
1128 343 1472 400 commercium,
1506 343 1799 402 industriam,

328 419 689 484 mundanamque
723 419 974 468 felicitatem
1002 419 1362 484 promovendam.
1387 420 1502 468 Hinc
1528 419 1803 484 irreligiosae

329 497 448 559 leges
467 533 477 552 ,
506 513 621 560 quae
644 494 890 543 catholicos
914 496 1105 551 feriunt,
1134 495 1394 560 praesertim
1417 513 1522 544 vero
1546 496 1801 561 praesules,

328 572 580 623 sacerdotes
609 589 662 621 ac
691 571 923 635 religiosos
958 572 1101 627 viros,
1140 589 1253 636 quos
1289 582 1516 638 tamquam
1552 571 1805 637 peripsema

329 649 495 696 habent
513 649 703 713 pedibus
722 649 1053 714 proterendum,
1078 664 1130 694 ac
1150 665 1230 712 per
1247 660 1544 713 contemptum
1564 650 1804 700 clericalem

327 726 557 789 factionem
581 735 856 789 nuncupant.
887 724 996 770 Cum
1021 723 1077 770 de
1102 722 1176 771 his
1199 724 1346 787 agitur
1363 762 1374 780 ,
1403 735 1508 772 tunc
1537 724 1694 787 legalis
1727 724 1804 772 illa

329 802 449 850 fictio
483 802 793 851 abstractionis
819 819 845 848 a
869 800 1082 864 religione
1104 811 1277 856 cessat,
1307 800 1535 865 religionis
1560 801 1805 851 catholicae

328 878 686 943 pseudo-politici
712 877 1021 932 recordantur,
1043 888 1178 942 atque
1200 878 1246 924 in
1271 878 1337 926 eis
1362 895 1449 927 non
1474 879 1598 933 civis,
1628 878 1708 928 sed
1732 897 1805 927 ca·

330 957 478 1005 tholici
501 954 693 1003 ministri
729 953 988 1019 qualitatem
1023 953 1312 1002 insectantur.

423 1032 567 1089 Haec,
607 1048 724 1096 quae
755 1031 826 1078 vix
862 1030 1183 1087 delibavimus,
1221 1031 1258 1079 si
1295 1031 1398 1096 quis
1433 1031 1583 1079 animo
1616 1048 1699 1079 suo
1735 1049 1804 1079 re-

327 1119 451 1173 putet
484 1108 690 1173 serioque
723 1108 996 1173 perpendat,
1035 1108 1358 1156 animadvertet
1380 1125 1467 1156 non
1497 1125 1599 1156 esse
1621 1126 1648 1157 a
1672 1107 1802 1156 nobis

326 1184 463 1232 veluti
499 1185 693 1248 imagine
726 1185 942 1242 conficta,
982 1185 1064 1232 sed
1099 1185 1227 1232 factis
1262 1184 1563 1249 comprobata.
1593 1184 1710 1232 Satis
1735 1195 1805 1232 est

326 1260 479 1309 oculos
514 1261 682 1309 circum
717 1260 830 1308 ferre
865 1278 945 1325 per
977 1261 1124 1308 varias
1158 1259 1365 1308 catholici
1400 1260 1522 1308 orbis
1553 1270 1728 1324 partes,
1756 1271 1805 1307 ut

329 1335 448 1385 illico
476 1337 670 1401 quisque
698 1336 926 1383 veritatem
955 1336 1105 1384 videat
1132 1353 1300 1392 eorum,
1324 1353 1442 1400 quae
1459 1335 1797 1383 affirmavimus.

426 1415 561 1461 Porro
599 1430 654 1460 ex
686 1412 771 1461 hoc
804 1412 963 1476 legalis
1006 1412 1214 1460 atheismi
1261 1412 1483 1477 principio
1518 1412 1607 1478 peti
1642 1411 1805 1459 debent

327 1488 530 1537 inaudita
552 1489 768 1537 hactenus
786 1491 833 1536 in
850 1489 1106 1552 regionibus
1132 1489 1364 1537 catholicis
1389 1489 1672 1536 matrimonia
1694 1506 1803 1554 pure

327 1565 503 1622 civilia,
542 1576 585 1613 et
617 1565 687 1613 lex
721 1565 777 1612 ad
812 1582 866 1613 ea
899 1565 1232 1613 cohonestanda
1266 1582 1319 1613 ac
1353 1565 1655 1629 promovenda
1699 1582 1800 1612 cum

327 1653 449 1690 tanta
482 1643 730 1690 animarum
755 1653 889 1706 atque
913 1642 1057 1707 ipsius
1083 1641 1287 1706 publicae
1322 1641 1570 1690 honestatis
1606 1641 1802 1705 pernicie

329 1730 374 1766 et
406 1719 592 1766 iactura.

421 1796 591 1860 Ecquis
624 1813 729 1844 vero
763 1807 852 1853 est,
891 1796 970 1860 qui
1005 1813 1093 1843 non
1126 1794 1304 1851 videat,
1354 1794 1574 1842 eiusmodi
1620 1793 1798 1843 exitiale

326 1871 597 1936 principium
631 1889 811 1935 germen
844 1888 946 1919 esse
980 1871 1222 1935 impietatis
1257 1870 1512 1918 maximae?
1539 1870 1656 1926 Quid
1684 1870 1801 1917 enim

325 1959 394 1997 est
427 1948 549 1996 aliud
585 1966 794 2014 separare
818 1966 912 1995 rem
935 1948 1109 1996 civilem
1135 1965 1161 1995 a
1184 1947 1416 2010 religiosa,
1445 1965 1581 2012 quam
1612 1947 1799 1995 fulcrum

325 2025 617 2089 praecipuum
648 2025 792 2089 ipsius
827 2024 1054 2072 societatis
1079 2023 1287 2089 politicae
1322 2042 1568 2080 removere,
1608 2041 1661 2072 ac
1693 2023 1803 2071 civi—

326 2102 410 2149 bus
438 2101 775 2149 incitamentum
802 2102 1093 2166 praecipuum
1117 2101 1173 2148 ad
1200 2100 1310 2164 legis
1335 2101 1664 2149 observantiam
1692 2100 1802 2149 ,sub-

326 2178 526 2235 trahere,
547 2179 636 2227 vim
655 2178 890 2243 physicam
914 2178 958 2225 vi
983 2176 1141 2225 morali
1167 2194 1218 2224 ac
1243 2177 1478 2240 religiosae
1503 2175 1803 2225 substituere?

327 2254 444 2310 Quid
473 2254 596 2302 aliud
625 2266 720 2312 est,
750 2272 882 2319 quam
909 2255 1075 2302 calcem
1095 2271 1147 2302 ac
1165 2263 1440 2301 caementum
1459 2272 1485 2300 a
1504 2254 1730 2318 lapidibus
1756 2253 1800 2300 in

324 2332 517 2379 aedificii
552 2331 668 2380 mole
701 2331 989 2387 subtrahere,
1030 2331 1211 2379 unicum
1247 2331 1404 2379 efficax
1439 2330 1640 2386 frenum,
1679 2331 1800 2395 quod

326 2419 544 2466 remanet,
583 2408 802 2473 proiicere
835 2407 894 2455 ad
930 2408 1051 2455 cives
1088 2408 1386 2465 coercendos,
1426 2425 1482 2455 ne
1515 2406 1724 2454 diffluant
1755 2407 1801 2453 in

323 2501 459 2532 omne.
477 2484 655 2541 >saelum
685 2483 886 2532 habenas
918 2484 1068 2531 laxare
1101 2483 1221 2530 omni
1257 2483 1503 2548 iniquitati,
1532 2482 1630 2529 iura
1652 2482 1801 2530 omnia

323 2562 614 2624 pessumdare
637 2571 680 2608 et
700 2571 885 2626 quatere
901 2599 911 2617 ,
939 2563 1055 2625 quae
1078 2559 1286 2608 columen
1322 2560 1645 2624 munimenque
1668 2559 1798 2607 suum

325 2654 352 2683 a
383 2637 595 2702 religione
627 2639 761 2686 unice
793 2636 1085 2686 mutuantur?
1108 2637 1162 2684 Et
1187 2648 1331 2684 tamen
1358 2636 1443 2684 hoc
1467 2636 1524 2683 ab
1548 2637 1605 2684 iis
1630 2637 1695 2694 fit,
1723 2636 1799 2701 qui

326 2712 546 2762 honestati
582 2714 789 2780 publicae
822 2714 1058 2778 invigilare
1082 2731 1135 2761 ex
1159 2713 1308 2761 officio
1344 2723 1575 2770 tenentur,
1613 2729 1800 2778 eamque

326 2789 444 2836 omni
471 2807 558 2854 qua
587 2803 775 2855 possunt
798 2809 881 2855 ope
906 2808 1188 2855 promovere:
1219 2790 1353 2837 immo
1377 2789 1495 2837 addo
1529 2789 1798 2854 quandoque
