1918 3186
286 195 343 240 52
538 209 618 241 mn.
646 210 676 240 1.
706 207 818 239 sacr.
842 207 870 237 1.
899 205 951 236 m:
985 204 1158 238 mrum.
1187 205 1475 238 SACRAMENTO.

283 288 387 334 tutis
409 296 779 334 sacramentorum
805 284 923 345 (4).»
945 280 1027 330 His
1050 282 1170 330 aliud
1195 283 1429 331 adiicimus
1453 284 1751 333 testimonium

282 380 334 410 ex
367 362 554 426 allegato
587 359 685 424 cap.
707 360 777 405 vl.
807 358 883 406 ubi
918 358 1047 407 affert
1079 360 1270 408 rationes
1306 372 1475 425 septem
1510 361 1566 408 ad
1603 362 1755 409 matri-

280 438 416 485 monii
452 435 726 484 sanctitatem
761 434 1102 491 adstruendam;
1142 453 1271 500 porro
1305 436 1494 501 septimo
1528 436 1624 484 loco
1657 454 1756 484 eam

282 513 408 577 ponit
438 529 553 577 quae
587 511 765 576 petitur:
793 510 897 556 «Ex
916 510 1023 575 ipso
1052 522 1351 568 sacramento,
1381 529 1470 576 quo
1494 511 1643 576 ipsum
1667 529 1757 559 ma-

283 588 535 635 trimonium
554 604 729 635 sacrum
748 587 926 650 signum
950 597 1019 634 est
1041 587 1309 634 matrimonii
1335 587 1581 652 spiritualis
1599 626 1609 644 ,
1637 587 1756 652 quod

280 681 381 711 esse
398 664 530 711 debet
546 664 661 711 inter
676 664 817 712 Deum
835 674 878 711 et
895 663 1088 711 animam
1113 662 1403 710 humanam.»
1423 663 1551 719 Quod
1575 664 1755 729 quidem

280 741 376 788 fuse
399 751 600 798 enarrat,
628 758 680 788 ac
701 740 879 787 demum
902 739 1126 787 concludit
1149 738 1410 787 Guilielmus
1429 759 1437 786 :
1464 760 1486 785 «
1500 741 1555 787 Et
1579 740 1756 788 attende

278 816 399 881 quod
434 816 580 881 ipsum
615 826 940 863 sacramentum
980 814 1250 861 matrimonii
1294 815 1580 862 fortissimam
1625 815 1761 863 habet

279 892 618 958 impressionem
643 891 888 957 spiritualis
911 890 1181 939 matrimonii
1216 901 1396 955 propter
1427 891 1754 939 vehementiam

280 968 658 1016 rememorationis
702 968 863 1032 ipsius.
901 966 1093 1014 Assidue
1131 967 1250 1015 enim
1297 966 1408 1014 illud
1454 966 1720 1033 coniugibus
1743 1005 1753 1023 ‚

282 1056 497 1110 quantum
529 1046 576 1091 in
608 1044 708 1109 ipso
742 1055 831 1100 est,
865 1041 1154 1100 rememorat,
1182 1054 1226 1090 et
1248 1043 1482 1108 imprimit,
1510 1041 1554 1090 et
1575 1040 1756 1109 propter

279 1120 363 1168 hoc
389 1120 679 1176 fortissimum
702 1131 771 1167 est
798 1118 1067 1166 adiutorium
1091 1136 1118 1166 a
1142 1129 1266 1183 parte
1299 1119 1410 1175 ista,
1447 1119 1753 1167 vehementer-

281 1213 368 1260 que
387 1196 715 1260 'impressivum
753 1194 1003 1242 sanctitatis
1041 1196 1104 1257 (5)
1117 1233 1125 1240 .
1137 1214 1159 1239 »

375 1272 440 1318 Ex
473 1271 546 1318 his
580 1270 844 1319 testimoniis
869 1269 1002 1317 simul
1028 1270 1200 1318 collatis
1225 1270 1473 1334 colligimus
1492 1271 1612 1336 quod
1635 1272 1759 1320 iuxta

281 1358 469 1394 mentem
499 1346 720 1393 Guilielmi
746 1346 1010 1410 parisiensis
1036 1346 1429 1394 1.matrimonium
1453 1346 1651 1396 fidelium
1677 1347 1758 1395 ha-

279 1422 382 1470 beat
414 1422 627 1469 rationem
654 1421 916 1469 sacramenti
941 1439 994 1468 ex
1018 1439 1067 1469 se
1090 1422 1214 1486 i'pso,
1243 1433 1464 1487 quatenus
1487 1434 1556 1470 est
1579 1423 1756 1486 signum

279 1515 455 1546 sacrum
479 1509 522 1545 et
545 1498 727 1545 sacrans
760 1497 927 1562 gratiae
955 1498 1297 1555 sanctificantis,
1331 1516 1447 1563 quae
1474 1499 1519 1546 in
1548 1499 1757 1547 omnibus

280 1574 570 1623 sacramentis
605 1592 746 1623 novae
772 1574 886 1638 legis
920 1575 1162 1631 confertur;
1193 1576 1237 1622 2.
1261 1576 1380 1640 quod
1408 1576 1493 1624 hoc
1521 1576 1579 1623 sit
1606 1593 1760 1624 essen-

279 1651 383 1699 tiale
416 1651 503 1716 ipsi
538 1652 666 1715 signo
699 1651 819 1716 quod
854 1650 1043 1699 habetur
1076 1668 1157 1716 per
1199 1651 1554 1699 coniunctionem
1589 1651 1759 1699 nuben-

279 1728 415 1784 tium,
450 1744 530 1775 seu
558 1744 637 1792 per
663 1744 814 1775 eorum
845 1744 1139 1784 consensum;
1170 1729 1213 1774 3.
1236 1727 1355 1792 quod
1381 1727 1558 1791 signum
1583 1744 1757 1774 sacrum

279 1814 322 1851 et
352 1820 534 1851 sacrans
559 1820 646 1851 non
672 1803 935 1851 interveniat
957 1801 1002 1849 in
1027 1804 1234 1867 coniugio
1257 1803 1528 1860 infidelium,
1557 1803 1757 1869 adeoque

279 1876 464 1928 istorum
494 1878 763 1927 connubium
781 1896 869 1927 non
888 1879 1051 1927 habeat
1074 1880 1288 1927 rationem
1313 1879 1598 1936 sacramenti,
1628 1890 1760 1944 prout

280 1955 413 2002 habet
446 1955 644 2003 fidelium
677 1955 956 2019 coniugium;
983 1956 1158 2020 4.quod
1181 1955 1433 2003 benedictio
1467 1955 1756 2006 sacerdOtalis

281 2031 463 2095 minime
496 2031 720 2079 censenda
753 2031 812 2079 sit
844 2031 1099 2079 essentialis
1144 2043 1418 2080 sacramento
1453 2032 1753 2088 matrimonii,

280 2123 380 2153 cum
420 2118 745 2155 sacramentum
778 2107 1018 2163 habeatur,
1061 2107 1138 2154 ubi
1174 2108 1427 2155 necessaria
1461 2125 1595 2156 causa
1614 2108 1758 2155 'inter-

278 2181 502 2239 veniente,
519 2183 779 2231 <benedictio
805 2183 1093 2231 sacerdotalis
1127 2184 1358 2231 omittitur.
1382 2184 1475 2231 Hoc
1501 2200 1602 2231 vero
1635 2182 1757 2230 affir-

279 2258 389 2304 mari
414 2275 501 2305 non
530 2269 705 2322 posset,
735 2259 772 2307 si
797 2259 1085 2307 sacerdotalis
1120 2259 1370 2307 benedictio
1399 2259 1456 2306 ad
1490 2259 1753 2306 sacramenti

280 2333 464 2380 formam
501 2343 635 2398 atque
663 2334 773 2381 adeo
802 2335 858 2381 ad
889 2335 987 2382 eius
1015 2336 1256 2383 essentiam
1289 2345 1534 2400 spectaret;
1566 2337 1610 2381 5.
1634 2334 1754 2398 quod

279 2408 465 2472 proinde
488 2409 706 2457 eiusmodi
729 2409 980 2458 benedictio
1004 2421 1047 2458 et
1069 2411 1210 2459 oratio
1236 2411 1521 2476 superveniat
1549 2410 1755 2473 coniugio

280 2484 368 2531 iam
394 2495 642 2542 contracto,
671 2503 751 2533 seu
775 2496 1050 2534 sacramento
1074 2487 1341 2534 matrimonii
1366 2487 1453 2533 iam
1478 2486 1674 2534 consecto
1698 2486 1756 2533 ad

279 2559 530 2608 ulteriorem
558 2579 585 2608 a
607 2562 700 2609 Deo
733 2561 1054 2626 impetrandam
1088 2562 1390 2618 sanctitatem,
1418 2562 1461 2609 vi
1500 2561 1757 2609 inhaerente

283 2635 368 2699 ipsi
405 2637 617 2694 orationi,
645 2648 865 2702 quatenus
895 2638 1072 2686 nomine
1100 2637 1318 2685 ecclesiae
1345 2638 1543 2686 funditur
1565 2656 1592 2686 a
1615 2654 1756 2686 sacer-

376 2759 421 2799 (4)
443 2761 520 2792 Loc.
539 2761 592 2792 cit.
612 2770 682 2802 pag.
698 2764 770 2794 496.
788 2762 852 2794 vol.
866 2763 906 2794 11.

380 2812 425 2852 (5)
447 2812 527 2844 lbid.
546 2821 616 2854 pag.
634 2816 703 2846 491.
720 2816 781 2847 col.
801 2819 827 2847 1.
