1918 3186
366 195 423 240 80
618 210 697 241 ΜΒ.
727 209 756 240 Ι.
785 207 896 240 SEGT.
925 207 954 238 1.
983 206 1034 238 m:
1061 207 1232 240 numm.
1262 208 1542 241 SAGRAMENTO.

459 288 793 350 Decimoquarto.
832 284 1017 332 Demum
1063 286 1366 343 concludunt,
1417 287 1623 334 universa
1663 278 1821 353 prope·

365 363 540 410 modum
563 361 779 424 legislatio
802 361 1015 410 canonica
1036 373 1268 410 evanescet
1293 362 1410 410 circa
1441 363 1685 410 christiana
1719 380 1820 411 con-

364 438 519 493 nubia,
542 438 671 501 eique
689 436 783 484 sola
799 436 1014 500 legislatio
1041 438 1185 487 civilis
1213 439 1480 495 sufficietur,
1522 440 1560 486 si
1584 477 1594 496 ,
1631 439 1695 487 uti
1728 441 1820 487 ani·

363 513 702 569 madvertimus,
746 504 867 560 illam
904 514 1034 561 unice
1072 525 1240 578 partem
1278 515 1495 579 excipias,
1533 531 1647 579 quae
1685 510 1822 563 afficit

362 589 676 653 dispositiones
711 606 826 654 quae
851 589 906 637 ad
930 599 1251 638 sacramentum
1287 591 1367 638 rite
1401 590 1733 655 suscipiendum
1754 608 1821 638 re-

362 674 610 729 qulruntur.

459 739 582 787 Talia
615 750 718 788 sunt
750 741 986 806 praecipua
1017 740 1274 798 corollaria,
1298 760 1412 807 quae
1434 759 1487 790 ex
1509 743 1618 790 Cani
1646 753 1821 790 senten-

363 816 424 864 tia
457 815 578 863 haud
611 817 740 881 pauci
774 817 904 864 etiam
937 817 1051 863 inter
1083 816 1323 865 catholicos
1363 818 1638 866 deduxerunt
1670 829 1821 866 contra

363 902 553 939 mentem
568 930 578 949 ,
606 902 654 940 ut
676 892 867 940 diximus
882 931 892 949 ,
921 892 1134 949 auctoris,
1163 893 1239 957 qui
1263 893 1456 957 profecto
1479 894 1607 957 longe
1630 895 1686 942 ab
1710 895 1822 942 eius-

363 968 483 1016 modi
517 969 728 1017 doctrinis
765 969 945 1026 aberat,
983 986 1126 1033 neque
1165 969 1381 1033 praevidit
1414 970 1460 1015 in
1494 987 1627 1034 quam
1662 970 1822 1017 malam

368 1055 536 1110 partem
577 1044 834 1092 maleseriati
873 1044 1075 1092 homines
1124 1045 1340 1092 sententia
1382 1045 1466 1092 hac
1512 1063 1592 1093 sua
1635 1045 1825 1092 fuissent

364 1120 561 1168 abusuri.
590 1120 888 1168 Ineiusmodi
923 1120 1040 1167 enim
1074 1121 1360 1168 consectariis
1394 1121 1672 1178 evolvendis,
1711 1138 1825 1186 quae

363 1197 556 1262 profecto
579 1214 631 1244 ex
649 1196 756 1244 Cani
775 1197 992 1244 sententia
1017 1196 1210 1259 legitime
1235 1215 1321 1259 non
1344 1197 1634 1254 descendunt,
1653 1197 1824 1263 praeci—

367 1290 454 1338 pue
476 1272 792 1330 excelluerunt,
815 1272 891 1337 qui
911 1272 1041 1319 aulici
1066 1273 1301 1337 scriptores
1325 1273 1537 1329 audiunt,
1567 1273 1643 1337 qui
1667 1290 1825 1337 nempe

365 1365 418 1396 ex
451 1348 748 1395 assentatione
775 1365 879 1411 erga
902 1348 1126 1413 principes
1148 1348 1273 1396 veriti
1301 1365 1388 1395 non
1419 1359 1520 1395 sunt
1542 1366 1723 1395 causam
1751 1365 1825 1395 ca-

364 1423 572 1471 tholicam
605 1425 817 1489 prodere;
856 1424 987 1471 etiam
1014 1423 1400 1488 pseudo-politici,
1436 1416 1512 1488 qui
1535 1441 1641 1488 prae
1663 1423 1825 1486 gaudio

362 1500 548 1548 exiliunt
580 1500 750 1565 quoties
783 1499 995 1547 ecclesiae
1027 1498 1293 1554 catholicae,
1327 1516 1379 1546 ac
1407 1499 1526 1546 sedis
1559 1498 1826 1563 apostolicae

363 1575 460 1622 iura
503 1576 710 1623 invadere
755 1584 968 1640 possunt,
1003 1584 1052 1621 ut
1083 1574 1159 1621 illa
1191 1574 1236 1620 in
1272 1574 1497 1638 principes
1539 1574 1819 1622 transferant.

364 1651 534 1698 Exinde
555 1652 686 1699 etiam
710 1652 1030 1717 profluxerunt,
1061 1667 1174 1715 quae
1200 1650 1397 1716 synodus
1420 1651 1698 1714 pistoriensis
1721 1667 1825 1697 con-

365 1727 508 1774 stituit
539 1727 656 1775 circa
688 1727 1002 1792 impedimenta
1033 1726 1361 1773 matrimonium
1395 1725 1670 1781 dirimentia3
1709 1721 1825 1789 quae

368 1802 487 1849 circa
514 1803 839 1850 matrimonium
864 1799 991 1850 civile
1013 1801 1176 1848 alicubi
1204 1811 1369 1849 tentata
1403 1812 1526 1858 sunt;
1560 1818 1675 1866 quae
1708 1801 1825 1847 circa

365 1877 574 1935 divortia,
612 1889 687 1925 aut
719 1877 1014 1944 polygamiam
1041 1877 1178 1924 variis
1203 1877 1248 1923 in
1272 1876 1524 1940 regionibus
1554 1876 1719 1939 ingenti
1743 1894 1825 1941 pu-

365 1953 507 2002 blicae
539 1954 784 2002 honestatis
818 1954 1005 2011 iactura,
1034 1965 1077 2002 et
1099 1971 1271 2001 morum
1305 1952 1551 2018 corruptela
1576 1952 1819 2015 agitantur,

366 2029 541 2095 aliaque
573 2030 790 2078 eiusmodi
824 2030 942 2077 mala
965 2047 1051 2077 non
1074 2046 1238 2094 pauca,
1267 2047 1380 2094 quae
1404 2029 1527 2076 hisce
1550 2027 1821 2092 temporibus

366 2105 506 2168 magis
540 2122 591 2152 ac
623 2105 769 2169 magis
799 2106 845 2152 in
878 2105 974 2153 dies
1009 2115 1213 2152 crescunt
1244 2116 1287 2152 et
1320 2104 1574 2152 dilatantur.

463 2180 752 2245 Quapropter,
766 2192 814 2228 ut
830 2181 1105 2246 perniciosae
1127 2180 1344 2228 eiusmodi
1369 2181 1593 2228 doctrinae
1609 2189 1821 2243 quantum

367 2255 413 2302 in
447 2256 575 2304 nobis
609 2257 692 2304 erit
723 2257 1017 2317 obsistamus,
1046 2257 1134 2304 huc
1167 2267 1348 2305 conatus
1374 2251 1615 2319 dirigemus
1649 2272 1817 2318 omnes,

366 2342 415 2379 ut
437 2349 534 2379 eam
563 2332 772 2380 radicitus
796 2333 1063 2398 extirpemus
1087 2344 1129 2381 et
1151 2333 1464 2382 convellamus.
1493 2332 1646 2395 Itaque
1663 2348 1715 2378 ex
1738 2330 1823 2376 hac

364 2408 486 2455 brevi
516 2407 688 2455 futurae
719 2410 990 2456 tractationis
1020 2410 1381 2466 adumbratione,
1410 2408 1496 2455 iam
1521 2406 1823 2472 progredimur

365 2484 422 2531 ad
439 2484 698 2549 exponenda
715 2485 945 2549 utriusque
963 2485 1204 2532 sententiae
1216 2485 1272 2531 de
1288 2485 1489 2532 ministro
1507 2483 1817 2537 fundamenta;

366 2577 482 2624 quae
502 2561 711 2626 deinceps
735 2578 815 2626 per
837 2561 1074 2626 quamdam
1094 2560 1228 2608 crisin
1251 2560 1546 2625 expendemus
1561 2597 1570 2615 ,
1591 2569 1639 2605 ut
1660 2558 1822 2605 veritas

369 2653 447 2682 suo
470 2636 516 2682 in
539 2636 704 2684 lumine
737 2637 982 2685 collocetur.
1013 2636 1138 2692 Quod
1161 2645 1209 2683 ut
1232 2635 1405 2700 plenius
1429 2635 1724 2691 obtineamus,
1753 2651 1823 2681 ar-

367 2723 573 2775 gumenta
606 2714 863 2778 singillatim
904 2714 1173 2778 proferemus
1216 2712 1309 2760 sive
1343 2729 1394 2759 ex
1427 2711 1601 2767 Bibliis,
1645 2711 1737 2757 sive
1770 2727 1821 2756 ex

369 2788 592 2852 patribus,
623 2791 713 2839 sive
736 2809 787 2838 ex
812 2790 899 2838 alio
922 2790 1078 2854 quovis
1109 2788 1351 2851 theologico
1386 2788 1502 2835 sonte
1535 2788 1791 2851 deprompta
1807 2824 1816 2839 7
