1918 3186
418 210 508 242 CAP.
537 210 583 242 ιι.
612 210 664 242 m:
697 209 907 241 mmsrno.
936 210 1029 242 ΛΒΤ.
1059 211 1088 242 ι.
1117 210 1288 248 Quuzsr.
1318 209 1456 242 omco.
1611 195 1669 239 53

193 290 319 346 dote;
357 299 628 354 quapropter
662 287 1056 337 haec-benedictio
1089 287 1376 337 accidentalis
1399 298 1543 335 est'ex
1567 288 1673 334 Gui-

195 365 342 414 lielmo
364 364 609 421 censenda,
630 364 708 429 qui
726 364 871 430 ipsam
894 364 1050 411 eodem
1074 365 1206 414 modo
1229 364 1416 430 requirit
1431 363 1489 411 ad
1508 364 1673 411 sancti-

195 442 418 491 ficandum
452 441 602 490 cibum
625 451 669 488 et
692 450 844 505 potum
860 478 870 497 ,
907 440 1120 506 aliudque
1143 459 1258 506 opus
1283 441 1597 506 quodcumque
1619 457 1673 487 ex

194 518 360 566 monito
376 516 600 581 Apostoli,
628 516 749 581 quod
784 516 883 581 ipse
915 516 1047 564 refert
1078 517 1332 565 immediate
1362 527 1463 581 post
1485 516 1675 580 allegata

193 593 328 641 verba
350 611 403 640 ex
427 609 525 657 cap.
547 592 619 638 vl.
646 591 825 640 «Omne
848 592 1162 658 quodcumque
1186 593 1331 640 facitis
1349 593 1395 639 in
1411 592 1571 648 verbo,
1598 603 1675 640 aut

194 669 239 714 in
279 686 415 733 opere
435 706 446 725 ,
484 668 635 716 omnia
668 667 714 714 in
749 668 1136 716 nomine-Domini
1172 669 1274 715 Iesu
1306 668 1472 716 Christi
1507 668 1638 716 facite
1661 707 1671 724 ‚

191 745 358 808 gratias
389 754 573 808 agentes
606 745 699 792 Deo
726 755 770 792 et
804 745 922 792 Patri
957 762 1037 810 per
1069 745 1367 809 ipsum⁷(6).»

289 821 378 868 Nec
400 820 527 869 obest
551 821 835 869 Guilielmum
862 820 1162 869 benedictioni
1187 821 1675 870 tribuere'sacerdotali

192 897 395 944 virtutem
409 897 786 952 sacramentalem,
809 907 887 944 aut
903 897 1036 945 etiam
1060 913 1261 945 asserere
1279 897 1559 944 matrimonio
1577 897 1675 944 sine

194 972 504 1021 benedictione
536 973 757 1022 celebrato
781 972 902 1021 haud
932 978 1181 1038 competere
1203 974 1298 1020 veri
1316 974 1502 1020 nominis
1535 991 1679 1020 sacra—

198 1058 411 1104 mentum;
447 1048 512 1096 uti
545 1049 664 1096 enim
705 1048 846 1113 liquet
878 1066 931 1096 ex
966 1049 1100 1097 totius
1143 1048 1357 1097 orationis
1391 1049 1535 1106 serie,
1574 1049 1680 1096 Gui-

198 1124 377 1172 lielmus
402 1124 465 1172 nil
495 1124 617 1173 aliud
648 1125 903 1188 significare
937 1126 1151 1182 intendit,
1179 1143 1314 1191 quam
1339 1126 1547 1183 fructum,
1586 1126 1680 1174 sive

195 1201 386 1265 gratiam
414 1202 596 1250 minime
625 1202 813 1250 obtineri
849 1202 905 1249 ab
934 1201 991 1250 iis
1009 1240 1019 1258 ,
1057 1202 1136 1267 qui
1170 1202 1440 1250 connubium
1462 1220 1550 1250 non
1573 1220 1679 1251 con-

197 1276 379 1325 trahunt
407 1277 530 1325 iuxta
556 1277 773 1325 ecclesiae
797 1277 930 1325 ritum
946 1315 956 1334 ,
984 1277 1064 1325 sed
1088 1277 1365 1325 clandestino
1386 1295 1530 1334 more,
1558 1278 1679 1342 quod

197 1370 374 1418 semper
407 1353 611 1401 illicitum
646 1354 755 1409 suit,
775 1361 906 1401 “cum
948 1367 991 1401 a'
1014 1354 1304 1401 clandestinis
1325 1353 1514 1419 *nuptiis*
1541 1354 1676 1402 eccle-

197 1430 267 1477 sia
301 1447 479 1494 semper
502 1430 825 1487 abhorruerit,²
847 1447 1016 1495 easque
1047 1429 1273 1487 vetuerit,
1298 1431 1499 1496 adeoque
1533 1430 1678 1478 latiori

199 1506 527 1569 significatione
554 1508 759 1554 virtutem
781 1507 1159 1562 sacramentalem,
1195 1524 1248 1554 ac
1274 1508 1368 1554 veri
1391 1508 1576 1554 nominis
1609 1524 1681 1554 sa-

200 1591 463 1628 cramentum
495 1581 709 1629 nominat.
750 1582 981 1647 Siquidem
1015 1583 1062 1629 in
1095 1582 1181 1630 hoc
1220 1583 1321 1647 ipso
1352 1593 1559 1630 contextu
1584 1582 1682 1630 ‘iam

201 1657 500 1705 affirmaverat
521 1669 675 1706 auctor
693 1669 863 1716 noster,
891 1659 1222 1707 matrimonium
1248 1660 1361 1707 esse'
1374 1676 1453 1724 per
1469 1676 1519 1706 se
1535 1677 1683 1706 verum

194 1744 528 1790 sacramentam,
568 1746 720 1800 utpote
750 1736 923 1800 siquam
955 1753 1127 1783 sacrum
1149 1746 1194 1784 et
1215 1740 1394 1783 sacrans
1417 1736 1681 1800 et'sanctifi-

198 1828 330 1867 cans;
352 1811 465 1862 ,item
489 1811 657 1861 habere
678 1812 883 1858 virtutem
912 1812 1294 1867 sacramentalem,
1322 1823 1366 1860 et
1388 1812 1569 1876 quidem
1592 1813 1683 1858 vir—

204 1895 290 1933 tute
323 1888 569 1943 essentiali,
608 1888 815 1953 quamvis
850 1888 1119 1936 celebratum
1154 1888 1286 1936 fuerit
1318 1888 1504 1952 absque
1535 1904 1683 1935 sacer-

204 1960 340 2008 dotali
372 1963 695 2012 benedictione.

297 2038 392 2085 Nisi
438 2041 622 2104 proinde
666 2041 856 2089 velimus
900 2041 1168 2106 sibimetipsi
1210 2041 1256 2087 in
1300 2041 1454 2088 eadem
1500 2040 1684 2105 periodo

204 2112 488 2161 Guilielmum
523 2116 708 2179 turpiter
740 2117 1067 2174 contradicere,
1107 2117 1323 2164 fateamur
1362 2133 1546 2164 necesse
1578 2127 1678 2171 est,

202 2189 382 2236 nonnisi
427 2189 572 2238 latiori
616 2208 752 2239 sensu
771 2229 781 2248 ,
818 2203 868 2240 ut
899 2193 1122 2250 diximus,
1162 2210 1263 2240 eum
1306 2192 1555 2240 affirmasse
1606 2211 1685 2258 per

201 2265 521 2314 sacerdotalem
554 2266 908 2315 benedictionem
940 2279 984 2316 et
1017 2269 1260 2316 orationem
1290 2268 1444 2316 haberi
1476 2269 1569 2317 veri
1606 2286 1687 2316 no-

203 2342 338 2390 minis
363 2350 714 2400 sacramentum',
742 2355 785 2391 et
809 2344 1177 2392 sacramentalem
1205 2346 1435 2402 virtutem,
1465 2355 1684 2409 quatenus

204 2435 305 2464 cum
345 2417 508 2465 debitis
553 2418 926 2483 dispositionibus
962 2419 1019 2467 ad
1045 2424 1381 2468 ‘sacramentum
1415 2420 1683 2467 matrimonii

203 2494 516 2542 contrahentes
553 2495 804 2551 accedunt;
843 2506 920 2543 aut
953 2496 1085 2543 etiam
1119 2496 1176 2544 ad
1210 2496 1461 2543 uberiorem
1494 2495 1684 2543 fructum

205 2569 497 2617 obtinendum
530 2587 583 2617 ex
616 2588 750 2635 opere
781 2571 1022 2636 operantis.
1053 2571 1147 2620 Hoc
1170 2572 1320 2636 ipsum
1349 2572 1501 2635 aperte
1524 2571 1685 2619 confir-

206 2656 349 2692 matur
365 2663 418 2693 ex
435 2646 647 2711 loquendi
672 2647 842 2713 ratione
865 2664 1000 2712 quam
1024 2647 1256 2711 usurpavit
1268 2645 1550 2703 Guilielmus,
1572 2646 1685 2693 *dum

208 2719 346 2767 voluit
376 2721 722 2770 emolumentum
751 2740 998 2787 exponere,
1027 2723 1147 2786 quod
1172 2722 1452 2771 matrimonio
1486 2723 1686 2788 provenit

304 2818 348 2859 (6)
370 2819 495 2852 Coloss.
513 2822 572 2853 ΙΙΙ.
589 2824 638 2853 27.
