1918 3186
366 209 456 242 cn.
485 209 544 244 vr.
573 211 625 244 nn
658 209 792 245 mser.
817 210 964 244 conrii.
995 211 1044 244 nr
1068 210 1184 244 smn.
1214 210 1308 243 Aur.
1337 211 1366 243 1.
1523 195 1613 243 177

140 300 333 340 statuere
359 308 492 357 posse
509 329 520 348 ,
547 290 723 339 secluso
752 290 1041 339 sacerdotalis
1065 290 1238 338 ordinis
1262 306 1483 338 consensu
1500 327 1510 347 ,
1538 292 1615 355 qui

139 367 405 416 secularium
430 367 682 432 principum
712 365 887 429 legibus
921 366 1161 413 obediendi
1196 366 1507 414 necessitatem
1541 366 1616 413 ad-

139 443 237 499 dat;
271 443 403 507 quasi
436 441 558 505 leges
592 441 696 488 illae
729 458 782 488 ex
816 458 866 488 se
899 441 1105 488 idoneam
1140 442 1232 489 vim
1266 441 1492 505 obligandi
1528 458 1616 488 non

137 518 374 574 haberent;
413 515 730 564 sacerdotalem
765 516 966 564 ordinem
983 554 993 572 ,
1034 533 1114 564 seu
1146 534 1321 565 sacram
1356 517 1615 582 pontificum

137 593 440 642 auctoritatem
470 609 557 640 non
593 608 725 657 posse
757 592 856 639 sine
885 608 1106 639 consensu
1136 592 1388 658 principum
1428 592 1618 658 impedi-

137 678 287 716 menta
304 667 561 715 dirimentia
578 677 771 715 statuere
795 669 859 730 (2)
871 705 880 713 .
891 686 913 712 »

233 745 391 792 Eidem
416 743 719 800 distinctioni,
742 754 876 809 atque
893 743 939 789 in
959 743 1163 790 eumdem
1189 742 1347 800 finem,
1376 744 1491 790 inter
1512 760 1618 792 con—

136 831 321 870 tractum
345 831 388 868 et
413 830 738 869 sacramentum
771 820 926 867 innixa
952 818 1081 867 turba
1120 829 1187 867 est
1220 820 1515 884 posteriorum
1549 837 1619 868 ca-

137 895 415 945 nonistarum
437 934 447 953 ,
486 906 529 944 et
562 895 866 960 theologorum
900 894 1144 943 aulicorum
1168 932 1178 952 ,
1216 895 1293 959 qui
1328 912 1420 942 sec.
1457 896 1611 942 XVIII.

137 973 362 1021 mediante
384 983 427 1020 et
450 972 508 1020 ad
532 972 698 1019 exitum
721 981 930 1034 vergente
954 971 1024 1019 ius
1048 971 1162 1037 pene
1194 988 1325 1019 omne
1352 970 1619 1019 ecclesiasti-

138 1067 240 1098 cum
263 1049 590 1098 subverterunt.
614 1047 806 1095 Invaluit
830 1047 940 1095 haec
964 1047 1166 1095 doctrina
1188 1064 1242 1095 ex
1259 1065 1311 1095 eo
1330 1048 1616 1113 potissimum

131 1137 373 1191 tempore,
413 1142 501 1190 quo
540 1124 761 1188 legislatio
800 1124 1023 1171 austriaca
1054 1123 1191 1171 veluti
1233 1124 1503 1190 principium
1545 1141 1619 1172 as-

136 1202 354 1268 sumpsit,
393 1212 663 1250 contractum
698 1200 873 1248 civilem
907 1201 1171 1249 anteriorem
1196 1218 1295 1249 esse
1319 1212 1612 1258 sacramento,

134 1278 254 1344 quod
278 1276 403 1326 illum
427 1278 737 1342 consequitur,
759 1287 892 1342 atque
914 1274 1142 1325 constituit
1165 1288 1492 1325 sacramentum
1515 1295 1617 1326 con-

137 1354 298 1402 sistere
330 1353 452 1401 haud
487 1371 644 1418 posse,
683 1352 792 1418 quin
827 1353 951 1417 prius
986 1352 1318 1400 conditionibus
1348 1354 1556 1401 omnibus
1591 1372 1618 1402 a

135 1429 233 1493 lege
267 1429 444 1477 statutis
478 1439 728 1477 contractus
763 1428 994 1475 absolutus
1028 1428 1174 1475 suerit.
1203 1429 1361 1475 Eidem
1392 1429 1615 1494 principio

137 1505 350 1553 insistens
385 1505 441 1552 de
475 1504 583 1552 reali
623 1503 908 1551 distinctione
941 1503 1056 1550 inter
1088 1514 1360 1552 contractum
1394 1514 1437 1551 et
1470 1521 1618 1552 sacra-

135 1591 352 1637 mentum,
391 1579 717 1644 legislationem
753 1579 1021 1627 austriacam
1056 1579 1142 1627 hac
1166 1580 1212 1626 in
1237 1590 1362 1645 parte
1391 1580 1620 1645 adoptavit

132 1655 355 1721 legislatio
388 1656 550 1720 gallica
583 1656 668 1704 sub
702 1656 956 1721 Napoleone
990 1656 1035 1702 in
1070 1657 1168 1704 eius
1203 1657 1373 1704 codice.

229 1733 510 1781 Recentiores
544 1733 666 1780 haud
701 1733 831 1797 pauci
854 1749 908 1780 ex
931 1733 1150 1780 eiusmodi
1185 1733 1480 1798 scriptoribus
1506 1744 1612 1781 tam-

137 1826 274 1875 quam
308 1809 583 1875 exploratum
619 1810 1024 1875 inconcussumque
1058 1810 1328 1875 principium
1352 1810 1518 1875 pariter
1540 1827 1617 1874 po-

135 1896 345 1943 suerunt,
387 1886 721 1935 matrimonium
759 1903 861 1934 esse
900 1897 1172 1935 contractum
1210 1887 1454 1934 humanum
1473 1924 1483 1943 ‚
1532 1903 1620 1933 me-

135 1979 272 2028 reque
300 1962 499 2020 civilem,
530 1963 669 2010 variis
699 1963 746 2009 in
770 1962 993 2012 adiunctis
1028 1963 1289 2019 solubilem,
1327 1963 1405 2028 qui
1440 1963 1618 2028 proprie

135 2055 213 2104 per
252 2054 522 2086 consensum
556 2049 758 2086 mutuum
793 2039 1147 2087 contrahentium
1176 2055 1324 2085 coram
1358 2039 1618 2102 magistratu

135 2113 256 2161 civili
292 2113 352 2161 sit
384 2131 620 2179 expressus
649 2151 659 2171 ,
700 2114 799 2179 ipso
834 2115 1029 2178 parocho
1074 2114 1253 2162 nonnisi
1294 2114 1390 2161 vice
1425 2114 1617 2162 civitatis

134 2190 371 2254 fungente;
419 2206 592 2238 sacram
633 2207 738 2237 vero
772 2190 1092 2246 ceremoniam,
1130 2200 1180 2236 ut
1211 2200 1397 2247 vocant,
1437 2207 1552 2255 quae
1593 2208 1619 2237 a

134 2266 339 2314 ministro
384 2266 600 2314 ecclesiae
646 2266 872 2330 peragitur
897 2304 907 2322 ,
956 2266 1371 2331 benedictionisque
1405 2266 1618 2331 nuptialis

135 2343 316 2391 nomine
349 2343 496 2399 venit,
541 2343 597 2390 ad
638 2341 978 2390 matrimonialis
1025 2351 1275 2390 contractus
1315 2342 1508 2390 valorem
1541 2344 1620 2401 mi,-

135 2419 254 2467 nime
287 2420 480 2485 requiri,
510 2420 645 2467 etiam
668 2419 746 2466 ubi
773 2418 1048 2484 publicatum
1073 2418 1204 2465 fuerit
1231 2418 1522 2466 tridentinum
1540 2420 1619 2468 dc-

134 2506 325 2553 cretum;
365 2497 445 2545 sed
480 2507 582 2559 post
615 2495 949 2543 matrimonium
984 2495 1072 2542 iam
1106 2494 1255 2542 valide
1288 2505 1558 2544 contractum
1594 2513 1620 2543 a

134 2572 399 2636 coniugibus
433 2589 515 2637 pro
549 2571 695 2619 lubitu
729 2570 952 2626 adhiberi,
993 2581 1069 2617 aut
1102 2570 1243 2617 omitti
1278 2587 1412 2635 posse
1434 2573 1519 2634 (3).

229 2664 276 2705 (2)
297 2666 347 2698 De
367 2667 515 2706 reatuin
530 2666 755 2698 matrimonio
771 2665 946 2706 potestate
962 2672 1014 2696 an.
1033 2665 1125 2696 1674.
1142 2662 1194 2695 ed.
1211 2663 1508 2706 colon.Allob1-og.
1530 2668 1620 2698 ¹754.

132 2715 213 2748 tomi
227 2717 255 2749 1.
270 2718 348 2750 Par.
362 2719 403 2749 11.
417 2726 490 2760 cap.
507 2719 565 2750 IV.
582 2726 616 2750 n.
634 2722 664 2750 3.
681 2725 755 2758 pag.
771 2719 831 2748 749
847 2725 940 2757 seqq.

232 2767 279 2810 (3)
299 2768 350 2802 Cf.
370 2769 563 2810 nmovany
588 2772 638 2802 De
664 2770 891 2801 matrimonio
916 2770 996 2800 tom.
1012 2769 1038 2801 1.
1053 2777 1072 2801 a
1093 2768 1123 2809 §.
1139 2772 1170 2801 4.
1190 2768 1233 2801 ad
1252 2773 1299 2803 15.
1317 2768 1372 2802 ubi
1395 2770 1522 2803 erudite
1545 2771 1620 2803 isto-

137 2831 209 2855 rum
231 2822 377 2855 omnium
394 2823 584 2864 singillatim
599 2822 732 2855 nomina
745 2830 785 2854 ac
801 2830 898 2863 opera
915 2823 1070 2855 recenset.

1518 2899 1559 2930 1⁴2
