1918 3186
403 205 494 238 cn.
517 205 563 238 ιι.
592 204 644 237 na
678 201 889 237 mmsrno.
918 202 1011 237 Αιιτ.
1035 205 1065 238 1.
1095 201 1265 244 Quiasr.
1296 201 1435 237 omao.
1597 187 1653 234 49

177 282 420 351 hypothesi
454 285 493 333 si
524 282 779 347 coniugium
819 282 991 348 absque
1032 283 1298 332 sacerdotali
1347 281 1656 350 benedictione

176 373 330 410 mutuo
354 371 523 409 tantum
547 359 900 408 contrahentium
925 376 1146 408 consensu
1170 359 1491 417 celebraretur,
1515 358 1655 407 solius

176 448 428 486 contractus
445 435 677 492 naturalis,
699 445 776 482 aut
793 434 938 482 civilis
961 436 1258 484 conditionem
1283 436 1531 492 induceret,
1560 453 1657 500 per⁴

178 514 299 578 petui
335 524 477 560 tamen
515 522 648 576 atque
682 511 1030 567 indissolubilis;
1059 512 1225 560 sivero
1259 512 1503 560 sacerdotis
1528 529 1657 576 prae-

178 602 296 637 terea
335 588 585 654 praesentia
624 605 677 636 ac
715 588 1022 635 benedictione
1063 589 1339 646 muniretur,
1390 589 1655 637 sacramenti

176 676 377 712 naturam
407 675 745 729 assequeretur,
772 664 1050 729 gratiamque
1082 664 1346 727 coniugibus
1380 665 1651 712 conciliaret.

174 741 396 798 Quocirca
428 741 474 787 in
498 741 583 789 hac
613 741 831 788 sententia
859 739 1072 805 nuptialis
1099 740 1290 788 foederis
1320 741 1655 789 sacramentalis

175 819 382 866 minister
415 818 527 866 foret
562 818 798 874 sacerdos,
838 817 979 865 forma
1012 827 1159 865 autem
1190 817 1353 874 verba,
1393 833 1510 882 quae
1532 835 1560 865 a
1583 835 1657 866 sa·-

174 895 352 943 cerdote
370 912 497 943 sacro
514 895 599 942 hoc
618 894 663 940 in
684 894 772 942 ritu
790 904 1072 959 promuntur;
1100 894 1284 940 materia
1307 909 1438 958 porro
1463 905 1649 951 remota,

173 989 309 1036 quam
333 970 488 1019 dicunt
505 969 516 1027 ,'
543 971 804 1019 consisteret
828 970 872 1016 in
897 970 998 1034 ipso
1022 969 1373 1018 contrahentium
1406 985 1650 1028 consensu,

177 1065 257 1095 seu
281 1048 399 1095 civili
425 1058 668 1095 contractu.
692 1047 806 1094 Hinc
823 1046 1032 1110 coniugia
1051 1046 1205 1094 omnia
1221 1046 1519 1103 clandestina,
1540 1061 1656 1112 quae

176 1123 391 1172 celebrari
428 1124 659 1187 contigerit
693 1123 790 1171 sine
825 1122 1068 1170 sacerdotis
1102 1140 1264 1188 opera,
1299 1123 1481 1171 totidem
1514 1123 1657 1172 forent

173 1201 282 1248 meri
310 1211 561 1248 contractus
596 1199 843 1256 naturales,
882 1210 957 1247 aut
987 1199 1142 1248 civiles
1171 1219 1181 1256 ;
1219 1217 1335 1264 quae
1368 1199 1655 1248 cohonestata

173 1276 336 1324 fuerint
369 1276 612 1325 sacerdotis
647 1275 981 1332 benedictione,
1020 1275 1200 1324 totidem
1235 1275 1472 1323 evaderent
1504 1293 1654 1323 sacra-

170 1362 320 1399 menta
339 1369 494 1418 presse
511 1351 645 1399 dicta.
671 1351 795 1408 Quae
815 1368 885 1398 res
910 1351 1173 1398 sacramenti
1200 1350 1485 1415 baptismatis
1512 1369 1654 1399 exem-

172 1428 246 1492 plo
279 1428 526 1476 illustratur
549 1438 592 1475 et
615 1428 903 1475 confirmatur
919 1465 929 1483 ,
968 1427 1096 1474 cuius
1132 1437 1301 1475 remota
1328 1427 1513 1475 materia
1532 1444 1653 1492 aqua

171 1515 240 1552 est
267 1505 509 1562 naturalis,
539 1505 590 1552 fit
612 1515 759 1552 autem
788 1514 1118 1551 sacramentum
1142 1503 1249 1550 dum
1272 1503 1457 1552 verbum
1481 1503 1538 1551 ad
1562 1503 1652 1551 ele-·

173 1590 371 1628 mentum
403 1580 590 1628 accedit.
914 1577 920 1583 ‘

269 1657 389 1705 Haec
423 1657 579 1705 eadem
613 1657 814 1705 doctrina
853 1656 1062 1704 tribuitur
1096 1658 1222 1705 Petro
1255 1656 1482 1705 Paludano
1519 1657 1651 1705 acho*

172 1732 328 1780 lastico
346 1733 486 1780 seculi
509 1733 640 1789 xlv.;
662 1733 870 1780 floruisse
888 1733 1111 1798 siquidem
1136 1732 1362 1797 peribetur
1383 1750 1456 1780 an.
1481 1734 1645 1788 1340.;

173 1826 254 1857 nec
277 1826 365 1857 non
389 1809 577 1857 concilio
597 1809 856 1874 provinciali
875 1809 1138 1866 coloniensi,
1160 1809 1278 1874 quod
1296 1809 1564 1857 celebratum
1582 1819 1651 1856 est

176 1901 248 1930 an.
278 1887 441 1943 1536„
469 1904 550 1934 nec
574 1904 662 1934 non
686 1886 941 1934 Hermanno
958 1924 968 1942 ,
996 1886 1074 1951 qui
1099 1896 1255 1950 postea
1277 1885 1334 1933 ab
1358 1885 1547 1933 ecclesia
1569 1899 1651 1949 per

176 1962 445 2024 apostasiam
477 1963 665 2019 defecit,
693 1974 743 2010 ut
775 1963 1054 2027 profiteretur
1087 1961 1308 2010 haeresim
1342 1961 1644 2018 lutheranam,

176 2053 265 2100 quo
299 2037 502 2100 praesule
535 2039 772 2086 concilium
807 2038 1061 2087 coloniense
1098 2038 1365 2086 celebratum
1410 2036 1567 2084 suerat.
1604 2038 1647 2084 Is

174 2111 291 2158 enim
320 2112 365 2158 in
395 2129 478 2160 suo
506 2115 796 2171 catechismo,
835 2133 967 2179 quem
1002 2133 1081 2179 per
1114 2115 1159 2161 id
1193 2114 1402 2178 temporis
1436 2114 1482 2160 in
1515 2110 1647 2160 usum

176 2204 285 2234 suae
319 2188 701 2235 archidioeceseos
735 2190 1018 2252 vulgaverat,
1058 2190 1301 2237 insinuavit
1323 2190 1440 2237 hanc
1471 2199 1648 2237 senten-

174 2263 278 2311 tiam
312 2263 369 2310 de
401 2264 631 2311 sacerdote
658 2265 863 2312 ministro
898 2266 1160 2313 sacramenti
1196 2266 1480 2313 matrimonii.

270 2340 389 2387 Haec
421 2340 601 2405 quidem
635 2341 898 2388 Benedictus
929 2343 1036 2388 XIV.
1072 2359 1124 2390 ac
1158 2342 1316 2407 reliqui
1351 2359 1528 2399 omnes,
1568 2341 1644 2406 qui

171 2417 227 2464 de
251 2416 387 2464 huius
412 2416 658 2464 sententiae
682 2417 937 2481 primordiis
965 2418 1232 2466 disseruere.
1259 2419 1434 2475 Verum,
1463 2436 1510 2464 re
1533 2415 1646 2464 bene

174 2510 408 2557 perpensa,
441 2492 790 2557 deprehenditur
815 2494 1014 2541 omnium
1048 2495 1240 2559 primum
1257 2533 1266 2551 ‚
1298 2495 1375 2559 qui
1400 2494 1644 2542 doctrinam

173 2569 228 2615 de
262 2569 488 2616 sacerdote
522 2569 755 2616 christiani
789 2570 983 2634 coniugii
1018 2571 1245 2627 ministro,
1278 2571 1477 2636 adeoque
1499 2570 1556 2618 de
1577 2570 1647 2617 di-

174 2645 404 2693 stinctione
432 2646 545 2694 inter
568 2657 838 2694 contractum
863 2665 983 2695 mere
1005 2647 1178 2695 civilem
1196 2658 1241 2694 et
1258 2657 1580 2694 sacramentum
1600 2647 1645 2693 in

174 2721 348 2784 nuptiis
362 2722 704 2769 christianorum
722 2723 766 2768 in
786 2723 963 2770 scholas
981 2722 1224 2770 catholicas
1250 2722 1478 2779 invexerit,
1507 2722 1647 2770 fuisse

171 2795 385 2843 celebrem
422 2797 699 2845 Melchiorem
742 2798 908 2845 Canum
934 2837 943 2853 ,
992 2798 1067 2862 qui
1113 2795 1228 2862 opus
1265 2816 1395 2848 suum
1437 2799 1498 2845 De
1545 2798 1646 2845 locis

1516 2896 1539 2927 4
