1912 3180
373 247 463 278 cu.
488 247 518 277 1.
544 247 595 277 nr.
619 246 791 278 numu.
821 245 968 276 civius
1007 245 1184 276 NATURA.
1216 244 1307 275 Aur.
1334 243 1394 275 in.
1533 226 1621 271 227

156 325 371 374 ecclesiae
404 324 622 371 sententia
661 333 729 370 est
761 322 956 369 validum
991 339 1231 386 verumque
1263 321 1543 384 coniugium;
1582 331 1626 368 at

156 420 208 449 eo
244 403 343 466 ipso
376 412 444 448 est
477 398 812 453 indissolubile,
856 407 900 444 et
940 397 1043 445 licet
1088 416 1166 462 per
1212 397 1351 462 legale
1389 397 1625 445 divortium

158 478 267 526 solvi
296 477 492 531 dicatur,
531 470 858 521 manet‘tamen
893 473 1257 538 impedimentum
1290 474 1514 538 ligaminis
1536 511 1546 530 ,
1584 485 1629 521 et

158 552 381 600 secundae
426 550 668 614 tertiaeque
713 549 896 613 nuptiae
929 566 956 596 a
990 549 1267 614 polygamiae
1312 561 1414 598 nota
1448 550 1626 614 purgari

158 636 396 691 nequeunt.
429 625 511 672 Ubi
535 642 639 672 vero
676 624 963 672 tridentinum
1003 636 1071 672 est
1111 625 1382 689 publicatum
1411 643 1464 674 eo
1499 627 1623 690 ipso,

157 703 276 768 quod
324 702 579 766 coniugium
625 701 755 750 civile
798 719 885 749 non
925 712 993 749 est
1023 701 1249 758 validum,
1298 702 1404 749 dum
1451 720 1630 750 succes-

158 780 252 828 sive
282 780 433 844 plures
463 779 685 826 ducuntur
713 796 894 835 uxores,
928 795 1079 826 revera
1105 797 1158 825 ex
1184 778 1399 827 ecclesiae
1431 780 1631 827 doctrina

159 857 209 904 fit
242 857 456 904 transitus
491 874 543 904 ex
574 873 663 903 uno
697 855 742 902 in
778 855 962 903 alterum
996 855 1355 912 concubinatum,
1382 855 1459 920 qui
1484 866 1630 902 tamen

159 951 213 980 ex
247 932 486 998 hypothesi
521 932 877 980 adversariorum
911 931 967 978 de
998 931 1226 979 validitate
1259 931 1403 979 civilis
1437 931 1633 994 coniugii

159 1009 354 1073 speciem
389 1008 522 1056 habet
555 1008 734 1056 omnino
771 1007 1067 1074 polygamiae.

255 1084 317 1132 Ac
339 1102 386 1131 re
409 1084 590 1149 quidem
621 1101 739 1140 vera,
775 1083 962 1131 ecclesia
995 1083 1215 1131 eiusmodi
1240 1084 1635 1148 civiliumnuptia-

161 1179 257 1210 rum
291 1161 458 1209 nullam
493 1161 707 1208 rationem
743 1160 907 1216 habet,
946 1177 1112 1224 easque
1146 1177 1225 1208 ceu
1254 1160 1434 1208 totidem
1466 1160 1635 1208 abomi-

158 1239 359 1287 nationes
377 1238 645 1294 detestatum
667 1237 838 1284 nullum
861 1248 1090 1303 praeterea
1108 1238 1208 1301 ipsa
1226 1255 1439 1302 umquam
1459 1238 1505 1284 in
1524 1238 1634 1285 ratis

160 1314 570 1379 consummatisque
594 1314 815 1378 coniugiis
839 1314 1184 1361 christianorum
1207 1314 1444 1362 divortium
1476 1314 1637 1361 admit-

163 1393 240 1440 tit:
280 1409 369 1456 quo
408 1391 457 1438 fit
488 1401 538 1438 ut
570 1408 722 1438 omnes
768 1390 1025 1453 illegitimas
1070 1401 1312 1454 turpesque
1352 1390 1518 1453 legales
1552 1390 1637 1437 has

162 1467 497 1516 coniunctiones
533 1477 700 1532 spectet
732 1478 959 1531 tamquam
992 1466 1257 1513 materialem
1281 1466 1437 1514 saltem
1460 1466 1640 1532 polyga—

165 1545 319 1601 miam,
348 1561 400 1591 eo
424 1561 561 1591 sensu
584 1560 716 1608 quem
743 1543 827 1591 sub
861 1543 995 1590 huius
1031 1543 1203 1590 articuli
1231 1543 1406 1591 initium
1431 1545 1636 1608 exposui-

164 1639 280 1668 mus.
320 1620 538 1677 Quocirca
568 1620 635 1677 ei,
666 1637 797 1685 quae,
825 1620 1012 1668 dimisso
1037 1620 1173 1685 priori
1207 1620 1411 1683 coniuge,
1438 1620 1564 1668 alteri
1598 1630 1640 1667 et

166 1697 290 1745 alteri
326 1697 581 1744 successive
604 1696 804 1753 nuberet,
833 1696 998 1744 Christi
1023 1697 1204 1745 effatum
1229 1697 1285 1744 ad
1311 1696 1543 1744 mulierem
1567 1715 1639 1745 sa-

165 1774 426 1821 maritanam
456 1772 675 1838 prolatum
700 1772 795 1820 iure
819 1772 1042 1837 quispiam
1067 1772 1402 1820 accommodare
1420 1783 1573 1836 posset
1590 1790 1641 1820 ac

166 1850 334 1898 dicere:
366 1850 563 1914 Quinque
597 1849 787 1898 larvatos
821 1851 937 1896 viros
966 1852 1079 1911 (seu
1103 1849 1317 1911 maritos)
1347 1850 1564 1905 habuisti;
1602 1861 1641 1896 et

169 1944 280 1973 nunc
298 1943 422 1990 quem
440 1926 567 1972 habes
582 1943 667 1972 non
684 1935 746 1972 est
764 1935 861 1972 tuus
877 1927 948 1972 vir
965 1927 1081 1988 (32);
1102 1926 1198 1974 viro
1215 1925 1436 1983 similiter,
1451 1926 1530 1991 qui
1548 1943 1645 1974 suc-

170 2001 344 2050 cessive
365 2001 530 2064 legales
556 2002 735 2066 nuptias
758 2001 1079 2058 contraxisset,
1110 2012 1263 2066 posset
1289 2002 1392 2066 quis
1415 2002 1638 2066 ingerere:

173 2078 369 2142 Quinque
391 2077 585 2125 larvatas
610 2096 766 2125 uxores
792 2078 1002 2133 habuisti,
1032 2087 1072 2124 et
1094 2095 1207 2125 nunc
1229 2095 1360 2142 quam
1384 2079 1533 2134 habes,
1559 2097 1643 2126 ‘non

170 2164 233 2200 est
266 2164 340 2201 tua
372 2171 499 2201 uxor.
530 2155 695 2218 Nempe
734 2154 805 2201 sin
838 2154 984 2201 minus
1020 2153 1071 2200 de
1100 2155 1215 2210 iure,
1254 2154 1410 2202 saltem
1444 2155 1495 2202 de
1528 2156 1643 2219 sacto

170 2231 226 2278 ad
260 2230 373 2294 legis
403 2231 723 2295 praescriptum
758 2230 1037 2295 polygamiae
1071 2231 1238 2278 crimen
1272 2232 1591 2279 admitteretur.

266 2308 351 2355 Sed
378 2318 427 2354 ut
450 2307 662 2355 directius
686 2307 749 2364 id,
778 2307 898 2372 quod
923 2307 1255 2372 proposuimus,
1282 2308 1555 2364 evincamus,
1584 2309 1645 2356 ita

174 2385 508 2448 progredimur:
538 2402 638 2431 cum
663 2383 799 2432 semel
833 2383 977 2431 civilis
1011 2384 1248 2431 auctoritas
1272 2385 1480 2449 opposita
1503 2386 1644 2433 eccle-

173 2460 267 2507 siae
300 2459 549 2507 auctoritati
581 2459 667 2507 sibi
703 2459 772 2506 ius
806 2470 994 2524 usurpat
1017 2459 1061 2506 in
1086 2459 1391 2517 matrimonia,
1419 2470 1644 2526 tamquam

174 2536 218 2582 in
243 2554 333 2584 rem
357 2554 506 2593 suam,
529 2554 672 2601 eaque
690 2535 824 2583 habet
839 2536 896 2583 ad
915 2536 1055 2584 instar
1077 2546 1320 2584 ceterorum
1338 2548 1643 2586 contractuum

176 2612 412 2675 emptionis
429 2650 439 2669 ,
460 2611 728 2659 venditionis
743 2650 753 2670 ,
783 2611 1015 2660 locationis
1033 2623 1115 2659 etc.
1133 2613 1242 2659 adeo
1266 2622 1315 2659 ut
1336 2630 1495 2661 uxores
1520 2631 1641 2677 agro,

180 2686 351 2744 domui,
372 2688 516 2736 bobus
535 2688 870 2754 pecudibusque
895 2706 1007 2753 pene
1030 2698 1340 2753 comparentur
1356 2726 1366 2745 ,
1394 2689 1481 2737 iam
1507 2701 1643 2755 patet,

180 2762 322 2825 ipsam
358 2764 511 2812 eodem
546 2764 656 2819 iure,
694 2783 783 2829 quo
818 2775 960 2829 potest
991 2764 1227 2813 decernere
1251 2766 1312 2812 uti
1337 2765 1510 2816 validos
1545 2767 1647 2831 legi-

278 2862 343 2902 (32)
366 2865 494 2904 10.1v.‚
513 2871 559 2898 18,

1527 2925 1553 2949 >¹4
