<?xml version="1.0" encoding="UTF-8"?>
<!DOCTYPE html PUBLIC "-//W3C//DTD XHTML 1.0 Transitional//EN"
    "http://www.w3.org/TR/xhtml1/DTD/xhtml1-transitional.dtd">
<html xmlns="http://www.w3.org/1999/xhtml" xml:lang="en" lang="en">
 <head>
  <title>
</title>
<meta http-equiv="Content-Type" content="text/html;charset=utf-8" />
  <meta name='ocr-system' content='tesseract 3.04.00' />
  <meta name='ocr-capabilities' content='ocr_page ocr_carea ocr_par ocr_line ocrx_word'/>
</head>
<body>
  <div class='ocr_page' id='page_1' title='image "a603380701perruoft_0318.png"; bbox 0 0 1912 3180; ppageno 0'>
   <div class='ocr_carea' id='block_1_1' title="bbox 312 185 1510 240">
    <p class='ocr_par' dir='ltr' id='par_1_1' title="bbox 312 185 1510 240">
     <span class='ocr_line' id='line_1_1' title="bbox 312 185 1510 240; baseline -0.004 0"><span class='ocrx_word' id='word_1_1' title='bbox 312 185 401 240; x_wconf 68' lang='lat'>296</span> <span class='ocrx_word' id='word_1_2' title='bbox 578 206 657 238; x_wconf 74' lang='lat' dir='ltr'>tm.</span> <span class='ocrx_word' id='word_1_3' title='bbox 687 204 716 237; x_wconf 89' lang='lat'>1.</span> <span class='ocrx_word' id='word_1_4' title='bbox 747 203 860 236; x_wconf 74' lang='lat' dir='ltr'>sacr.</span> <span class='ocrx_word' id='word_1_5' title='bbox 889 204 1060 236; x_wconf 59' lang='lat' dir='ltr'>atram.</span> <span class='ocrx_word' id='word_1_6' title='bbox 1090 204 1142 236; x_wconf 81' lang='lat' dir='ltr'>m:</span> <span class='ocrx_word' id='word_1_7' title='bbox 1166 204 1339 238; x_wconf 71' lang='lat' dir='ltr'>mrum.</span> <span class='ocrx_word' id='word_1_8' title='bbox 1369 203 1510 238; x_wconf 76' lang='lat' dir='ltr'>crvm.</span> 
     </span>
    </p>
   </div>
   <div class='ocr_carea' id='block_1_2' title="bbox 305 282 1783 2098">
    <p class='ocr_par' dir='ltr' id='par_1_2' title="bbox 309 282 1781 422">
     <span class='ocr_line' id='line_1_2' title="bbox 310 282 1781 348; baseline 0 -14"><span class='ocrx_word' id='word_1_9' title='bbox 310 303 467 334; x_wconf 88' lang='lat' dir='ltr'>nomen</span> <span class='ocrx_word' id='word_1_10' title='bbox 492 294 534 330; x_wconf 87' lang='lat' dir='ltr'>et</span> <span class='ocrx_word' id='word_1_11' title='bbox 557 283 878 348; x_wconf 82' lang='lat' dir='ltr'><strong>professionem</strong></span> <span class='ocrx_word' id='word_1_12' title='bbox 909 282 1227 330; x_wconf 89' lang='lat' dir='ltr'>catholicorum</span> <span class='ocrx_word' id='word_1_13' title='bbox 1252 294 1487 330; x_wconf 86' lang='lat' dir='ltr'>assumunt</span> <span class='ocrx_word' id='word_1_14' title='bbox 1510 284 1554 329; x_wconf 89' lang='lat' dir='ltr'>in</span> <span class='ocrx_word' id='word_1_15' title='bbox 1579 301 1682 331; x_wconf 87' lang='lat' dir='ltr'>eum</span> <span class='ocrx_word' id='word_1_16' title='bbox 1707 303 1781 334; x_wconf 77' lang='lat' dir='ltr'>so-</span> 
     </span>
     <span class='ocr_line' id='line_1_3' title="bbox 309 359 1365 422; baseline -0.004 -13"><span class='ocrx_word' id='word_1_17' title='bbox 309 363 398 409; x_wconf 91' lang='lat' dir='ltr'>lum</span> <span class='ocrx_word' id='word_1_18' title='bbox 432 361 594 416; x_wconf 84' lang='lat' dir='ltr'>finem,</span> <span class='ocrx_word' id='word_1_19' title='bbox 632 370 681 406; x_wconf 89' lang='lat' dir='ltr'>ut</span> <span class='ocrx_word' id='word_1_20' title='bbox 715 359 931 407; x_wconf 89' lang='lat' dir='ltr'>ecclesiae</span> <span class='ocrx_word' id='word_1_21' title='bbox 965 360 1109 422; x_wconf 82' lang='lat' dir='ltr'>magis</span> <span class='ocrx_word' id='word_1_22' title='bbox 1144 359 1365 407; x_wconf 70' lang='lat' dir='ltr'>noceant?</span> 
     </span>
    </p>

    <p class='ocr_par' dir='ltr' id='par_1_3' title="bbox 305 435 1783 2098">
     <span class='ocr_line' id='line_1_4' title="bbox 405 435 1782 500; baseline 0.001 -18"><span class='ocrx_word' id='word_1_23' title='bbox 405 435 594 491; x_wconf 84' lang='lat' dir='ltr'>Quarto:</span> <span class='ocrx_word' id='word_1_24' title='bbox 632 435 788 482; x_wconf 88' lang='lat' dir='ltr'>eadem</span> <span class='ocrx_word' id='word_1_25' title='bbox 824 435 892 482; x_wconf 85' lang='lat' dir='ltr'>lex</span> <span class='ocrx_word' id='word_1_26' title='bbox 926 436 1154 500; x_wconf 90' lang='lat' dir='ltr'>politicum</span> <span class='ocrx_word' id='word_1_27' title='bbox 1190 435 1336 500; x_wconf 84' lang='lat' dir='ltr'>prodit</span> <span class='ocrx_word' id='word_1_28' title='bbox 1369 435 1661 492; x_wconf 87' lang='lat' dir='ltr'>atheismum,</span> <span class='ocrx_word' id='word_1_29' title='bbox 1700 454 1782 484; x_wconf 87' lang='lat' dir='ltr'>seu</span> 
     </span>
     <span class='ocr_line' id='line_1_5' title="bbox 309 511 1779 576; baseline 0.001 -18"><span class='ocrx_word' id='word_1_30' title='bbox 309 511 577 576; x_wconf 88' lang='lat' dir='ltr'>principium</span> <span class='ocrx_word' id='word_1_31' title='bbox 619 512 914 576; x_wconf 81' lang='lat' dir='ltr'>separationis</span> <span class='ocrx_word' id='word_1_32' title='bbox 949 511 1106 576; x_wconf 78' lang='lat' dir='ltr'>plenae</span> <span class='ocrx_word' id='word_1_33' title='bbox 1139 522 1281 559; x_wconf 79' lang='lat' dir='ltr'>status</span> <span class='ocrx_word' id='word_1_34' title='bbox 1316 511 1461 560; x_wconf 80' lang='lat' dir='ltr'>civilis</span> <span class='ocrx_word' id='word_1_35' title='bbox 1485 512 1542 559; x_wconf 87' lang='lat' dir='ltr'>ab</span> <span class='ocrx_word' id='word_1_36' title='bbox 1564 513 1779 569; x_wconf 88' lang='lat' dir='ltr'>ecclesia,</span> 
     </span>
     <span class='ocr_line' id='line_1_6' title="bbox 308 587 1776 652; baseline 0.001 -18"><span class='ocrx_word' id='word_1_37' title='bbox 308 606 397 652; x_wconf 91' lang='lat' dir='ltr'>qua</span> <span class='ocrx_word' id='word_1_38' title='bbox 432 587 682 635; x_wconf 80' lang='lat' dir='ltr'>declaratur</span> <span class='ocrx_word' id='word_1_39' title='bbox 712 597 852 635; x_wconf 86' lang='lat' dir='ltr'>status</span> <span class='ocrx_word' id='word_1_40' title='bbox 887 606 913 635; x_wconf 89' lang='lat' dir='ltr'>a</span> <span class='ocrx_word' id='word_1_41' title='bbox 946 587 1182 649; x_wconf 80' lang='lat' dir='ltr'>religione,</span> <span class='ocrx_word' id='word_1_42' title='bbox 1222 604 1327 644; x_wconf 80' lang='lat' dir='ltr'>seu,</span> <span class='ocrx_word' id='word_1_43' title='bbox 1368 588 1489 652; x_wconf 90' lang='lat' dir='ltr'>quod</span> <span class='ocrx_word' id='word_1_44' title='bbox 1523 588 1640 635; x_wconf 90' lang='lat' dir='ltr'>idem</span> <span class='ocrx_word' id='word_1_45' title='bbox 1674 600 1776 645; x_wconf 91' lang='lat' dir='ltr'>est,</span> 
     </span>
     <span class='ocr_line' id='line_1_7' title="bbox 307 662 1781 728; baseline 0.001 -17"><span class='ocrx_word' id='word_1_46' title='bbox 307 682 333 711; x_wconf 93' lang='lat' dir='ltr'>a</span> <span class='ocrx_word' id='word_1_47' title='bbox 361 664 453 711; x_wconf 91' lang='lat' dir='ltr'>Deo</span> <span class='ocrx_word' id='word_1_48' title='bbox 481 664 788 728; x_wconf 83' lang='lat' dir='ltr'>emancipatus</span> <span class='ocrx_word' id='word_1_49' title='bbox 811 681 864 711; x_wconf 87' lang='lat' dir='ltr'>ac</span> <span class='ocrx_word' id='word_1_50' title='bbox 891 679 1007 727; x_wconf 88' lang='lat' dir='ltr'>pene</span> <span class='ocrx_word' id='word_1_51' title='bbox 1041 662 1238 719; x_wconf 83' lang='lat' dir='ltr'>solutus;</span> <span class='ocrx_word' id='word_1_52' title='bbox 1278 674 1355 710; x_wconf 89' lang='lat' dir='ltr'>aut</span> <span class='ocrx_word' id='word_1_53' title='bbox 1387 664 1545 721; x_wconf 87' lang='lat' dir='ltr'>etiam,</span> <span class='ocrx_word' id='word_1_54' title='bbox 1572 666 1635 712; x_wconf 85' lang='lat' dir='ltr'>uti</span> <span class='ocrx_word' id='word_1_55' title='bbox 1663 683 1781 713; x_wconf 91' lang='lat' dir='ltr'>nunc</span> 
     </span>
     <span class='ocr_line' id='line_1_8' title="bbox 310 738 1781 805; baseline -0.001 -18"><span class='ocrx_word' id='word_1_56' title='bbox 310 740 521 805; x_wconf 89' lang='lat' dir='ltr'>temporis</span> <span class='ocrx_word' id='word_1_57' title='bbox 563 740 775 805; x_wconf 87' lang='lat' dir='ltr'>loquendi</span> <span class='ocrx_word' id='word_1_58' title='bbox 809 756 905 786; x_wconf 87' lang='lat' dir='ltr'>mos</span> <span class='ocrx_word' id='word_1_59' title='bbox 943 748 1038 794; x_wconf 88' lang='lat' dir='ltr'>est,</span> <span class='ocrx_word' id='word_1_60' title='bbox 1077 738 1148 785; x_wconf 82' lang='lat' dir='ltr'>lex</span> <span class='ocrx_word' id='word_1_61' title='bbox 1181 738 1312 786; x_wconf 78' lang='lat' dir='ltr'>athea</span> <span class='ocrx_word' id='word_1_62' title='bbox 1347 740 1644 787; x_wconf 74' lang='lat' dir='ltr'>constituitur.</span> <span class='ocrx_word' id='word_1_63' title='bbox 1678 741 1781 788; x_wconf 65' lang='lat' dir='ltr'>vNisi</span> 
     </span>
     <span class='ocr_line' id='line_1_9' title="bbox 307 813 1782 882; baseline 0.001 -20"><span class='ocrx_word' id='word_1_64' title='bbox 307 817 418 864; x_wconf 88' lang='lat' dir='ltr'>haec</span> <span class='ocrx_word' id='word_1_65' title='bbox 452 816 674 882; x_wconf 83' lang='lat' dir='ltr'>separatio</span> <span class='ocrx_word' id='word_1_66' title='bbox 708 815 915 864; x_wconf 91' lang='lat' dir='ltr'>omnibus</span> <span class='ocrx_word' id='word_1_67' title='bbox 950 825 1064 862; x_wconf 90' lang='lat' dir='ltr'>retro</span> <span class='ocrx_word' id='word_1_68' title='bbox 1097 813 1289 862; x_wconf 86' lang='lat' dir='ltr'>saeculis</span> <span class='ocrx_word' id='word_1_69' title='bbox 1325 815 1546 872; x_wconf 88' lang='lat' dir='ltr'>inaudita,</span> <span class='ocrx_word' id='word_1_70' title='bbox 1575 831 1627 862; x_wconf 89' lang='lat' dir='ltr'>ac</span> <span class='ocrx_word' id='word_1_71' title='bbox 1651 815 1782 863; x_wconf 86' lang='lat' dir='ltr'>athea</span> 
     </span>
     <span class='ocr_line' id='line_1_10' title="bbox 307 891 1779 957; baseline 0 -18"><span class='ocrx_word' id='word_1_72' title='bbox 307 893 602 957; x_wconf 84' lang='lat' dir='ltr'>emancipatio</span> <span class='ocrx_word' id='word_1_73' title='bbox 637 901 938 956; x_wconf 77' lang='lat' dir='ltr'>supponatur,</span> <span class='ocrx_word' id='word_1_74' title='bbox 987 908 1229 956; x_wconf 81' lang='lat' dir='ltr'>numquam</span> <span class='ocrx_word' id='word_1_75' title='bbox 1276 891 1645 957; x_wconf 86' lang='lat' dir='ltr'>pseudo-politici</span> <span class='ocrx_word' id='word_1_76' title='bbox 1680 892 1779 939; x_wconf 87' lang='lat' dir='ltr'>ausi</span> 
     </span>
     <span class='ocr_line' id='line_1_11' title="bbox 308 960 1780 1032; baseline -0.001 -18"><span class='ocrx_word' id='word_1_77' title='bbox 308 969 526 1024; x_wconf 86' lang='lat' dir='ltr'>fuissent,</span> <span class='ocrx_word' id='word_1_78' title='bbox 564 960 640 1015; x_wconf 87' lang='lat' dir='ltr'>aut</span> <span class='ocrx_word' id='word_1_79' title='bbox 674 967 888 1014; x_wconf 86' lang='lat' dir='ltr'>auderent</span> <span class='ocrx_word' id='word_1_80' title='bbox 923 966 1065 1029; x_wconf 79' lang='lat' dir='ltr'>legem</span> <span class='ocrx_word' id='word_1_81' title='bbox 1110 983 1385 1031; x_wconf 86' lang='lat' dir='ltr'>proponere,</span> <span class='ocrx_word' id='word_1_82' title='bbox 1423 985 1513 1032; x_wconf 89' lang='lat' dir='ltr'>qua</span> <span class='ocrx_word' id='word_1_83' title='bbox 1546 967 1780 1015; x_wconf 88' lang='lat' dir='ltr'>christiani</span> 
     </span>
     <span class='ocr_line' id='line_1_12' title="bbox 307 1042 1783 1108; baseline 0 -18"><span class='ocrx_word' id='word_1_84' title='bbox 307 1044 427 1091; x_wconf 89' lang='lat' dir='ltr'>cives</span> <span class='ocrx_word' id='word_1_85' title='bbox 473 1042 775 1090; x_wconf 88' lang='lat' dir='ltr'>tantummodo</span> <span class='ocrx_word' id='word_1_86' title='bbox 811 1042 874 1088; x_wconf 92' lang='lat' dir='ltr'>uti</span> <span class='ocrx_word' id='word_1_87' title='bbox 915 1042 1037 1089; x_wconf 87' lang='lat' dir='ltr'>cives</span> <span class='ocrx_word' id='word_1_88' title='bbox 1077 1053 1399 1106; x_wconf 85' lang='lat' dir='ltr'>spectarentur.</span> <span class='ocrx_word' id='word_1_89' title='bbox 1442 1043 1580 1099; x_wconf 90' lang='lat' dir='ltr'>Quasi</span> <span class='ocrx_word' id='word_1_90' title='bbox 1622 1061 1783 1108; x_wconf 89' lang='lat' dir='ltr'>nempe</span> 
     </span>
     <span class='ocr_line' id='line_1_13' title="bbox 307 1118 1780 1184; baseline 0 -17"><span class='ocrx_word' id='word_1_91' title='bbox 307 1120 498 1167; x_wconf 85' lang='lat' dir='ltr'>societas</span> <span class='ocrx_word' id='word_1_92' title='bbox 522 1119 706 1166; x_wconf 91' lang='lat' dir='ltr'>ultimus</span> <span class='ocrx_word' id='word_1_93' title='bbox 731 1129 851 1166; x_wconf 91' lang='lat' dir='ltr'>esset</span> <span class='ocrx_word' id='word_1_94' title='bbox 873 1118 1103 1165; x_wconf 88' lang='lat' dir='ltr'>hominum</span> <span class='ocrx_word' id='word_1_95' title='bbox 1132 1118 1261 1176; x_wconf 88' lang='lat' dir='ltr'>finis,</span> <span class='ocrx_word' id='word_1_96' title='bbox 1290 1119 1346 1166; x_wconf 88' lang='lat' dir='ltr'>ad</span> <span class='ocrx_word' id='word_1_97' title='bbox 1372 1137 1505 1184; x_wconf 86' lang='lat' dir='ltr'>quem</span> <span class='ocrx_word' id='word_1_98' title='bbox 1535 1137 1780 1184; x_wconf 89' lang='lat' dir='ltr'>assequen—</span> 
     </span>
     <span class='ocr_line' id='line_1_14' title="bbox 306 1195 1779 1261; baseline 0.001 -20"><span class='ocrx_word' id='word_1_99' title='bbox 306 1196 412 1242; x_wconf 91' lang='lat' dir='ltr'>dum</span> <span class='ocrx_word' id='word_1_100' title='bbox 442 1206 588 1243; x_wconf 87' lang='lat' dir='ltr'>cetera</span> <span class='ocrx_word' id='word_1_101' title='bbox 619 1195 770 1242; x_wconf 86' lang='lat' dir='ltr'>omnia</span> <span class='ocrx_word' id='word_1_102' title='bbox 798 1195 931 1258; x_wconf 80' lang='lat' dir='ltr'>dirigi</span> <span class='ocrx_word' id='word_1_103' title='bbox 965 1195 1202 1252; x_wconf 86' lang='lat' dir='ltr'>deberent;</span> <span class='ocrx_word' id='word_1_104' title='bbox 1242 1196 1398 1259; x_wconf 80' lang='lat' dir='ltr'>religio</span> <span class='ocrx_word' id='word_1_105' title='bbox 1425 1214 1529 1244; x_wconf 84' lang='lat' dir='ltr'>vero</span> <span class='ocrx_word' id='word_1_106' title='bbox 1554 1207 1779 1261; x_wconf 85' lang='lat' dir='ltr'>tamquam</span> 
     </span>
     <span class='ocr_line' id='line_1_15' title="bbox 305 1271 1780 1336; baseline 0.001 -18"><span class='ocrx_word' id='word_1_107' title='bbox 305 1282 562 1318; x_wconf 86' lang='lat' dir='ltr'>extraneum</span> <span class='ocrx_word' id='word_1_108' title='bbox 607 1271 716 1336; x_wconf 90' lang='lat' dir='ltr'>quid</span> <span class='ocrx_word' id='word_1_109' title='bbox 756 1283 900 1327; x_wconf 89' lang='lat' dir='ltr'>esset,</span> <span class='ocrx_word' id='word_1_110' title='bbox 938 1282 982 1318; x_wconf 90' lang='lat' dir='ltr'>et</span> <span class='ocrx_word' id='word_1_111' title='bbox 1015 1272 1313 1319; x_wconf 87' lang='lat' dir='ltr'>accessorium</span> <span class='ocrx_word' id='word_1_112' title='bbox 1348 1272 1485 1336; x_wconf 90' lang='lat' dir='ltr'>idque</span> <span class='ocrx_word' id='word_1_113' title='bbox 1519 1272 1780 1320; x_wconf 85' lang='lat' dir='ltr'>indifferens</span> 
     </span>
     <span class='ocr_line' id='line_1_16' title="bbox 306 1344 1781 1413; baseline 0.001 -19"><span class='ocrx_word' id='word_1_114' title='bbox 306 1347 588 1395; x_wconf 90' lang='lat' dir='ltr'>elementum.</span> <span class='ocrx_word' id='word_1_115' title='bbox 627 1347 721 1394; x_wconf 92' lang='lat' dir='ltr'>Hoc</span> <span class='ocrx_word' id='word_1_116' title='bbox 761 1358 828 1394; x_wconf 91' lang='lat' dir='ltr'>est</span> <span class='ocrx_word' id='word_1_117' title='bbox 861 1344 1154 1413; x_wconf 87' lang='lat' dir='ltr'>principium,</span> <span class='ocrx_word' id='word_1_118' title='bbox 1193 1347 1313 1412; x_wconf 91' lang='lat' dir='ltr'>quod</span> <span class='ocrx_word' id='word_1_119' title='bbox 1349 1348 1394 1394; x_wconf 90' lang='lat' dir='ltr'>in</span> <span class='ocrx_word' id='word_1_120' title='bbox 1430 1349 1781 1413; x_wconf 83' lang='lat' dir='ltr'>praesentiarum</span> 
     </span>
     <span class='ocr_line' id='line_1_17' title="bbox 306 1423 1782 1489; baseline 0.002 -20"><span class='ocrx_word' id='word_1_121' title='bbox 306 1424 436 1487; x_wconf 84' lang='lat' dir='ltr'>longe</span> <span class='ocrx_word' id='word_1_122' title='bbox 481 1424 658 1488; x_wconf 87' lang='lat' dir='ltr'>lateque</span> <span class='ocrx_word' id='word_1_123' title='bbox 702 1423 1001 1480; x_wconf 84' lang='lat' dir='ltr'>diffunditur,</span> <span class='ocrx_word' id='word_1_124' title='bbox 1052 1423 1421 1488; x_wconf 89' lang='lat' dir='ltr'>dominaturque,</span> <span class='ocrx_word' id='word_1_125' title='bbox 1466 1435 1601 1489; x_wconf 87' lang='lat' dir='ltr'>atque</span> <span class='ocrx_word' id='word_1_126' title='bbox 1646 1441 1782 1472; x_wconf 87' lang='lat' dir='ltr'>causa</span> 
     </span>
     <span class='ocr_line' id='line_1_18' title="bbox 307 1499 1783 1565; baseline 0.001 -19"><span class='ocrx_word' id='word_1_127' title='bbox 307 1500 547 1565; x_wconf 88' lang='lat' dir='ltr'>praecipua</span> <span class='ocrx_word' id='word_1_128' title='bbox 570 1511 638 1547; x_wconf 89' lang='lat' dir='ltr'>est</span> <span class='ocrx_word' id='word_1_129' title='bbox 663 1510 726 1547; x_wconf 90' lang='lat' dir='ltr'>tot</span> <span class='ocrx_word' id='word_1_130' title='bbox 750 1499 1077 1547; x_wconf 87' lang='lat' dir='ltr'>aberrationum</span> <span class='ocrx_word' id='word_1_131' title='bbox 1112 1501 1407 1563; x_wconf 86' lang='lat' dir='ltr'>practicarum</span> <span class='ocrx_word' id='word_1_132' title='bbox 1423 1538 1433 1556; x_wconf 94' lang='lat'>,</span> <span class='ocrx_word' id='word_1_133' title='bbox 1462 1500 1519 1548; x_wconf 90' lang='lat' dir='ltr'>ob</span> <span class='ocrx_word' id='word_1_134' title='bbox 1544 1517 1658 1565; x_wconf 89' lang='lat' dir='ltr'>quas</span> <span class='ocrx_word' id='word_1_135' title='bbox 1682 1500 1783 1548; x_wconf 90' lang='lat' dir='ltr'>ubi-</span> 
     </span>
     <span class='ocr_line' id='line_1_19' title="bbox 306 1576 1783 1641; baseline 0.001 -18"><span class='ocrx_word' id='word_1_136' title='bbox 306 1594 394 1641; x_wconf 85' lang='lat' dir='ltr'>que</span> <span class='ocrx_word' id='word_1_137' title='bbox 429 1577 519 1624; x_wconf 90' lang='lat' dir='ltr'>fere</span> <span class='ocrx_word' id='word_1_138' title='bbox 553 1576 749 1624; x_wconf 85' lang='lat' dir='ltr'>locorum</span> <span class='ocrx_word' id='word_1_139' title='bbox 785 1576 977 1624; x_wconf 87' lang='lat' dir='ltr'>societas</span> <span class='ocrx_word' id='word_1_140' title='bbox 1013 1576 1196 1640; x_wconf 86' lang='lat' dir='ltr'>politica</span> <span class='ocrx_word' id='word_1_141' title='bbox 1231 1576 1532 1640; x_wconf 88' lang='lat' dir='ltr'>periclitatur,</span> <span class='ocrx_word' id='word_1_142' title='bbox 1561 1594 1614 1624; x_wconf 90' lang='lat' dir='ltr'>ac</span> <span class='ocrx_word' id='word_1_143' title='bbox 1636 1577 1783 1625; x_wconf 88' lang='lat' dir='ltr'>disso-</span> 
     </span>
     <span class='ocr_line' id='line_1_20' title="bbox 306 1650 1782 1716; baseline 0.001 -18"><span class='ocrx_word' id='word_1_144' title='bbox 306 1652 463 1699; x_wconf 89' lang='lat' dir='ltr'>lutioni</span> <span class='ocrx_word' id='word_1_145' title='bbox 500 1652 700 1716; x_wconf 86' lang='lat' dir='ltr'>proxima</span> <span class='ocrx_word' id='word_1_146' title='bbox 734 1662 816 1699; x_wconf 88' lang='lat' dir='ltr'>est.</span> <span class='ocrx_word' id='word_1_147' title='bbox 847 1652 966 1698; x_wconf 90' lang='lat' dir='ltr'>Haec</span> <span class='ocrx_word' id='word_1_148' title='bbox 1001 1651 1179 1699; x_wconf 90' lang='lat' dir='ltr'>demum</span> <span class='ocrx_word' id='word_1_149' title='bbox 1205 1651 1283 1698; x_wconf 90' lang='lat' dir='ltr'>illa</span> <span class='ocrx_word' id='word_1_150' title='bbox 1305 1650 1486 1699; x_wconf 85' lang='lat' dir='ltr'>libertas</span> <span class='ocrx_word' id='word_1_151' title='bbox 1521 1663 1616 1708; x_wconf 90' lang='lat' dir='ltr'>est,</span> <span class='ocrx_word' id='word_1_152' title='bbox 1648 1669 1782 1716; x_wconf 89' lang='lat' dir='ltr'>quam</span> 
     </span>
     <span class='ocr_line' id='line_1_21' title="bbox 306 1728 1783 1793; baseline 0 -17"><span class='ocrx_word' id='word_1_153' title='bbox 306 1729 441 1776; x_wconf 79' lang='lat' dir='ltr'>veluti</span> <span class='ocrx_word' id='word_1_154' title='bbox 456 1746 710 1793; x_wconf 89' lang='lat' dir='ltr'>supremam</span> <span class='ocrx_word' id='word_1_155' title='bbox 727 1739 927 1776; x_wconf 89' lang='lat' dir='ltr'>votorum</span> <span class='ocrx_word' id='word_1_156' title='bbox 943 1739 1104 1781; x_wconf 86' lang='lat' dir='ltr'>metam</span> <span class='ocrx_word' id='word_1_157' title='bbox 1124 1728 1339 1776; x_wconf 89' lang='lat' dir='ltr'>increduli</span> <span class='ocrx_word' id='word_1_158' title='bbox 1358 1746 1512 1776; x_wconf 90' lang='lat' dir='ltr'>omnes</span> <span class='ocrx_word' id='word_1_159' title='bbox 1525 1745 1578 1775; x_wconf 90' lang='lat' dir='ltr'>ac</span> <span class='ocrx_word' id='word_1_160' title='bbox 1596 1728 1783 1793; x_wconf 89' lang='lat' dir='ltr'>pseudo·</span> 
     </span>
     <span class='ocr_line' id='line_1_22' title="bbox 307 1803 1783 1869; baseline 0.001 -19"><span class='ocrx_word' id='word_1_161' title='bbox 307 1804 473 1868; x_wconf 88' lang='lat' dir='ltr'>politici</span> <span class='ocrx_word' id='word_1_162' title='bbox 509 1804 705 1852; x_wconf 89' lang='lat' dir='ltr'>universi</span> <span class='ocrx_word' id='word_1_163' title='bbox 738 1804 823 1852; x_wconf 90' lang='lat' dir='ltr'>sibi</span> <span class='ocrx_word' id='word_1_164' title='bbox 853 1821 880 1850; x_wconf 89' lang='lat' dir='ltr'>a</span> <span class='ocrx_word' id='word_1_165' title='bbox 908 1803 1117 1850; x_wconf 91' lang='lat' dir='ltr'>diuturno</span> <span class='ocrx_word' id='word_1_166' title='bbox 1150 1814 1346 1868; x_wconf 89' lang='lat' dir='ltr'>tempore</span> <span class='ocrx_word' id='word_1_167' title='bbox 1381 1815 1706 1869; x_wconf 89' lang='lat' dir='ltr'>proposuerunt</span> <span class='ocrx_word' id='word_1_168' title='bbox 1731 1822 1783 1852; x_wconf 85' lang='lat' dir='ltr'>ac</span> 
     </span>
     <span class='ocr_line' id='line_1_23' title="bbox 306 1879 1780 1945; baseline 0.001 -18"><span class='ocrx_word' id='word_1_169' title='bbox 306 1881 547 1928; x_wconf 89' lang='lat' dir='ltr'>machinati</span> <span class='ocrx_word' id='word_1_170' title='bbox 584 1891 711 1937; x_wconf 89' lang='lat' dir='ltr'>sunt,</span> <span class='ocrx_word' id='word_1_171' title='bbox 751 1897 976 1945; x_wconf 89' lang='lat' dir='ltr'>quamque</span> <span class='ocrx_word' id='word_1_172' title='bbox 1001 1879 1107 1927; x_wconf 89' lang='lat' dir='ltr'>olim</span> <span class='ocrx_word' id='word_1_173' title='bbox 1141 1879 1455 1928; x_wconf 87' lang='lat' dir='ltr'>ominabantur</span> <span class='ocrx_word' id='word_1_174' title='bbox 1489 1891 1622 1945; x_wconf 89' lang='lat' dir='ltr'>atque</span> <span class='ocrx_word' id='word_1_175' title='bbox 1657 1881 1780 1928; x_wconf 88' lang='lat' dir='ltr'>salu-</span> 
     </span>
     <span class='ocr_line' id='line_1_24' title="bbox 306 1956 1778 2022; baseline 0.001 -18"><span class='ocrx_word' id='word_1_176' title='bbox 306 1957 460 2005; x_wconf 87' lang='lat' dir='ltr'>tabant</span> <span class='ocrx_word' id='word_1_177' title='bbox 492 1975 516 2006; x_wconf 85' lang='lat' dir='ltr'>a</span> <span class='ocrx_word' id='word_1_178' title='bbox 551 1957 705 2020; x_wconf 78' lang='lat' dir='ltr'>longe,</span> <span class='ocrx_word' id='word_1_179' title='bbox 745 1974 862 2004; x_wconf 91' lang='lat' dir='ltr'>nunc</span> <span class='ocrx_word' id='word_1_180' title='bbox 894 1973 999 2003; x_wconf 85' lang='lat' dir='ltr'>vero</span> <span class='ocrx_word' id='word_1_181' title='bbox 1032 1956 1106 2004; x_wconf 83' lang='lat' dir='ltr'>vix</span> <span class='ocrx_word' id='word_1_182' title='bbox 1140 1973 1227 2003; x_wconf 91' lang='lat' dir='ltr'>non</span> <span class='ocrx_word' id='word_1_183' title='bbox 1272 1957 1421 2021; x_wconf 89' lang='lat' dir='ltr'>adepti</span> <span class='ocrx_word' id='word_1_184' title='bbox 1467 1968 1594 2014; x_wconf 91' lang='lat' dir='ltr'>sunt,</span> <span class='ocrx_word' id='word_1_185' title='bbox 1646 1968 1778 2022; x_wconf 90' lang='lat' dir='ltr'>atque</span> 
     </span>
     <span class='ocr_line' id='line_1_25' title="bbox 307 2030 1780 2098; baseline 0 -18"><span class='ocrx_word' id='word_1_186' title='bbox 307 2033 439 2098; x_wconf 87' lang='lat' dir='ltr'>plene</span> <span class='ocrx_word' id='word_1_187' title='bbox 477 2033 668 2097; x_wconf 89' lang='lat' dir='ltr'>adipisci</span> <span class='ocrx_word' id='word_1_188' title='bbox 703 2032 789 2080; x_wconf 89' lang='lat' dir='ltr'>sibi</span> <span class='ocrx_word' id='word_1_189' title='bbox 819 2031 940 2080; x_wconf 88' lang='lat' dir='ltr'>brevi</span> <span class='ocrx_word' id='word_1_190' title='bbox 972 2030 1235 2096; x_wconf 89' lang='lat' dir='ltr'>pollicentur</span> <span class='ocrx_word' id='word_1_191' title='bbox 1274 2032 1406 2079; x_wconf 88' lang='lat' dir='ltr'>etiam</span> <span class='ocrx_word' id='word_1_192' title='bbox 1442 2032 1487 2079; x_wconf 90' lang='lat' dir='ltr'>in</span> <span class='ocrx_word' id='word_1_193' title='bbox 1524 2032 1780 2095; x_wconf 80' lang='lat' dir='ltr'>regionibus</span> 
     </span>
    </p>
   </div>
   <div class='ocr_carea' id='block_1_3' title="bbox 304 2109 653 2172">
    <p class='ocr_par' dir='ltr' id='par_1_4' title="bbox 304 2109 653 2172">
     <span class='ocr_line' id='line_1_26' title="bbox 304 2109 653 2172; baseline -0.003 -16"><span class='ocrx_word' id='word_1_194' title='bbox 304 2109 543 2158; x_wconf 85' lang='lat' dir='ltr'>catholicis</span> <span class='ocrx_word' id='word_1_195' title='bbox 567 2112 653 2172; x_wconf 78' lang='lat'>(5).</span> 
     </span>
    </p>
   </div>
   <div class='ocr_carea' id='block_1_4' title="bbox 303 2293 1786 2707">
    <p class='ocr_par' dir='ltr' id='par_1_5' title="bbox 303 2293 1786 2707">
     <span class='ocr_line' id='line_1_27' title="bbox 402 2293 1785 2336; baseline -0.001 -8"><span class='ocrx_word' id='word_1_196' title='bbox 402 2294 448 2336; x_wconf 78' lang='lat'>(5)</span> <span class='ocrx_word' id='word_1_197' title='bbox 469 2294 659 2328; x_wconf 76' lang='lat' dir='ltr'>Docti-inam</span> <span class='ocrx_word' id='word_1_198' title='bbox 686 2294 770 2328; x_wconf 84' lang='lat' dir='ltr'>hanc</span> <span class='ocrx_word' id='word_1_199' title='bbox 796 2293 837 2329; x_wconf 89' lang='lat' dir='ltr'>de</span> <span class='ocrx_word' id='word_1_200' title='bbox 859 2294 1036 2329; x_wconf 84' lang='lat' dir='ltr'>secretione</span> <span class='ocrx_word' id='word_1_201' title='bbox 1063 2296 1166 2328; x_wconf 79' lang='lat' dir='ltr'>status</span> <span class='ocrx_word' id='word_1_202' title='bbox 1190 2295 1231 2327; x_wconf 93' lang='lat' dir='ltr'>ab</span> <span class='ocrx_word' id='word_1_203' title='bbox 1256 2294 1391 2328; x_wconf 82' lang='lat' dir='ltr'>ecclesia</span> <span class='ocrx_word' id='word_1_204' title='bbox 1412 2294 1551 2327; x_wconf 80' lang='lat' dir='ltr'>mutuati</span> <span class='ocrx_word' id='word_1_205' title='bbox 1571 2295 1691 2336; x_wconf 83' lang='lat' dir='ltr'>pariter</span> <span class='ocrx_word' id='word_1_206' title='bbox 1709 2293 1785 2327; x_wconf 80' lang='lat' dir='ltr'>sunt</span> 
     </span>
     <span class='ocr_line' id='line_1_28' title="bbox 307 2346 1785 2390; baseline -0.001 -11"><span class='ocrx_word' id='word_1_207' title='bbox 307 2348 565 2389; x_wconf 81' lang='lat' dir='ltr'>pseudo-politici</span> <span class='ocrx_word' id='word_1_208' title='bbox 581 2347 621 2380; x_wconf 85' lang='lat' dir='ltr'>ab</span> <span class='ocrx_word' id='word_1_209' title='bbox 635 2348 762 2389; x_wconf 86' lang='lat' dir='ltr'>impuro</span> <span class='ocrx_word' id='word_1_210' title='bbox 775 2348 1029 2390; x_wconf 84' lang='lat' dir='ltr'>protestantismi</span> <span class='ocrx_word' id='word_1_211' title='bbox 1042 2348 1131 2380; x_wconf 82' lang='lat' dir='ltr'>fonte</span> <span class='ocrx_word' id='word_1_212' title='bbox 1145 2357 1210 2380; x_wconf 85' lang='lat' dir='ltr'>una</span> <span class='ocrx_word' id='word_1_213' title='bbox 1223 2357 1298 2380; x_wconf 91' lang='lat' dir='ltr'>cum</span> <span class='ocrx_word' id='word_1_214' title='bbox 1314 2347 1539 2388; x_wconf 77' lang='lat' dir='ltr'>consectariis,</span> <span class='ocrx_word' id='word_1_215' title='bbox 1557 2355 1642 2388; x_wconf 87' lang='lat' dir='ltr'>quae</span> <span class='ocrx_word' id='word_1_216' title='bbox 1666 2346 1785 2378; x_wconf 86' lang='lat' dir='ltr'>exinde</span> 
     </span>
     <span class='ocr_line' id='line_1_29' title="bbox 308 2400 1786 2443; baseline -0.001 -11"><span class='ocrx_word' id='word_1_217' title='bbox 308 2402 486 2441; x_wconf 81' lang='lat' dir='ltr'>profluunt.</span> <span class='ocrx_word' id='word_1_218' title='bbox 503 2403 540 2433; x_wconf 91' lang='lat' dir='ltr'>ln</span> <span class='ocrx_word' id='word_1_219' title='bbox 556 2410 656 2442; x_wconf 87' lang='lat' dir='ltr'>quam</span> <span class='ocrx_word' id='word_1_220' title='bbox 671 2410 739 2433; x_wconf 84' lang='lat' dir='ltr'>rem</span> <span class='ocrx_word' id='word_1_221' title='bbox 755 2401 919 2441; x_wconf 83' lang='lat' dir='ltr'>praeclare</span> <span class='ocrx_word' id='word_1_222' title='bbox 940 2401 1070 2442; x_wconf 82' lang='lat' dir='ltr'>scripsit</span> <span class='ocrx_word' id='word_1_223' title='bbox 1085 2401 1254 2443; x_wconf 85' lang='lat' dir='ltr'>Philippus</span> <span class='ocrx_word' id='word_1_224' title='bbox 1269 2401 1403 2434; x_wconf 84' lang='lat' dir='ltr'>Carillo.</span> <span class='ocrx_word' id='word_1_225' title='bbox 1421 2414 1436 2429; x_wconf 73' lang='lat' dir='ltr'>u</span> <span class='ocrx_word' id='word_1_226' title='bbox 1449 2401 1506 2433; x_wconf 84' lang='lat' dir='ltr'>Nel</span> <span class='ocrx_word' id='word_1_227' title='bbox 1525 2400 1786 2441; x_wconf 77' lang='lat' dir='ltr'>protestantismo</span> 
     </span>
     <span class='ocr_line' id='line_1_30' title="bbox 305 2449 1785 2495; baseline -0.001 -10"><span class='ocrx_word' id='word_1_228' title='bbox 305 2454 333 2485; x_wconf 85' lang='lat' dir='ltr'>s’</span> <span class='ocrx_word' id='word_1_229' title='bbox 344 2454 476 2495; x_wconf 79' lang='lat' dir='ltr'>insegno</span> <span class='ocrx_word' id='word_1_230' title='bbox 489 2455 521 2487; x_wconf 89' lang='grc'>13</span> <span class='ocrx_word' id='word_1_231' title='bbox 538 2449 636 2486; x_wconf 79' lang='lat' dir='ltr'>fatale</span> <span class='ocrx_word' id='word_1_232' title='bbox 660 2453 803 2486; x_wconf 85' lang='lat' dir='ltr'>dottrina</span> <span class='ocrx_word' id='word_1_233' title='bbox 816 2453 851 2485; x_wconf 85' lang='lat' dir='ltr'>di</span> <span class='ocrx_word' id='word_1_234' title='bbox 868 2453 996 2486; x_wconf 91' lang='lat' dir='ltr'>doversi</span> <span class='ocrx_word' id='word_1_235' title='bbox 1012 2454 1044 2485; x_wconf 85' lang='grc'>13</span> <span class='ocrx_word' id='word_1_236' title='bbox 1056 2452 1165 2486; x_wconf 80' lang='lat' dir='ltr'>chiesa</span> <span class='ocrx_word' id='word_1_237' title='bbox 1178 2462 1310 2494; x_wconf 76' lang='lat' dir='ltr'>separat·</span> <span class='ocrx_word' id='word_1_238' title='bbox 1328 2451 1548 2494; x_wconf 85' lang='lat' dir='ltr'>dall&#39;imper&#39;o,</span> <span class='ocrx_word' id='word_1_239' title='bbox 1565 2461 1583 2484; x_wconf 89' lang='lat' dir='ltr'>e</span> <span class='ocrx_word' id='word_1_240' title='bbox 1596 2460 1653 2492; x_wconf 89' lang='lat' dir='ltr'>per</span> <span class='ocrx_word' id='word_1_241' title='bbox 1670 2453 1785 2492; x_wconf 82' lang='lat' dir='ltr'>questo</span> 
     </span>
     <span class='ocr_line' id='line_1_31' title="bbox 309 2505 1785 2548; baseline -0.001 -10"><span class='ocrx_word' id='word_1_242' title='bbox 309 2507 520 2548; x_wconf 85' lang='lat' dir='ltr'>lagrimevole</span> <span class='ocrx_word' id='word_1_243' title='bbox 532 2517 550 2540; x_wconf 87' lang='lat' dir='ltr'>e</span> <span class='ocrx_word' id='word_1_244' title='bbox 563 2508 663 2540; x_wconf 85' lang='lat' dir='ltr'>stolto</span> <span class='ocrx_word' id='word_1_245' title='bbox 686 2507 832 2540; x_wconf 67' lang='lat' dir='ltr'>divor-zio</span> <span class='ocrx_word' id='word_1_246' title='bbox 853 2507 928 2539; x_wconf 84' lang='lat' dir='ltr'>dell&#39;</span> <span class='ocrx_word' id='word_1_247' title='bbox 935 2507 1004 2539; x_wconf 78' lang='lat' dir='ltr'>atto</span> <span class='ocrx_word' id='word_1_248' title='bbox 1018 2507 1116 2539; x_wconf 82' lang='lat' dir='ltr'>civile</span> <span class='ocrx_word' id='word_1_249' title='bbox 1129 2507 1283 2540; x_wconf 82' lang='lat' dir='ltr'>dall&#39;atto</span> <span class='ocrx_word' id='word_1_250' title='bbox 1296 2506 1463 2547; x_wconf 85' lang='lat' dir='ltr'>religioso,</span> <span class='ocrx_word' id='word_1_251' title='bbox 1479 2505 1565 2538; x_wconf 79' lang='lat' dir='ltr'>dena</span> <span class='ocrx_word' id='word_1_252' title='bbox 1577 2506 1687 2538; x_wconf 75' lang='lat' dir='ltr'>chiesa</span> <span class='ocrx_word' id='word_1_253' title='bbox 1698 2505 1785 2538; x_wconf 78' lang='lat' dir='ltr'>dallo</span> 
     </span>
     <span class='ocr_line' id='line_1_32' title="bbox 303 2559 1786 2602; baseline -0.001 -10"><span class='ocrx_word' id='word_1_254' title='bbox 303 2562 408 2601; x_wconf 78' lang='lat' dir='ltr'>stato,</span> <span class='ocrx_word' id='word_1_255' title='bbox 426 2561 507 2593; x_wconf 69' lang='lat' dir='ltr'>&#39;dell&#39;</span> <span class='ocrx_word' id='word_1_256' title='bbox 518 2561 642 2602; x_wconf 84' lang='lat' dir='ltr'>impero</span> <span class='ocrx_word' id='word_1_257' title='bbox 661 2561 749 2593; x_wconf 82' lang='grc'><strong>(13113</strong></span> <span class='ocrx_word' id='word_1_258' title='bbox 765 2560 938 2601; x_wconf 83' lang='lat' dir='ltr'>religione,</span> <span class='ocrx_word' id='word_1_259' title='bbox 955 2559 982 2592; x_wconf 85' lang='lat' dir='ltr'>si</span> <span class='ocrx_word' id='word_1_260' title='bbox 999 2560 1168 2601; x_wconf 80' lang='lat' dir='ltr'>gettarono</span> <span class='ocrx_word' id='word_1_261' title='bbox 1184 2560 1214 2591; x_wconf 89' lang='lat' dir='ltr'>le</span> <span class='ocrx_word' id='word_1_262' title='bbox 1234 2560 1443 2591; x_wconf 80' lang='lat' dir='ltr'>fondamenta</span> <span class='ocrx_word' id='word_1_263' title='bbox 1456 2559 1490 2590; x_wconf 88' lang='lat' dir='ltr'>di</span> <span class='ocrx_word' id='word_1_264' title='bbox 1506 2567 1571 2590; x_wconf 84' lang='lat' dir='ltr'>una</span> <span class='ocrx_word' id='word_1_265' title='bbox 1589 2559 1786 2592; x_wconf 76' lang='lat' dir='ltr'>sistematica</span> 
     </span>
     <span class='ocr_line' id='line_1_33' title="bbox 306 2604 1785 2659; baseline 0 -16"><span class='ocrx_word' id='word_1_266' title='bbox 306 2612 476 2645; x_wconf 85' lang='lat' dir='ltr'>ribellione</span> <span class='ocrx_word' id='word_1_267' title='bbox 494 2613 582 2645; x_wconf 88' lang='grc'><strong>(13113</strong></span> <span class='ocrx_word' id='word_1_268' title='bbox 605 2613 714 2645; x_wconf 81' lang='lat' dir='ltr'>chiesa</span> <span class='ocrx_word' id='word_1_269' title='bbox 727 2621 746 2644; x_wconf 87' lang='lat' dir='ltr'>e</span> <span class='ocrx_word' id='word_1_270' title='bbox 761 2612 803 2645; x_wconf 88' lang='lat' dir='ltr'>da</span> <span class='ocrx_word' id='word_1_271' title='bbox 822 2612 895 2644; x_wconf 89' lang='lat' dir='ltr'>Dio.</span> <span class='ocrx_word' id='word_1_272' title='bbox 909 2629 919 2636; x_wconf 92' lang='lat'><strong>·</strong></span> <span class='ocrx_word' id='word_1_273' title='bbox 932 2611 1065 2644; x_wconf 83' lang='lat' dir='ltr'>Guidati</span> <span class='ocrx_word' id='word_1_274' title='bbox 1088 2611 1130 2643; x_wconf 77' lang='lat' dir='ltr'>da</span> <span class='ocrx_word' id='word_1_275' title='bbox 1153 2613 1267 2651; x_wconf 86' lang='lat' dir='ltr'>questo</span> <span class='ocrx_word' id='word_1_276' title='bbox 1293 2611 1540 2643; x_wconf 80' lang='lat' dir='ltr'>abhominevole</span> <span class='ocrx_word' id='word_1_277' title='bbox 1562 2604 1721 2652; x_wconf 83' lang='lat' dir='ltr'>principio</span> <span class='ocrx_word' id='word_1_278' title='bbox 1732 2635 1751 2659; x_wconf 41' lang='lat'>,¹</span> <span class='ocrx_word' id='word_1_279' title='bbox 1767 2620 1785 2643; x_wconf 82' lang='lat' dir='ltr'>c</span> 
     </span>
     <span class='ocr_line' id='line_1_34' title="bbox 312 2663 1783 2707; baseline 0.001 -13"><span class='ocrx_word' id='word_1_280' title='bbox 312 2663 334 2695; x_wconf 89' lang='lat' dir='ltr'>l’</span> <span class='ocrx_word' id='word_1_281' title='bbox 344 2664 527 2698; x_wconf 85' lang='lat' dir='ltr'>universale</span> <span class='ocrx_word' id='word_1_282' title='bbox 538 2665 686 2706; x_wconf 78' lang='lat' dir='ltr'>samiglia</span> <span class='ocrx_word' id='word_1_283' title='bbox 701 2663 951 2707; x_wconf 82' lang='lat' dir='ltr'>pretendendosi</span> <span class='ocrx_word' id='word_1_284' title='bbox 965 2664 1071 2697; x_wconf 81' lang='lat' dir='ltr'>divisa</span> <span class='ocrx_word' id='word_1_285' title='bbox 1085 2663 1139 2696; x_wconf 82' lang='lat' dir='ltr'>dal</span> <span class='ocrx_word' id='word_1_286' title='bbox 1154 2673 1214 2696; x_wconf 82' lang='lat' dir='ltr'>suo</span> <span class='ocrx_word' id='word_1_287' title='bbox 1226 2672 1378 2705; x_wconf 82' lang='lat' dir='ltr'>supremo</span> <span class='ocrx_word' id='word_1_288' title='bbox 1393 2665 1523 2696; x_wconf 80' lang='lat' dir='ltr'>Fattore</span> <span class='ocrx_word' id='word_1_289' title='bbox 1534 2688 1543 2705; x_wconf 93' lang='lat'>,</span> <span class='ocrx_word' id='word_1_290' title='bbox 1560 2664 1588 2695; x_wconf 86' lang='lat' dir='ltr'>si</span> <span class='ocrx_word' id='word_1_291' title='bbox 1602 2664 1676 2705; x_wconf 77' lang='lat' dir='ltr'>pote</span> <span class='ocrx_word' id='word_1_292' title='bbox 1696 2663 1783 2696; x_wconf 73' lang='lat' dir='ltr'>facil·</span> 
     </span>
    </p>
   </div>
   <div class='ocr_carea' id='block_1_5' title="bbox 242 2716 1782 2759">
    <p class='ocr_par' dir='ltr' id='par_1_6' title="bbox 242 2716 1782 2759">
     <span class='ocr_line' id='line_1_35' title="bbox 242 2716 1782 2759; baseline 0.001 -10"><span class='ocrx_word' id='word_1_293' title='bbox 242 2736 245 2738; x_wconf 94' lang='lat'><em>-</em></span> <span class='ocrx_word' id='word_1_294' title='bbox 304 2718 414 2749; x_wconf 81' lang='lat' dir='ltr'>mente</span> <span class='ocrx_word' id='word_1_295' title='bbox 429 2726 490 2757; x_wconf 86' lang='lat' dir='ltr'>pur</span> <span class='ocrx_word' id='word_1_296' title='bbox 505 2720 662 2750; x_wconf 79' lang='lat' dir='ltr'>sottrarre</span> <span class='ocrx_word' id='word_1_297' title='bbox 673 2718 763 2751; x_wconf 82' lang='lat' dir='ltr'>daila</span> <span class='ocrx_word' id='word_1_298' title='bbox 772 2727 831 2751; x_wconf 76' lang='lat' dir='ltr'>sna</span> <span class='ocrx_word' id='word_1_299' title='bbox 844 2718 1043 2759; x_wconf 83' lang='lat' dir='ltr'>dipendenza</span> <span class='ocrx_word' id='word_1_300' title='bbox 1056 2717 1079 2750; x_wconf 91' lang='lat' dir='ltr'>il</span> <span class='ocrx_word' id='word_1_301' title='bbox 1092 2717 1285 2759; x_wconf 80' lang='lat' dir='ltr'>particolare</span> <span class='ocrx_word' id='word_1_302' title='bbox 1298 2717 1483 2749; x_wconf 84' lang='lat' dir='ltr'>connuhbio</span> <span class='ocrx_word' id='word_1_303' title='bbox 1498 2716 1584 2750; x_wconf 82' lang='lat' dir='ltr'>dena</span> <span class='ocrx_word' id='word_1_304' title='bbox 1597 2717 1707 2750; x_wconf 83' lang='lat' dir='ltr'>donna</span> <span class='ocrx_word' id='word_1_305' title='bbox 1718 2718 1782 2750; x_wconf 86' lang='lat' dir='ltr'>col·</span> 
     </span>
    </p>
   </div>
   <div class='ocr_carea' id='block_1_6' title="bbox 306 2769 1786 2864">
    <p class='ocr_par' dir='ltr' id='par_1_7' title="bbox 306 2769 1786 2864">
     <span class='ocr_line' id='line_1_36' title="bbox 307 2769 1785 2812; baseline 0.001 -12"><span class='ocrx_word' id='word_1_306' title='bbox 307 2769 446 2810; x_wconf 19' lang='lat' dir='ltr'>l&#39;huomo.</span> <span class='ocrx_word' id='word_1_307' title='bbox 458 2771 512 2802; x_wconf 88' lang='lat' dir='ltr'>-In</span> <span class='ocrx_word' id='word_1_308' title='bbox 527 2771 601 2803; x_wconf 79' lang='lat' dir='ltr'>altri</span> <span class='ocrx_word' id='word_1_309' title='bbox 617 2771 768 2812; x_wconf 86' lang='lat' dir='ltr'>termini,</span> <span class='ocrx_word' id='word_1_310' title='bbox 793 2772 824 2804; x_wconf 90' lang='grc'>13</span> <span class='ocrx_word' id='word_1_311' title='bbox 849 2771 966 2804; x_wconf 78' lang='lat' dir='ltr'>infesta</span> <span class='ocrx_word' id='word_1_312' title='bbox 985 2771 1114 2804; x_wconf 85' lang='lat' dir='ltr'>novella</span> <span class='ocrx_word' id='word_1_313' title='bbox 1135 2770 1257 2803; x_wconf 83' lang='lat' dir='ltr'>teorica</span> <span class='ocrx_word' id='word_1_314' title='bbox 1275 2770 1544 2812; x_wconf 85' lang='lat' dir='ltr'>principalmente</span> <span class='ocrx_word' id='word_1_315' title='bbox 1556 2770 1699 2803; x_wconf 77' lang='lat' dir='ltr'>radicata</span> <span class='ocrx_word' id='word_1_316' title='bbox 1719 2770 1785 2802; x_wconf 85' lang='lat' dir='ltr'>nel-</span> 
     </span>
     <span class='ocr_line' id='line_1_37' title="bbox 306 2821 1786 2864; baseline 0.001 -11"><span class='ocrx_word' id='word_1_317' title='bbox 306 2821 330 2854; x_wconf 84' lang='lat'>1’</span> <span class='ocrx_word' id='word_1_318' title='bbox 337 2821 413 2854; x_wconf 89' lang='lat' dir='ltr'>odio</span> <span class='ocrx_word' id='word_1_319' title='bbox 428 2821 478 2855; x_wconf 86' lang='lat' dir='ltr'>de&#39;</span> <span class='ocrx_word' id='word_1_320' title='bbox 489 2824 682 2864; x_wconf 76' lang='lat' dir='ltr'>protestanti</span> <span class='ocrx_word' id='word_1_321' title='bbox 699 2826 824 2856; x_wconf 59' lang='lat' dir='ltr'>contro&gt;</span> <span class='ocrx_word' id='word_1_322' title='bbox 839 2824 872 2857; x_wconf 88' lang='grc'>13</span> <span class='ocrx_word' id='word_1_323' title='bbox 894 2824 1003 2857; x_wconf 79' lang='lat' dir='ltr'>chiesa</span> <span class='ocrx_word' id='word_1_324' title='bbox 1018 2824 1192 2864; x_wconf 81' lang='lat' dir='ltr'>cattolica,</span> <span class='ocrx_word' id='word_1_325' title='bbox 1210 2823 1307 2856; x_wconf 77' lang='lat' dir='ltr'>riusci</span> <span class='ocrx_word' id='word_1_326' title='bbox 1320 2823 1360 2855; x_wconf 84' lang='lat' dir='ltr'>ad</span> <span class='ocrx_word' id='word_1_327' title='bbox 1374 2823 1575 2856; x_wconf 83' lang='lat' dir='ltr'>umanizzare</span> <span class='ocrx_word' id='word_1_328' title='bbox 1590 2832 1609 2855; x_wconf 85' lang='lat' dir='ltr'>c</span> <span class='ocrx_word' id='word_1_329' title='bbox 1623 2823 1786 2855; x_wconf 77' lang='lat' dir='ltr'>confinare</span> 
     </span>
    </p>
   </div>
  </div>
 </body>
</html>
