1912 3180
315 190 406 234 398
578 203 659 234 un.
688 202 718 232 1.
747 199 860 232 secr.
890 199 1061 232 Arreni.
1093 197 1145 231 ΒΕ
1168 201 1342 233 unium.
1371 192 1512 233 c1v11,1'.

413 280 690 342 Quapropter
703 276 1003 325 'christianum
1029 277 1326 325 sacerdotium
1351 295 1451 326 cum
1477 278 1563 326 sibi
1583 282 1783 330 commis·

316 372 411 403 sam
446 353 653 400 habuerit
674 371 702 400 a
720 352 897 401 Christo
927 363 1305 401 sacramentorum
1330 354 1779 413 administrationem,

315 430 446 478 etiam
481 429 527 475 in
561 439 885 476 sacramentum
919 429 1219 485 matrimonii,
1247 429 1366 493 quod
1391 429 1690 494 inseparabile
1717 441 1786 479 est

316 523 343 553 a
375 509 600 552 contractu
633 504 829 568 legitime
862 505 997 562 inito,
1036 522 1164 552 suam
1209 514 1469 568 potestatem
1515 507 1711 554 exercuit
1742 517 1786 554 et

315 591 487 629 exercet
517 580 811 634 declarando,
838 591 881 629 et
904 581 1144 629 sanciendo
1178 598 1372 645 quanam
1407 581 1576 629 ratione
1609 582 1785 647 possint

316 656 472 705 fideles
516 657 846 705 matrimonium
879 657 1026 705 valide
1059 674 1111 704 ac
1144 657 1264 704 licite
1299 657 1442 714 inire,
1482 669 1613 722 atque
1647 676 1785 724 appo-

319 733 467 781 nendo
506 733 810 790 conditiones,
850 733 935 781 sub
979 732 1144 797 quibus
1178 750 1395 797 personae
1429 733 1539 781 fiant
1572 734 1750 782 habiles
1771 772 1781 789 ,

316 816 394 857 aut
425 809 647 857 inhabiles
681 810 737 858 ad
773 809 1137 857 contrahendum.

413 886 566 950 Neque
599 886 808 933 maiorem
844 884 1050 949 peritiam
1094 884 1328 948 theologus
1371 896 1522 933 noster
1554 886 1782 941 ostendit,

317 978 420 1009 cum
454 962 756 1008 auctoritatem
778 971 906 1024 urget
928 961 1208 1018 catechismi,
1234 972 1284 1009 ut
1304 962 1477 1009 evincat
1500 962 1687 1026 gratiam
1712 979 1787 1010 ac-

316 1038 476 1086 cedere
499 1038 557 1085 ad
581 1037 912 1084 matrimonium
948 1037 1037 1084 iam
1071 1037 1341 1094 confectum,
1379 1038 1441 1085 ita
1474 1049 1523 1085 ut
1555 1037 1666 1085 illud
1689 1038 1788 1086 sine

319 1111 594 1162 sacramento
632 1114 874 1162 consistere
907 1113 1054 1162 valeat
1079 1133 1090 1171 ;
1140 1114 1362 1179 siquidem
1396 1115 1495 1179 ipse
1527 1115 1790 1179 permiscuit

317 1190 593 1238 matrimonii
627 1190 930 1238 definitionem
966 1202 1096 1256 prout
1127 1202 1196 1238 est
1228 1202 1553 1239 sacramentum
1586 1207 1687 1239 cum
1721 1210 1790 1240 sa-

318 1267 529 1313 cramenti
553 1267 793 1331 effectibus.
818 1268 928 1314 Nam
952 1267 1209 1315 catechismi
1233 1267 1277 1314 in
1303 1267 1510 1315 adductis
1526 1266 1788 1316 verbis'non

321 1342 534 1406 praebent
567 1343 834 1390 sacramenti
868 1342 1136 1390 matrimonii
1176 1342 1479 1390 definitionem
1503 1380 1513 1399 ‚
1551 1360 1667 1408 quae
1700 1343 1789 1390 alia

321 1418 502 1466 omnino
537 1429 631 1475 est⁷
661 1418 741 1465 sed
775 1429 1035 1466 enumerant
1067 1418 1274 1474 effectus,
1311 1419 1388 1483 qui
1422 1436 1475 1467 ex
1515 1429 1791 1466 sacramento

321 1494 610 1559 proveniunt,
648 1495 900 1542 cuiusmodi
934 1505 1003 1543 est
1035 1494 1176 1558 gratia
1209 1495 1265 1541 ad
1301 1495 1383 1542 rite
1416 1494 1645 1542 obeundas
1679 1494 1791 1542 obli-

321 1570 537 1634 gationes,
565 1588 678 1635 quas
703 1588 854 1619 secum
888 1571 971 1618 fert
1003 1570 1333 1618 matrimonium
1357 1573 1472 1633 (81).
1491 1570 1621 1618 Nullo
1644 1581 1789 1618 autem

321 1646 455 1694 modo
488 1646 748 1694 catechismi
782 1647 972 1694 innuunt
1005 1647 1270 1694 sacramenti
1303 1647 1517 1694 rationem
1547 1646 1786 1712 superaddi

322 1722 566 1769 contractui
601 1722 755 1779 civili,
793 1722 856 1769 uti
891 1722 1118 1769 contendit
1150 1721 1448 1770 adversarius.

420 1799 529 1846 Eius
563 1798 727 1846 idcirco
763 1797 1027 1863 hypothesis
1061 1798 1118 1844 de
1157 1798 1426 1854 revelatore,
1464 1799 1542 1862 qui
1575 1798 1789 1846 divinitus

322 1875 548 1940 promittat
581 1875 767 1938 gratiam
802 1875 881 1930 iis,
906 1875 983 1940 qui
1019 1875 1107 1921 iam
1143 1874 1306 1922 fuerint
1339 1874 1542 1938 coniugio
1575 1874 1787 1939 copulati,

324 1968 413 1998 non
446 1950 578 1998 modo
611 1969 699 1999 non
724 1961 792 1998 est
815 1951 1004 2015 simplex
1028 1950 1215 1998 historia
1244 1969 1325 1999 seu
1353 1952 1540 2008 veritas,
1569 1951 1648 1998 sed
1671 1969 1792 1998 mera

319 2027 486 2078 mentis
521 2027 618 2075 eius
653 2028 883 2084 confictio,
922 2046 1038 2093 quae
1072 2046 1160 2076 non
1194 2028 1316 2075 aliud
1352 2028 1686 2075 fundamentum
1716 2027 1792 2075 ha-

318 2105 398 2152 ·bet
419 2142 430 2158 ‚
467 2122 601 2169 quam
637 2105 925 2169 anticipatum
963 2104 1060 2152 eius
1095 2104 1309 2151 iudicium
1333 2122 1385 2151 ac
1410 2104 1675 2168 imperitiam
1700 2121 1794 2152 ora-

324 2181 432 2228 toris
451 2180 496 2229 in
515 2180 775 2245 theologicis
794 2180 1047 2245 disciplinis
1068 2180 1453 2244 inordinatamque
1475 2179 1673 2227 idearum
1695 2196 1794 2227 con·

324 2257 560 2305 fusionem.
599 2257 900 2305 Sacerdotium
933 2257 1227 2304 christianum
1263 2255 1378 2302 nihil
1413 2255 1498 2303 sibi
1532 2255 1790 2320 usurpavit,

326 2333 406 2380 sed
440 2333 637 2381 functum
672 2344 740 2381 est
772 2333 935 2397 iugiter
969 2350 1021 2380 ac
1056 2333 1198 2398 pergit
1241 2332 1365 2396 fungi
1405 2347 1587 2378 munere
1632 2347 1714 2377 suo
1748 2329 1793 2375 in

332 2409 600 2457 matrimonii
634 2408 930 2457 celebratione
964 2419 1008 2456 et
1039 2408 1337 2456 moderatione
1355 2445 1365 2464 ‚
1409 2417 1539 2472 prout
1577 2405 1797 2470 praestitit

326 2502 381 2532 ac
405 2495 603 2549 praestat
636 2484 680 2531 in
706 2495 948 2532 ceterorum
985 2493 1358 2531 sacramentorum
1389 2480 1789 2529 administratione,

326 2561 437 2607 Nam
478 2561 682 2626 quamvis
723 2561 882 2608 horum
932 2556 1118 2607 materia
1161 2571 1209 2607 ut
1255 2559 1493 2624 plurimum
1539 2566 1711 2604 constet
1743 2574 1796 2603 ex

324 2635 555 2683 elementis
589 2636 895 2693 naturalibus,
934 2635 1183 2684 cuiusmodi
1221 2644 1325 2682 sunt
1358 2651 1499 2698 aqua,
1541 2632 1697 2697 panis,
1735 2632 1796 2680 vi—

425 2759 489 2798 (st)
512 2758 546 2790 ld
562 2761 648 2799 patet
662 2769 698 2792 ex
715 2760 964 2800 interrogatione
979 2768 1063 2800 quae
1078 2760 1113 2791 m
1127 2759 1160 2791 in
1174 2758 1388 2792 catechismis.
1407 2772 1419 2784 u
1432 2757 1499 2789 Che
1514 2757 1639 2797 effecto
1655 2756 1686 2788 sti
1700 2756 1722 2788 il
1738 2765 1799 2788 ma·

327 2810 505 2842 trimonio?
521 2823 536 2837 υ
552 2812 589 2843 R.
611 2811 663 2843 Ι)ὰ
675 2811 710 2843 la
725 2813 847 2852 yrazia
862 2812 896 2844 αἱ
911 2813 1088 2851 coniuqali
1102 2820 1168 2843 ecc.
