1918 3186
317 154 374 200 32
579 169 657 201 un.
687 170 716 200 1.
747 167 858 200 sacr.
888 167 917 198 1.
946 167 998 198 nr.
1022 167 1193 199 uirium.
1217 167 1495 199 SAanuENro.

314 246 472 294 veteris
505 256 715 292 et-novae
756 244 900 306 legis;
947 261 1091 310 neque
1134 245 1339 293 cohaeret
1370 261 1471 292 cum
1507 244 1634 302 aliis,
1672 247 1778 311 quia

314 322 471 370 fatetur
501 319 789 368 communiter
810 329 975 368 ceteros
1000 320 1227 389 theologos
1251 321 1517 368 contrarium
1541 331 1703 368 tenere.
1717 322 1781 370 -Et

312 398 462 462 reipsa
495 412 579 443 non
610 395 813 462 innititur
843 395 899 464 ad
932 395 1200 444 fulciendam
1234 397 1495 445 sententiam
1531 413 1659 445 suam
1693 397 1778 445 nisi

315 471 562 521 auctoritati
598 471 730 518 trium
763 471 1092 539 canonistarum
1125 474 1220 535 (92)
1251 483 1294 520 et
1322 464 1521 537 glossae,
1553 473 1610 520 ob
1641 472 1781 521 levem

314 548 437 615 iliam
455 547 682 615 rationem,
698 548 833 612 quod,
852 548 891 595 si
910 565 989 612 per
1005 538 1333 596 matrimonium
1351 549 1667 614 produceretur
1683 565 1783 612 gra-

315 624 400 681 tia,
430 624 518 671 iam
541 641 628 672 non
653 634 805 688 posset
826 624 996 691 absque
1029 624 1244 672 simoniae
1277 624 1376 672 labe
1400 625 1566 689 pacisci
1585 625 1641 671 de
1658 624 1775 672 dote.

314 699 397 747 His
430 699 592 747 adiecit
619 711 774 765 postea
797 700 1053 763 Magistrum
1089 689 1428 757 sententiarum,
1457 701 1660 765 quamvis
1700 701 1783 747 im-

313 774 495 843 merito,
526 784 576 822 ut
605 774 739 839 paulo
771 785 872 822 ante
902 774 1113 822 vidimus
1135 773 1277 839 Atque
1310 775 1414 823 hinc
1447 775 1611 823 factum
1639 786 1708 823 est
1733 786 1783 823 ut

313 839 466 898 omnes
499 849 594 898 sive
617 851 791 920 coaevi,
827 851 920 898 sive
948 850 1273 915 subsequentes
1307 851 1563 899 scholastici
1598 851 1644 897 in
1679 868 1782 899 eum

314 925 399 973 hac
431 925 508 972 de
519 942 657 973 causa
689 925 1625 973 insurrexerint*

324 1031 328 1035 -
388 1001 488 1049 Iure
514 1002 666 1067 itaque
695 1002 939 1066 meritoque
967 998 1283 1050 affirmavimus
1316 1002 1435 1049 hunc
1458 1012 1679 1050 auctorem
1701 1018 1784 1049 sua

314 1067 474 1140 agendi
514 1077 679 1126 ratione
717 1094 803 1125 non
841 1077 972 1125 modo
1004 1095 1092 1126 non
1124 1078 1376 1135 infirmare,
1414 1078 1493 1126 sed
1523 1074 1785 1126 confirmare

314 1152 462 1217 potius
493 1146 837 1200 ecclesiasticam
870 1153 956 1200 hac
985 1153 1032 1200 in
1066 1171 1114 1201 re
1143 1153 1437 1202 traditionem.
1467 1153 1707 1202 Confirmat
1738 1154 1783 1200 in

314 1228 514 1276 doctrina
536 1229 728 1292 generali
750 1229 818 1276 de
851 1224 1164 1286 sacramentis,
1197 1230 1242 1276 in
1271 1230 1527 1278 discrimine
1560 1230 1680 1296 quod
1714 1230 1785 1277 vel

315 1303 429 1368 ᾤεθ’
452 1304 711 1380 assignavit
727 1321 780 1352 ex
813 1305 1033 1352 communi
1065 1305 1264 1353 doctrina
1295 1306 1352 1354 de
1376 1306 1554 1354 diversa
1586 1306 1786 1354 efficacia

316 1374 704 1432 sacramentorum
712 1381 872 1429 veteris
902 1398 954 1429 ac
981 1397 1122 1429 novae
1148 1382 1284 1445 legis,
1314 1383 1359 1428 in
1388 1399 1440 1430 eo
1469 1382 1591 1466 quod
1615 1382 1786 1429 nullum

315 1473 395 1521 pro
428 1473 510 1503 sua
544 1456 761 1504 sententia
794 1457 953 1504 afferre
986 1457 1176 1521 potuerit
1209 1456 1484 1521 theologum,
1513 1458 1559 1505 in
1583 1475 1635 1505 eo
1666 1456 1786 1522 quod

315 1524 474 1580 fatetur
498 1533 554 1579 de
581 1527 800 1581 contraria
830 1533 877 1580 in
914 1532 1080 1580 scholis
1111 1533 1287 1596 vigente
1321 1532 1556 1590 doctrina,
1575 1534 1621 1580 in
1645 1533 1787 1597 impu-

315 1609 523 1672 gnatione
545 1609 738 1674 denique
763 1626 896 1674 quam
915 1604 1135 1657 sustinere
1157 1608 1310 1657 debuit
1327 1627 1353 1657 a
1370 1609 1552 1674 reliquis
1570 1608 1786 1671 theologis

316 1684 523 1782 omnibus
541 1686 585 1747 (9
593 1686 656 1747 3).
1122 1700 1123 1703 ’

330 1752 611 1832 Reliquum
624 1770 692 1808 est
702 1771 766 1816 ut,
778 1760 1149 1826 quemadmodum
1160 1761 1491 1845 proposuimus,
1505 1760 1694 1808 examini
1709 1760 1789 1807 cri-

317 1835 404 1882 tico
418 1826 708 1883 subiiciamus
722 1836 897 1883 Petrum
911 1835 1202 1893 Paludanum,
1218 1837 1296 1902 qui
1313 1836 1473 1920 vulgo
1461 1847 1575 1883 mter
1592 1853 1666 1883 eos
1685 1852 1789 1882 con-

317 1910 539 1958 numerari
557 1911 785 1959 consuevit
801 1912 879 1976 qui
898 1911 1080 1960 inficiati
1099 1922 1203 1959 sunt
1218 1929 1298 1976 per
1313 1912 1567 1975 coniugium
1585 1911 1789 1958 christia-

320 1981 425 2033 num
442 1986 629 2049 gratiam
646 1987 834 2034 conferri
853 1987 1230 2035 sacramentalem.
1247 1987 1355 2034 Ast
1344 1987 1563 2034 immerito
1581 1997 1623 2034 et
1638 1997 1790 2034 contra

320 2056 505 2108 omnem
516 2062 743 2109 veritatem
767 2062 851 2110 hac
867 2063 924 2110 de
941 2080 989 2109 re
1004 2073 1259 2111 accusatum
1279 2063 1501 2146 insignem
1526 2062 1645 2109 hunc
1667 2061 1791 2108 theo-

320 2135 468 2199 logum
491 2137 632 2186 fuisse
655 2155 744 2186 non
765 2139 896 2186 modo
918 2139 1202 2187 manifestum
1219 2149 1286 2186 est
1303 2155 1356 2185 ex
1372 2138 1450 2194 iis,
1473 2154 1589 2202 quae
1612 2135 1792 2200 scripsit

358 2320 361 2323 ·
415 2305 482 2346 (92)
497 2305 597 2338 *Tales
619 2307 695 2338 sunt
713 2306 925 2348 Gaust'ridus,
948 2307 1122 2348 Ostiensis,
1141 2308 1174 2339 et
1193 2307 1327 2348 quidam
1348 2303 1576 2338 Bernardusin
1591 2304 1786 2344 Apparatu.

321 2389 326 2398 ,
352 2375 355 2378 -
396 2357 496 2400 (93)
501 2357 660 2402 Quocirca
678 2359 837 2391 Dominio
850 2358 949 2391 soto
940 2367 975 2390 m
988 2367 1043 2400 op.
1053 2361 1099 2391 In
1112 2361 1174 2392 IV.
1188 2358 1319 2391 librum
1329 2357 1531 2390 sententiar.
1539 2355 1789 2387 commentarii

321 2410 534 2459 Metymnaea
548 2409 662 2458 Campi
680 2414 769 2442 1581.
786 2412 867 2442 tom.
885 2412 926 2443 11.
944 2419 1017 2452 pag.
1028 2416 1078 2444 80.
1090 2411 1280 2443 Durandum
1294 2409 1425 2443 vellicat
1439 2408 1595 2441 scribens·
1618 2407 1688 2438 «Et
1705 2406 1790 2439 idem

317 2461 492 2494 Dur-andus
514 2469 633 2503 negans
658 2461 955 2502 (matrimonium)
975 2461 1122 2494 conferre
1139 2462 1296 2503 gratiam,
1323 2461 1419 2493 simul
1445 2460 1480 2492 in
1500 2459 1604 2500 prima
1625 2457 1788 2498 editione,

319 2515 357 2547 ut
378 2514 475 2547 refert
498 2514 691 2556 capreolus,
714 2515 844 2556 negavit
865 2523 935 2547 esse
957 2514 1146 2555 simpliciter
1173 2514 1408 2546 sacramentum
1430 2520 1534 2544 novae
1554 2511 1655 2552 legis·
1678 2510 1735 2543 sed
1756 2510 1790 2542 in

320 2566 488 2607 posteriori
506 2566 664 2607 editione,
679 2567 756 2607 quia
771 2566 811 2598 de
824 2566 886 2598 hae
906 2566 1031 2598 haeresi
1047 2565 1131 2597 male
1145 2564 1312 2605 audiebat,
1328 2565 1364 2596 ut
1378 2563 1557 2605 pericnlum
1571 2562 1633 2595 sibi
1649 2563 1789 2603 caveret,

320 2618 479 2651 'concessit
498 2619 631 2660 quidem
649 2627 736 2660 osse,
753 2618 811 2652 sed
824 2620 931 2652 tamen
950 2617 1096 2659 negando
1115 2618 1259 2650 conferre
1277 2617 1430 2657 gratiam3
1445 2616 1474 2649 si
1487 2615 1521 2648 id
1533 2615 1721 2657 simpliciter
1737 2624 1789 2647 ne-

319 2671 425 2710 gasset
448 2670 684 2712 asserendoque
711 2670 848 2704 subinde
878 2679 943 2703 non
967 2678 1035 2703 esse
1055 2678 1130 2702 cum
1152 2669 1226 2701 aliis
1246 2677 1350 2701 novae
1369 2668 1450 2708 legis
1469 2669 1657 2700 univocum
1677 2675 1791 2707 parum

320 2720 383 2754 sibi
400 2721 547 2754 cavisset.
569 2723 610 2755 Et
634 2722 707 2755 ideo
723 2720 834 2755 'solum
855 2721 939 2755 dixit
959 2730 1027 2755 mm
1048 2729 1118 2754 esse
1139 2720 1363 2753 haereticum.
1383 2719 1481 2752 Fallit
1498 2721 1628 2759 tamen,
1650 2719 1712 2751 boc
1732 2726 1790 2750 ceu

323 2773 490 2815 probabile
515 2774 736 2807 sustinendo.»
