1912 3180
327 250 417 282 cir.
442 251 499 282 iv.
523 247 575 280 nr.
598 249 754 282 Ancon.
778 250 854 282 rao
878 250 981 282 Lacu
1004 250 1057 282 nu
1081 248 1402 281 nnmerum.
1435 248 1496 280 ιιι.
1572 234 1660 279 437

201 344 303 374 nam
343 327 408 374 uti
444 327 698 375 haereticam
741 327 880 374 fuisse
928 327 972 373 in
1019 326 1253 374 Constitut.
1298 326 1518 372 Auctorem
1563 324 1667 389 fidei

200 404 455 451 damnatam
490 421 647 469 propp.
686 403 778 449 LIX
811 413 855 450 et
887 403 971 448 LX.
1012 420 1123 468 quas
1158 401 1292 467 paulo
1332 410 1434 449 ante
1467 400 1667 448 recitavi—

201 497 327 535 mus;
367 480 413 525 in
443 479 607 544 quibus
643 478 895 527 haereticali
927 489 1030 526 nota
1063 479 1298 542 configitur
1331 478 1667 542 pistoriensium

201 554 425 611 doctrina,
464 572 553 619 qua
586 554 795 601 tribuitur
827 554 1106 619 principibus
1144 564 1342 619 potestas
1377 552 1663 608 immutandi,

201 629 407 678 abolendi
428 640 504 678 aut
522 630 819 677 substituendi
855 629 1171 695 impedimenta
1203 628 1531 677 matrimonium
1565 628 1669 676 diri-

201 716 381 753 mentia.

295 782 430 830 Miror
460 798 564 829 vero
594 782 792 847 potuisse
820 793 1035 831 oratorem
1065 781 1349 846 subalpinum
1373 782 1505 830 etiam
1534 792 1669 846 atque

200 859 334 906 etiam
376 858 599 905 affirmare
641 859 920 907 matrimonia
960 858 1238 907 clandestina
1284 868 1385 906 ante
1431 857 1666 905 concilium

201 933 489 981 tridentinum
521 951 605 980 non
637 934 772 998 fuisse
803 943 923 988 rata,
962 951 1062 981 cum
1096 943 1247 998 aperte
1271 933 1356 980 hoc
1387 933 1534 998 ipsum
1571 950 1671 981 con-

201 1008 351 1056 cilium
388 1008 624 1056 anathema
653 1009 700 1056 in
726 1026 803 1057 eos
828 1009 1186 1074 pronunciaverit
1222 1009 1301 1074 qui
1343 1009 1569 1071 negaverit
1608 1008 1672 1055 su-

201 1083 293 1131 isse
315 1101 417 1131 vera
439 1094 480 1131 et
501 1094 620 1139 rata,
650 1101 701 1132 ac
726 1085 894 1132 tamdiu
916 1102 1018 1132 vera
1040 1094 1081 1131 et
1102 1094 1201 1131 rata
1232 1101 1490 1148 permanere
1513 1101 1671 1149 quam—

200 1160 278 1207 diu
309 1177 397 1208 non
427 1160 558 1207 fuerit
582 1178 713 1207 suum
737 1161 962 1208 decretum
986 1161 1311 1225 promulgatum
1329 1198 1340 1216 ,
1368 1170 1497 1225 prout
1521 1161 1670 1224 reipsa

200 1236 307 1284 talia
333 1236 480 1284 adhuc
502 1254 600 1284 eam
622 1236 712 1284 vim
738 1237 903 1284 habent
936 1237 993 1284 iis
1027 1236 1234 1285 omnibus
1268 1236 1313 1283 in
1347 1235 1457 1284 locis
1491 1237 1537 1282 in
1570 1236 1672 1301 qui-

199 1313 285 1361 bus
319 1313 514 1360 nondum
549 1323 616 1360 est
650 1313 937 1378 publicatum.

298 1388 426 1444 Quod
442 1399 588 1436 autem
609 1389 770 1437 asserit
786 1389 842 1436 de
857 1389 1045 1437 concilio
1069 1390 1295 1438 sanciente
1312 1389 1437 1436 illum
1455 1406 1669 1437 canonem

202 1465 471 1527 (decretum)
491 1464 548 1512 ob
566 1465 888 1527 delegationem
908 1466 1161 1530 principum
1180 1504 1189 1522 ,
1218 1465 1387 1530 duplici
1411 1482 1552 1530 eoque
1576 1483 1671 1528 gra-

199 1540 384 1588 vissimo
424 1556 571 1587 errore
616 1539 797 1596 nititur,
841 1540 976 1587 altero
1016 1541 1145 1604 sacci,
1191 1543 1301 1587 iuris
1343 1541 1495 1588 altero.
1535 1541 1670 1588 Error

200 1615 303 1663 sacti
327 1626 421 1671 est,
449 1614 568 1679 quod
600 1615 720 1662 card.
751 1615 1063 1678 Lotharingius
1097 1616 1203 1663 dum
1234 1615 1403 1679 rogavit
1435 1615 1669 1662 concilium

201 1701 250 1738 ut
284 1691 481 1738 irritaret
512 1690 718 1754 coniugia
751 1691 1027 1738 clandestina
1049 1691 1107 1739 ob
1139 1692 1371 1738 innumera
1396 1708 1508 1754 pene
1534 1691 1666 1747 mala,

202 1783 318 1831 quae
351 1765 511 1813 exinde
544 1765 856 1822 dimanabant,
896 1766 1167 1814 transtulerit
1201 1767 1245 1812 in
1280 1766 1516 1814 concilium
1552 1777 1671 1830 pote-

202 1853 388 1898 statem,
426 1858 515 1906 qua
549 1841 756 1906 princeps
803 1851 960 1888 natura
999 1852 1068 1889 est
1107 1842 1364 1890 instructus.
1410 1843 1542 1889 Porro
1582 1852 1673 1888 tan-

202 1930 294 1966 tum
327 1917 453 1965 abest
475 1928 525 1964 ut
548 1917 788 1963 Galliarum
820 1934 895 1964 rex
925 1918 1147 1965 censuerit
1179 1935 1258 1981 per
1289 1928 1504 1965 oratorem
1540 1935 1670 1964 suum

199 1993 472 2041 cardinalem
501 1993 836 2056 Lotharingium
870 1992 1075 2055 delegare
1110 2003 1370 2057 potestatem
1405 2011 1533 2040 suam
1569 2011 1668 2041 con-

200 2069 302 2117 cilio
329 2107 339 2126 ,
385 2079 434 2116 ut
477 2078 689 2116 statueret
723 2067 833 2114 illud
874 2067 1089 2115 dirimens
1126 2068 1517 2133 impedimentum,
1557 2069 1667 2132 quin

200 2145 347 2210 potius
382 2145 525 2191 enixis
553 2144 752 2207 precibus
787 2143 1023 2190 concilium
1060 2144 1299 2206 rogaverit,
1328 2155 1377 2191 ut
1409 2144 1670 2206 dignaretur

201 2221 423 2269 eiusmodi
456 2220 738 2268 matrimonia
773 2220 897 2266 irrita
929 2219 1088 2267 facere.
1118 2220 1256 2284 quue
1284 2238 1371 2267 non
1395 2220 1493 2268 sine
1518 2221 1669 2284 ingen-

200 2297 319 2345 tibus
354 2296 690 2344 difficultatibus
724 2295 914 2342 obtinuit
939 2286 1146 2343 laudatus
1173 2296 1414 2343 cardinalis
1438 2314 1464 2343 a
1488 2296 1669 2344 concilii

201 2373 427 2439 patribus,
456 2389 643 2437 quorum
677 2371 817 2435 aliqui
846 2371 892 2418 in
917 2382 1107 2434 negante
1140 2372 1358 2419 sententia
1382 2372 1671 2436 perstiterunt

201 2467 314 2514 pene
331 2466 476 2514 usque
494 2448 551 2495 ad
569 2447 786 2495 sessionis
814 2447 935 2494 illius
961 2447 1094 2494 finem
1118 2449 1266 2510 (120).
1293 2448 1341 2494 Id
1361 2465 1416 2494 ne
1438 2459 1506 2495 est
1532 2459 1671 2496 trans-

201 2526 373 2574 mittere
397 2534 658 2589 potestatem
686 2523 732 2569 in
755 2523 940 2571 alterum
958 2561 968 2580 ‚
991 2540 1047 2571 an
1065 2523 1211 2571 verius
1230 2540 1470 2586 agnoscere
1495 2541 1547 2571 ac
1571 2542 1673 2589 pro-

203 2602 314 2648 fiteri
361 2618 411 2649 se
444 2601 529 2648 hac
562 2609 777 2664 potestate
812 2599 942 2665 plane
985 2617 1085 2647 esse
1124 2599 1379 2647 destitutum
1398 2600 1422 2645 ?
1458 2600 1636 2649 Accedit
1658 2639 1668 2657 .

201 2675 322 2740 quod
356 2676 477 2724 card.
518 2675 827 2738 Lotharingius
861 2675 949 2722 duo
985 2675 1102 2738 regis
1138 2675 1207 2722 sui
1242 2674 1421 2722 nomine
1458 2693 1486 2722 a
1525 2676 1674 2723 conci-

203 2751 264 2799 lio
306 2751 626 2815 postulaverit,
674 2762 766 2798 tum
811 2750 1103 2799 irritationem
1150 2750 1453 2814 coniugiorum
1493 2750 1674 2799 clandev

298 2862 385 2902 (120)
406 2863 456 2895 Cf.
476 2863 628 2896 pallavic.
648 2872 699 2904 op.
718 2864 749 2896 et
775 2862 837 2895 loc.
850 2863 904 2895 cit.
