1918 3186
294 179 351 224 22
558 192 637 223 Lm.
666 191 696 221 1.
725 188 836 219 secr.
866 187 895 216 1.
926 185 975 216 ns
1002 185 1174 217 mrum.
1205 185 1486 217 SACRAMENTO.

292 271 474 318 clesiam
496 267 757 315 catholicam
783 274 1078 328 protestantes
1104 263 1359 328 perducere,
1382 264 1460 327 qui
1477 263 1566 310 duo
1590 272 1758 312 tantum

291 355 563 394 sacramenta
586 360 612 389 a
631 342 807 388 Christo
831 340 1031 387 instituta
1055 357 1155 387 esse
1177 340 1461 387 contendunt.
1479 340 1534 387 At
1550 339 1657 387 dum
1674 340 1759 388 hac

291 421 572 469 distinctione
596 418 709 464 inter
726 416 1022 464 immediatam
1038 416 1365 480 mediatamque
1388 427 1760 464 sacramentorum

291 497 609 544 institutionem
634 493 717 540 rati
741 502 845 540 sunt
867 502 1158 556 protestantes
1175 492 1231 538 ad
1250 492 1462 539 unitatem
1486 492 1757 556 pertrahere,

292 587 379 619 non
399 572 679 618 adverterunt
696 586 746 616 se
765 569 914 633 potius
931 567 988 615 ad
1006 578 1297 632 protestantes
1321 568 1545 626 accedere.
1562 568 1630 615 Ad
1648 569 1766 616 hanc

293 658 438 695 autem
481 646 743 694 sententiam
776 645 832 692 de
864 644 1165 692 ecclesiastica
1199 645 1461 692 sacramenti
1495 645 1762 693 matrimonii

293 724 569 771 institutione
602 723 893 778 devenerunt,
922 722 1027 785 quia
1060 731 1269 784 putarunt
1302 738 1390 769 non
1424 721 1568 769 solum
1591 739 1672 786 pro
1695 721 1764 768 di-

292 801 395 848 vina
429 799 564 847 huius
599 799 861 846 sacramenti
896 797 1170 844 institutione
1202 797 1372 844 nullum
1405 797 1617 845 biblicum
1641 798 1765 846 testi—

293 875 490 923 monium
524 874 670 922 afferri
705 891 857 938 posse,
887 872 965 920 sed
990 890 1134 937 neque
1167 873 1398 937 quidpiam
1422 874 1528 921 certi
1553 892 1605 921 ex
1627 873 1765 921 tradi-

294 952 411 1000 tione
436 968 570 1015 posse
593 951 753 998 adduci
781 952 897 1012 (67),
921 960 1051 1014 atque
1068 949 1362 1013 Augustinum
1385 950 1578 1014 primum
1599 950 1761 1006 fuisse,

295 1029 373 1093 qui
396 1029 453 1075 de
478 1027 756 1074 matrimonio
782 1026 1008 1073 disserens
1031 1027 1289 1073 sacramenti
1308 1043 1460 1073 vocem
1484 1025 1738 1073 adhibuerit
1752 1060 1763 1082 ,

295 1120 481 1169 eamque
523 1102 798 1167 probabilius
816 1141 826 1158 ,
866 1120 952 1150 non
997 1120 1131 1150 sensu
1174 1103 1378 1167 proprio,
1419 1114 1464 1150 at
1502 1102 1690 1167 mystico
1723 1113 1767 1150 et

297 1180 445 1245 typico
479 1197 566 1244 quo
599 1179 674 1226 ille
706 1179 896 1226 maxime
931 1179 1230 1227 delectabatur
1263 1181 1379 1241 (68).
1408 1179 1465 1227 At
1494 1195 1598 1227 vero
1630 1196 1766 1243 quam

297 1255 498 1320 imperite
522 1255 632 1302 haec
655 1255 772 1301 dicta
796 1255 886 1301 sint
908 1266 1058 1319 aperte
1080 1255 1219 1319 liquet
1241 1272 1294 1302 ex
1319 1255 1595 1302 documentis
1619 1255 1766 1302 hacte-

296 1349 380 1378 nus
414 1330 587 1387 allatis,
616 1331 779 1395 quibus
812 1331 1038 1378 veritatem
1073 1331 1335 1378 sacramenti
1369 1331 1639 1379 matrimonii
1674 1342 1766 1378 tum

299 1406 488 1470 publicis
522 1423 573 1454 ac
606 1406 877 1454 solemnibus
902 1407 1215 1463 ecclesiarum,
1244 1418 1336 1454 tum
1361 1407 1663 1470 singularibus
1686 1423 1766 1472 pa—

299 1493 411 1528 trum
446 1482 710 1530 testimoniis
743 1483 1140 1547 comprobavimus.

854 1613 1128 1649 ARTICULUS
1155 1612 1202 1647 ΙΙ.

580 1707 729 1746 Veritas
754 1706 990 1746 Sacramenti
1009 1707 1245 1746 Matrimonii
1270 1707 1484 1746 ostenditur

631 1770 677 1799 ex
698 1761 891 1799 communi
905 1759 1225 1799 Scholasticorum
1244 1759 1434 1798 doctrina.

396 1858 568 1922 Operae
602 1859 790 1922 pretium
814 1869 882 1905 est
910 1859 1179 1923 expendere,
1208 1877 1314 1905 num
1337 1859 1609 1923 antiquiores
1639 1859 1769 1907 scho-

299 1934 442 1981 lastici
477 1952 503 1981 a
536 1943 708 1998 patrum
742 1934 939 1982 doctrina
972 1934 1266 1991 desciverint,
1304 1952 1360 1981 an
1393 1952 1496 1983 vero
1520 1934 1769 1983 traditionis

304 2009 424 2056 iilum
450 2009 638 2056 insecuti
663 2010 934 2073 perrexerint
957 2027 1208 2074 germanam
1228 2010 1283 2057 de
1300 2011 1482 2058 veritate
1507 2011 1769 2066 sacramenti

305 2085 568 2132 matrimonii
593 2085 838 2133 doctrinam
857 2104 883 2133 a
903 2085 1105 2150 patribus
1130 2096 1354 2150 acceptam
1378 2103 1653 2134 conservare.
1675 2087 1769 2134 Non

304 2161 421 2207 enim
446 2161 627 2217 desunt,
657 2162 733 2226 qui
769 2179 844 2209 eos
879 2162 1083 2210 incusent
1110 2163 1230 2227 quod
1254 2162 1309 2209 ab
1334 2180 1385 2210 ea
1408 2162 1646 2211 defecerint
1678 2163 1770 2211 sive

303 2237 359 2283 ob
397 2237 676 2301 antiquorum
714 2237 1074 2286 documentorum
1109 2238 1305 2303 inopiam
1340 2250 1383 2287 et
1419 2239 1734 2302 ignorationem
1753 2278 1763 2296 ‚

304 2314 397 2362 sive
429 2313 486 2361 ob
520 2313 762 2377 neglectam
797 2316 1101 2380 antiquitatem
1134 2333 1382 2380 novamque
1405 2314 1451 2362 in
1473 2314 1673 2363 doctrina
1697 2332 1770 2362 sa-

399 2424 464 2466 (67)
487 2426 535 2457 lta
547 2425 602 2457 cit.
617 2425 777 2458 Oberthur
791 2435 844 2467 op.
862 2427 894 2459 et
909 2427 970 2460 loc.
982 2427 1038 2459 cit.
1049 2435 1173 2460 necnon
1186 2427 1367 2468 Holdener,
1384 2427 1571 2469 praesertim
1586 2435 1665 2460 vero
1683 2427 1769 2460 Beda

305 2479 422 2517 Meyer.

399 2530 463 2570 (68)
483 2530 533 2563 Ita
552 2531 706 2564 Lassaulx
719 2555 729 2572 ‚
751 2531 895 2572 Wiesse,
918 2532 951 2564 ct
969 2532 1129 2572 Kiistner,
1158 2541 1298 2573 quorum
1328 2534 1509 2574 postremus
1537 2532 1677 2565 scrihere
1705 2542 1771 2566 non

306 2582 482 2614 dubitavit:
507 2596 523 2611 «
535 2584 699 2625 Dogmatis
718 2584 760 2617 de
780 2585 980 2617 sacramento
1000 2585 1197 2617 matrimonii
1219 2585 1332 2618 auctor
1353 2585 1460 2618 extitit
1479 2585 1693 2628 Augustinus,
1713 2587 1769 2628 qui

305 2634 414 2667 locum
435 2635 526 2667 Pauli
541 2637 649 2677 ephes.
665 2639 706 2669 V.
716 2635 815 2677 falso
829 2637 1081 2678 interpretando,
1098 2638 1132 2669 in
1149 2647 1187 2670 eo
1205 2638 1318 2679 typum
1335 2637 1533 2671 matrimonii
1554 2639 1676 2671 Christi
1696 2647 1772 2672 cum

306 2687 440 2719 ecclesia
467 2688 724 2722 coniunctionem
748 2689 973 2731 significantis,
997 2690 1203 2731 quaerebat.»
1218 2691 1268 2723 De
1287 2691 1442 2723 matrim.
1457 2691 1587 2733 Lipsiae
1609 2696 1698 2726 18¹0.
1723 2693 1771 2725 Ita

308 2739 403 2771 etiam
422 2740 477 2772 alii
499 2740 583 2781 apud
599 2742 800 2783 Roskowany
822 2743 856 2775 in
876 2751 931 2784 op.
947 2744 998 2775 De
1017 2744 1171 2776 matrim.
1187 2745 1223 2776 tn
1242 2743 1359 2776 eccles.
1371 2743 1498 2776 cathol.
1516 2746 1678 2785 Augustae
1692 2746 1767 2778 Vin·

307 2792 401 2824 delic.
422 2794 499 2824 tom.
523 2795 546 2824 1.
565 2802 636 2833 pag.
653 2800 701 2827 29.
719 2796 793 2827 nota
807 2795 883 2835 (87).
