1912 3180
375 151 474 202 bn.
498 170 562 203 111.
592 170 643 202 nr:
679 169 853 203 mmm.
884 170 1035 204 ulvius
1070 172 1190 205 tzor.
1221 171 1314 205 aar.
1337 172 1367 205 1.
1513 157 1603 206 289

123 246 432 311 distinguunt,
468 249 575 295 civis
610 266 770 313 nempe
804 258 939 313 atque
973 251 1224 305 christiani,
1263 249 1534 314 perinde'ac
1567 252 1605 298 si

125 323 264 371 altera
297 323 355 370 ab
388 322 527 370 altera
561 322 735 385 seiungi
761 340 813 370 ac
841 323 991 370 divelli
1027 334 1194 390 posset.
1223 326 1317 390 Ipsi
1340 325 1607 391 profitentur

124 417 175 446 se
214 399 260 445 in
300 397 494 446 subditis
542 396 719 444 unicam
771 408 973 462 spectare
1013 401 1123 448 civis
1162 401 1461 449 conditionem
1491 439 1501 456 ,
1553 419 1607 448 ac

123 474 305 522 omnino
323 492 350 520 a
369 473 599 536 religione,
624 491 759 538 quam
779 474 1058 538 profitentur,
1082 477 1412 541 praescindere.
1430 476 1485 524 At
1503 477 1606 542 quis

125 567 213 598 non
248 549 371 597 videt
402 550 625 598 eiusmodi
654 550 814 597 mentis
849 550 1194 599 abstractionem
1218 553 1274 600 ad
1301 552 1415 599 nihil
1438 553 1603 609 valere,

122 644 225 674 cum
256 626 302 673 in
337 627 493 674 ordine
529 627 635 674 reali
672 644 752 674 seu
786 637 990 675 concreto
1023 627 1181 675 ambae
1211 628 1298 675 hae
1327 629 1607 677 conditiones

124 704 169 750 in
215 721 306 751 uno
347 703 594 768 eodemque
640 704 842 752 subiecto
883 703 1145 752 coniunctae
1191 717 1518 768 permaneant,
1566 716 1610 753 et

123 779 454 844 quodammodo
483 779 850 827 identificentur?
868 779 990 827 Idem
1013 779 1131 827 enim
1151 790 1220 827 est
1235 779 1365 837 civis,
1388 782 1465 846 qui
1490 782 1609 829 chri-

124 855 322 911 stianus,
359 866 404 903 et
438 855 556 903 idem
591 855 883 914 christianus,
911 855 989 921 qui
1011 855 1141 903 civis.
1185 855 1467 921 Quapropter
1501 857 1608 904 dum

125 932 248 996 leges
294 932 660 997 praescribuntur
702 932 875 980 civibus
904 970 915 989 ,
965 931 1141 981 civibus
1182 932 1445 980 christianis
1480 950 1609 997 prae-

123 1008 396 1056 scribuntur.
425 1009 678 1056 Absurdum
707 1009 894 1073 proinde
916 1020 1144 1056 estunam
1176 1009 1473 1075 eamdemque
1507 1028 1609 1074 per-

123 1103 282 1134 sonam
317 1085 364 1132 in
399 1086 514 1134 duas
548 1086 683 1134 veluti
719 1086 950 1141 scindere,
989 1086 1102 1134 adeo
1131 1095 1180 1133 ut
1208 1085 1341 1134 liceat
1363 1087 1442 1134 uni
1467 1087 1609 1153 impe-

124 1180 222 1211 rare
244 1201 255 1220 ,
294 1163 415 1228 quod
450 1163 576 1211 alteri
613 1174 847 1228 repugnat.

223 1240 356 1287 Porro
391 1239 477 1287 hoc
508 1257 611 1287 vere
645 1239 756 1286 illud
789 1249 881 1295 est,
908 1239 1030 1304 quod
1055 1239 1180 1287 fieret
1202 1257 1255 1287 ac
1278 1240 1429 1305 reipsa
1452 1239 1502 1286 fit
1526 1257 1606 1305 per

125 1317 267 1380 legem
285 1316 594 1380 coniugiorum
613 1334 733 1364 mere
747 1316 962 1364 civilium.
985 1317 1162 1364 Etenim
1187 1335 1265 1382 per
1288 1334 1387 1365 eam
1414 1316 1606 1364 facultas

124 1392 393 1440 tribueretur
408 1392 493 1440 civi
511 1393 759 1441 christiano
771 1410 852 1440 seu
865 1392 1085 1441 catholico
1101 1393 1392 1441 contrahendi
1411 1393 1608 1456 legitime

122 1485 271 1516 coram
307 1468 404 1516 solo
437 1469 700 1531 magistratu
743 1469 924 1532 nuptias
947 1507 957 1525 ,
1005 1469 1182 1517 etiamsi
1216 1470 1316 1534 ipse
1350 1479 1526 1517 recuset
1559 1486 1608 1516 se

121 1544 283 1592 sistere
324 1561 472 1592 coram
507 1544 728 1610 parocho,
769 1563 850 1593 seu
882 1562 1031 1593 coram
1066 1546 1256 1594 ecclesia
1286 1556 1338 1594 ut
1370 1564 1502 1594 suum
1539 1564 1607 1605 re-

123 1631 254 1669 novet
297 1638 582 1669 consensum.
622 1622 671 1668 vi
708 1621 963 1670 istiusmodi
1007 1622 1121 1686 legis
1163 1623 1310 1671 civilis
1353 1632 1606 1671 contractus

120 1698 373 1761 coniugalis
408 1698 557 1746 licitus
581 1716 634 1746 ac
658 1699 715 1746 ad
747 1699 862 1762 legis
898 1716 1098 1747 normam
1131 1699 1310 1748 validus
1345 1699 1599 1748 haberetur.

124 1775 221 1822 Non
255 1774 429 1837 ignorat
462 1785 609 1821 tamen
644 1774 828 1838 legifera
862 1785 1058 1839 potestas
1082 1775 1129 1822 id
1155 1793 1236 1823 nec
1258 1774 1379 1822 licite
1411 1792 1494 1822 nec
1526 1792 1605 1822 va-

124 1849 214 1897 lide
232 1867 258 1897 a
276 1850 448 1898 civibus
473 1850 731 1898 christianis
756 1850 973 1915 praestari
999 1868 1149 1915 posse,
1179 1851 1382 1916 adeoque
1401 1850 1486 1898 hac
1510 1850 1607 1914 lege

126 1926 212 1974 suh
251 1926 432 1975 obtentu
467 1926 767 1975 distinctionis
801 1927 1037 1975 cuiusdam
1072 1928 1277 1984 fictitiae,
1329 1945 1410 1975 seu
1455 1928 1605 1993 potius

124 2021 267 2052 vanae
290 2004 450 2052 mentis
474 2003 809 2061 abstractionis,
849 2005 905 2052 ad
941 2004 1197 2069 ponendum
1231 2014 1381 2052 actum
1414 2021 1518 2052 vere
1553 2003 1606 2049 il-

125 2081 307 2130 licitum'
329 2099 382 2130 ac
416 2081 661 2129 invalidum
696 2081 884 2130 facultas
919 2081 1223 2146 praeberetur.

223 2158 341 2215 Quid
376 2158 415 2206 si
450 2157 640 2206 ecclesia
674 2159 829 2205 eadem
865 2158 1150 2206 distinctione
1179 2167 1332 2214 utens,
1362 2157 1604 2222 spectando

124 2235 242 2283 filios
277 2252 384 2284 suos
419 2234 504 2282 sub
539 2246 744 2300 respectu
778 2245 950 2282 tantum
986 2234 1223 2298 religioso,
1260 2244 1305 2282 et
1338 2233 1603 2282 abstrahens

121 2330 150 2360 a
194 2312 447 2360 conditione
486 2312 679 2368 civium,
730 2311 901 2377 aliquid
936 2312 1002 2360 eis
1036 2311 1126 2359 lata
1157 2310 1256 2374 lege
1290 2310 1597 2375 praeciperet,

122 2399 202 2436 aut
235 2388 393 2436 saltem
428 2387 703 2451 indulgeret,
741 2387 864 2453 quod
898 2406 926 2435 a
960 2387 1140 2453 politica
1174 2397 1392 2452 potestate
1415 2386 1511 2434 iure
1536 2405 1605 2434 re—

125 2465 410 2529 probaretur,
449 2482 503 2512 ac
534 2475 756 2512 vetaretur
790 2475 1018 2529 tamquam
1054 2463 1356 2526 illegitimum,
1396 2462 1598 2520 noxium,

123 2541 383 2607 nulliusque
414 2541 622 2590 valoris?
657 2541 812 2590 Procul
848 2540 985 2588 dubio
1020 2540 1201 2604 politica
1235 2539 1475 2587 auctoritas
1509 2557 1604 2604 pro·

126 2627 359 2665 testaretur
382 2628 472 2665 tum
497 2618 714 2666 adversus
739 2629 886 2665 actum
911 2616 1035 2662 illum
1054 2654 1063 2672 ‚
1093 2627 1185 2663 tum
1210 2615 1427 2663 adversus
1461 2615 1602 2679 legem

124 2709 247 2739 mera
280 2693 457 2742 fictione
492 2695 689 2742 innixam
709 2732 718 2750 ‚
757 2711 900 2758 eaque
924 2692 1144 2748 absurda,
1172 2709 1274 2739 cum
1298 2709 1326 2739 a
1348 2691 1606 2740 conditione

122 2769 356 2818 christiani
400 2771 594 2836 dispesci
643 2780 834 2835 nequeat
878 2769 1073 2818 conditio
1108 2787 1189 2818 seu
1223 2769 1418 2835 qualitas
1453 2769 1601 2824 civis,

1500 2868 1544 2899 ¹9
