1912 3180
326 193 415 224 cn.
445 192 506 225 111.
537 193 588 240 ng:
618 192 790 225 unam.
820 192 966 224 civius
1001 192 1119 225 rnen.
1148 192 1240 225 mr.
1271 192 1333 225 111.
1473 177 1563 223 313

196 271 242 317 Si
277 281 509 335 propterea
544 269 721 335 publica
760 286 812 316 ac
845 269 1112 318 universalis
1152 270 1304 335 opinio
1335 268 1447 317 adeo
1479 287 1572 318 ma—

102 347 260 395 nifeste
293 365 342 395 se
376 346 595 411 proditae
618 345 771 409 patefit
803 355 956 392 contra
990 346 1208 394 eiusmodi
1242 345 1393 394 civilia
1420 346 1573 394 coniu-

98 423 172 487 gia
186 461 196 478 ,
224 440 372 470 nonne
396 439 596 469 summae
619 431 687 468 est
710 420 1036 484 imprudentiae
1051 460 1061 478 ,
1088 423 1250 470 addam
1273 434 1317 471 et
1338 422 1572 488 impuden-

102 499 189 546 tiae
211 499 536 563 perfrictaeque
560 497 716 545 frontis
745 496 859 544 velle
883 496 1027 561 ipsam
1052 499 1215 546 adoriri
1233 517 1284 548 ac
1301 498 1573 565 provocare?

99 575 253 622 Nonne
272 574 383 622 haec
408 573 570 637 agendi
596 573 707 620 ratio
730 572 1040 637 quadantenus
1070 573 1290 622 insaniam
1309 592 1362 623 ac
1379 574 1571 623 furorem

100 650 289 715 sapit,et
307 667 492 714 prorsus
511 649 787 715 antipolitica
804 647 900 696 est?
915 648 1006 697 Nec
1018 651 1196 705 coneris,
1220 650 1365 715 inquit
1376 651 1574 716 Scriptu-

99 743 171 783 ra,
199 737 347 774 contra
369 728 502 773 ictum
523 727 654 791 fluvii
682 726 798 788 (14).
820 723 1050 790 Siquidem
1075 725 1171 772 fieri
1195 727 1375 775 omnino
1398 727 1569 792 nequit,

99 814 148 851 ut
180 820 234 851 ea
266 802 538 868 praevaleat,
577 820 630 850 ac
663 801 750 850 sibi
784 819 873 850 non
907 811 1104 850 accersat
1136 802 1328 849 ruinam.

195 878 431 927 Moliantur
466 878 659 926 tamdem
693 895 745 926 ac
779 878 943 926 faciant
976 877 1197 943 quidquid
1230 878 1352 927 lubet
1377 879 1571 944 pseudo-

101 954 298 1019 politici,
347 971 591 1019 numquam
625 970 677 1002 eo
712 954 989 1018 pervenient,
1027 964 1077 1002 ut
1109 954 1227 1002 hanc
1259 965 1533 1003 constantem
1557 992 1567 1011 ,

100 1042 297 1079 tenacem
322 1031 588 1095 firmamque
610 1031 864 1095 opinionem
881 1029 1153 1087 convellant,
1174 1031 1369 1088 vincant,
1397 1041 1476 1079 aut
1497 1048 1576 1080 su-

102 1117 272 1173 perent.
306 1106 428 1155 Haec
452 1107 596 1154 inuret
619 1124 795 1172 semper
818 1123 870 1154 ac
893 1106 1053 1170 iugiter
1075 1106 1397 1172 reprobationis
1421 1118 1572 1156 notam

64 1227 68 1231 ,
101 1183 356 1232 istiusmodi
379 1183 492 1248 legi,
521 1195 654 1249 atque
678 1183 844 1231 idcirco
867 1183 1224 1248 imprudentibus
1253 1183 1453 1232 eiusdem
1477 1183 1575 1231 fau-

101 1260 273 1308 toribus
291 1277 344 1308 ac
361 1260 688 1324 promotoribus
706 1260 751 1306 in
770 1277 915 1308 seram
938 1277 1084 1325 usque
1107 1260 1426 1325 posteritatem.
1456 1259 1572 1308 Certi

99 1336 147 1383 hi
180 1354 282 1384 esse
311 1347 502 1401 possunt
534 1336 590 1384 de
624 1336 804 1401 proprio
838 1336 1016 1384 nomine
1050 1336 1095 1383 in
1129 1335 1339 1384 infamiae
1371 1335 1473 1384 albo
1506 1336 1575 1383 in-

101 1412 283 1477 scripto.

200 1488 379 1544 Quarto.
415 1489 646 1536 Praeterea
679 1487 898 1535 eiusmodi
923 1487 993 1535 lex
1017 1505 1069 1535 ex
1093 1505 1146 1536 eo
1170 1489 1302 1536 etiam
1326 1488 1471 1553 capite
1494 1505 1574 1535 an-

100 1564 313 1630 tipolitica
343 1564 589 1628 detegitur,
618 1564 737 1629 quod
762 1564 835 1611 via
858 1565 917 1611 sit
940 1564 997 1611 ad
1021 1563 1250 1612 infandam
1286 1581 1459 1612 morum
1477 1581 1575 1612 cor-

101 1641 371 1706 ruptionem,
410 1658 497 1688 non
534 1640 814 1705 personalem
849 1640 1002 1697 modo,
1040 1657 1193 1688 verum
1227 1641 1359 1689 etiam
1398 1641 1575 1689 univer-

98 1717 256 1765 salem.
279 1717 329 1764 Id
358 1717 479 1765 enim
514 1717 766 1765 necessario
799 1717 1022 1781 continget
1047 1717 1131 1765 sub
1159 1717 1337 1766 diverso
1367 1728 1572 1782 respectu

103 1803 194 1840 tum
228 1793 442 1840 indirecte
465 1830 475 1849 ,
514 1803 608 1839 tum
641 1792 821 1840 directe.

199 1868 415 1917 Indirecte
438 1868 508 1916 lex
532 1868 617 1916 ista
635 1868 832 1916 moribus
861 1868 1052 1933 publicis
1077 1880 1342 1917 nocumento
1365 1881 1454 1925 est,
1482 1886 1575 1917 eos-

103 1962 190 2011 que
228 1944 396 1992 emollit
423 1957 467 1993 et
495 1955 701 2001 enervat,
746 1956 967 2009 quatenus
1013 1945 1208 2009 seiungit
1251 1946 1505 2009 coniugium
1547 1963 1574 1992 a

105 2022 340 2085 religione,
362 2039 478 2087 quae
495 2022 590 2070 sola
617 2039 720 2070 vera
751 2021 882 2069 tutrix
900 2032 984 2078 est,
1006 2022 1253 2087 efficaxque
1281 2034 1431 2071 custos
1468 2023 1573 2070 fide-

104 2098 240 2146 litatis
265 2097 512 2161 coniugalis
536 2115 588 2145 ac
613 2097 875 2146 honestatis.
899 2097 944 2143 Si
963 2098 1082 2145 Deus
1107 2099 1312 2162 coniugio
1336 2115 1423 2146 non
1448 2115 1575 2163 prae-

103 2173 242 2230 sidet,
281 2174 319 2221 si
356 2174 489 2221 immo
523 2173 579 2221 ab
613 2173 697 2220 hac
732 2173 1042 2221 coniunctione
1074 2173 1341 2231 excluditur,
1372 2184 1503 2238 prout
1527 2174 1577 2221 fit

103 2251 148 2296 in
182 2250 462 2298 matrimonio
495 2267 614 2297 mere
648 2249 792 2306 civili,
832 2250 1026 2314 profecto
1055 2251 1329 2315 praesumpti
1363 2251 1574 2314 coniuges

104 2327 149 2372 in
178 2325 389 2390 periculis
415 2343 466 2373 ac
496 2324 813 2373 tentationibus
849 2325 1076 2373 constituti
1110 2344 1197 2374 non
1231 2343 1280 2374 se
1313 2325 1576 2374 coercebunt

103 2420 129 2449 a
159 2401 618 2466 transgressionibus,
646 2418 763 2466 quae
787 2400 896 2448 illud
921 2401 1115 2449 foedant.
1145 2402 1285 2467 quue
1318 2414 1575 2466 argumento

102 2479 221 2543 quod
254 2479 415 2527 dicitur
449 2496 475 2525 a
512 2478 672 2525 minori
707 2477 764 2524 ad
798 2477 943 2524 maius
978 2477 1289 2534 confirmatur;
1329 2496 1431 2526 nam
1468 2479 1506 2526 si
1543 2480 1572 2526 ii

105 2554 217 2617 ipsi,
257 2554 334 2619 qui
369 2565 521 2602 mutuo
556 2553 676 2618 apud
712 2552 850 2600 altare
874 2553 1172 2618 promiserunt
1204 2570 1256 2601 ac
1291 2554 1491 2602 iurarunt
1512 2555 1575 2601 in-

102 2628 352 2687 violabilem
384 2629 665 2685 fidelitatem,
694 2640 839 2676 tamen
864 2628 952 2675 heu
971 2645 1106 2693 saepe
1124 2629 1257 2677 nimis
1276 2629 1398 2678 illam
1416 2631 1573 2678 infrin-

104 2715 233 2766 gunt,
261 2706 608 2772 turpissimeque
631 2723 728 2753 eam
753 2706 954 2761 foedant,
983 2705 1196 2770 quidnam
1216 2707 1300 2755 erit
1322 2707 1378 2756 de
1395 2707 1468 2765 iis,
1496 2708 1573 2773 qui

201 2815 268 2856 (14)
290 2816 378 2851 Eccl.
396 2818 453 2856 ιν,
471 2822 522 2850 32.
