1912 3180
274 214 363 246 CAP.
385 214 441 245 1v.
459 214 511 246 ΒΕ
530 213 685 246 moun.
710 213 787 244 PRO
806 212 911 245 LEGE
930 213 981 244 M:
1000 213 1125 245 uun.
1139 213 1222 246 CIV.
1240 212 1332 246 ΛΒΤ.
1349 214 1411 246 111.
1521 199 1609 245 393

143 291 310 340 licitum
347 302 414 339 est
447 302 490 338 ct
522 291 789 339 catholicum
822 290 955 353 (72st
978 292 1024 338 Si
1056 308 1210 339 verum
1242 302 1363 339 esset
1397 294 1615 356 (urgetur

142 369 326 431 adhuc)
364 367 633 416 catholicum
666 369 809 415 virum
844 369 1106 416 contrahere
1150 368 1479 416 matrimonium
1525 386 1616 417 non

145 462 295 509 posse,
323 444 433 509 quin
468 444 542 492 ille
576 455 701 492 actus
726 462 806 508 per
833 445 1152 492 sacerdotalem
1181 444 1534 492 benedictionem
1557 445 1615 492 ad

143 520 409 568 sacramenti
444 521 629 583 gradum
658 519 897 576 evehatur3
925 520 1037 568 haec
1058 533 1177 569 esset
1197 521 1360 570 veritas
1394 521 1441 568 in
1474 521 1618 570 omni-

144 596 230 643 bus
272 595 382 643 locis
428 596 626 644 admissa
654 634 664 653 ,
710 613 849 661 quum
890 596 1079 644 ecclesia
1121 598 1167 644 in
1209 597 1493 662 dogmatibus
1525 614 1615 646 una

145 672 205 720 sit
236 682 280 720 et
311 672 579 720 universalis
602 675 718 735 (73).

240 749 365 796 Alius
400 761 548 797 orator
581 749 829 813 theologica
861 760 1119 813 argumenta
1143 749 1188 796 in
1211 750 1524 814 compendium
1547 753 1617 798 re-

145 825 295 889 degit,
332 837 382 873 ut
413 827 610 873 animum
645 826 829 874 adderet
861 826 917 874 iis
951 825 1064 890 legis
1096 825 1346 874 fautoribus
1364 864 1374 883 ,
1402 826 1480 891 qui
1506 826 1616 874 forte

146 918 200 948 ex
233 900 444 964 religiosa
477 918 615 949 causa
648 902 894 967 quidquam
939 904 1158 950 timerent.
1190 921 1213 947 «
1243 902 1336 948 lam
1378 919 1460 965 ego
1504 901 1617 965 legis

146 976 283 1024 huius
315 976 562 1024 fautoribus
595 977 769 1025 dicam:
808 978 936 1042 Agite
969 978 1084 1035 iam,
1123 995 1179 1026 ne
1210 977 1320 1043 quid
1354 976 1611 1042 trepidetis,

148 1069 297 1117 neque
329 1053 633 1118 episcopatum
669 1071 814 1119 neque
844 1071 1069 1101 summum
1104 1053 1358 1117 pontificem
1392 1053 1615 1101 timeatis:

149 1128 182 1175 ii
217 1145 348 1193 porro
382 1139 536 1176 contra
567 1129 709 1176 Deum
744 1129 910 1178 bellum
940 1147 1029 1177 non
1054 1141 1199 1193 agent.
1228 1130 1329 1193 Legi
1360 1129 1510 1177 favent
1537 1129 1618 1177 do-

146 1215 352 1252 cumenta
391 1204 492 1252 lesu
527 1204 719 1261 Christi,
758 1205 1015 1253 traditiones
1055 1205 1382 1270 apostolorum,
1419 1204 1620 1253 doctrina

148 1299 212 1329 ss.
242 1292 415 1346 patrum
435 1319 445 1338 ,
473 1292 573 1329 acta
606 1281 891 1329 conciliorum
908 1319 918 1337 ‚
946 1281 1067 1345 leges
1092 1281 1528 1346 consuetudinesque
1556 1282 1621 1331 ci·

150 1357 307 1404 vilium
347 1358 603 1414 nationum,
653 1358 805 1422 praxis
839 1369 972 1422 atque
1005 1358 1204 1406 doctrina
1245 1357 1486 1405 ecclesiae:
1529 1374 1620 1406 uno

148 1433 284 1482 verbo
317 1434 437 1482 Deus
470 1435 570 1498 ipse
603 1434 720 1481 favet
753 1435 855 1498 legi.
888 1435 977 1482 lam
998 1452 1103 1482 vero
1125 1435 1411 1500 episcopatus
1445 1444 1613 1491 noster,

150 1527 203 1557 ac
229 1527 433 1557 summus
458 1510 653 1574 pontifex
675 1527 778 1558 cum
801 1511 893 1559 Deo
917 1522 1071 1558 erunt:
1098 1512 1245 1559 dicam
1270 1511 1405 1575 igitur
1427 1512 1613 1559 iterum:

152 1586 215 1633 Ne
249 1585 442 1633 timeatis
461 1623 471 1642 ,
508 1586 629 1634 Deus
663 1598 731 1634 est
764 1587 998 1635 nobiscum
1026 1589 1179 1649 (74).»

755 1710 986 1776 Responsio
995 1750 1002 1757 .

246 1816 473 1863 Hactenus
508 1815 688 1880 quidem
724 1832 811 1862 non
845 1816 956 1862 satis
991 1815 1252 1879 theologicis
1287 1817 1500 1863 doctrinis
1537 1817 1619 1862 im·-

151 1892 247 1938 buti
276 1902 501 1947 oratores,
534 1891 610 1956 qui
643 1891 737 1938 suis
764 1890 808 1936 in
832 1890 1094 1954 theologicis
1119 1891 1507 1939 dissertationibus
1530 1892 1617 1938 mi-

150 1978 360 2014 scuerunt
393 1966 610 2031 quadrata
644 1965 845 2014 rotundis
859 2003 869 2022 ,
896 1977 947 2013 ut
968 1966 1266 2031 patefacerent
1287 1983 1337 2013 se
1361 1983 1451 2014 non
1473 1967 1617 2031 magis

152 2043 196 2089 in
232 2043 494 2106 theologicis
529 2042 689 2090 studiis
723 2059 824 2090 esse
856 2053 1084 2099 versatos,
1127 2060 1261 2108 quam
1298 2042 1344 2089 in
1380 2055 1473 2091 arte
1507 2043 1619 2107 legis

151 2119 429 2166 condendae.
465 2119 593 2175 Quod
627 2131 677 2167 ut
709 2119 900 2176 eluceat,
929 2119 1086 2167 iuverit
1107 2119 1165 2166 ad
1189 2136 1364 2167 summa
1397 2119 1618 2184 quaedam

150 2196 298 2260 capita
315 2233 325 2252 ‚
357 2195 469 2242 haec
493 2212 609 2260 quae
633 2194 863 2242 retulimus
888 2211 1119 2251 revocare,
1146 2206 1197 2242 ut
1218 2195 1380 2243 deinde
1403 2194 1620 2242 iudicium

151 2272 209 2319 de
243 2271 434 2335 singulis
475 2271 687 2319 seramus.

247 2348 368 2396 Haec
402 2359 548 2395 autem
586 2358 691 2395 sunt
725 2350 770 2394 1.
793 2348 1020 2396 Christum
1053 2349 1097 2394 in
1134 2348 1347 2412 religione
1375 2365 1456 2396 sua
1490 2363 1622 2413 sepa·-

151 2441 279 2472 rasse
314 2434 575 2489 potestatem
611 2423 863 2487 religiosam
888 2441 914 2470 a
938 2434 1157 2488 potestate
1190 2423 1394 2488 politica,
1422 2423 1624 2489 adeoque

152 2501 480 2548 matrimonium
499 2499 752 2563 religiosum
773 2517 800 2547 a
817 2500 1098 2548 matrimonio
1118 2500 1254 2556 civili,
1275 2517 1407 2548 secus
1426 2516 1477 2548 ac
1494 2511 1625 2548 antea

153 2577 283 2623 fuerit
308 2594 445 2641 penes
470 2575 679 2641 populos,
715 2575 759 2622 in
790 2576 954 2640 quibus
988 2586 1174 2641 utraque
1206 2576 1475 2625 miscebatur
1508 2587 1626 2642 pote—

248 2723 315 2763 (72)
336 2723 420 2755 lbid.
437 2733 509 2765 pag.
529 2729 596 2756 192.
612 2724 675 2755 col.
690 2729 718 2755 3.

250 2775 317 2815 (73)
338 2775 422 2808 lbid.
440 2785 512 2817 pag.
533 2779 602 2809 187.

250 2829 315 2870 (74)
333 2829 458 2860 senato
484 2827 542 2860 del
562 2836 676 2868 reyno.
699 2832 744 2860 16.
761 2828 903 2861 Dicemb.
