1918 3186
279 203 366 247 220
540 216 620 246 mn.
650 215 680 245 ι.
711 213 824 245 sacr.
854 213 1024 244 atram.
1057 214 1108 244 ns
1133 212 1306 245 uuam.
1336 213 1476 245 civim.

274 293 578 359 quaestionem
613 308 640 338 a
674 291 926 338 pharisaeis
961 290 1139 338 Christo
1181 291 1476 355 propositam:
1521 293 1603 338 «si
1651 293 1751 342 licet

275 369 444 417 homini
472 367 695 415 dimittere
723 383 904 414 uxorem
937 384 1064 414 suam
1090 384 1354 431 quacumque
1379 383 1434 413 ex
1459 384 1590 414 causa
1610 388 1632 412 »
1656 386 1752 433 pro-

275 454 483 492 testantes
519 443 565 489 in
601 442 834 491 Germania
863 443 949 491 visi
985 453 1089 490 sunt
1122 442 1279 490 iterum
1314 459 1587 508 proponere,
1621 454 1751 509 atque

273 519 535 567 affirmative
569 519 804 567 resolvere.

369 596 434 642 Ex
459 612 511 643 eo
535 596 652 643 enim
677 607 872 661 tempore
894 596 1224 644 matrimonium
1239 634 1248 652 ,
1277 597 1396 643 omni
1422 595 1479 643 ab
1501 613 1554 643 eo
1578 595 1750 644 abiecta

274 671 501 735 religionis
527 672 686 729 forma,
715 673 878 720 factum
903 682 971 719 est
995 682 1245 720 contractus
1270 689 1389 720 mere
1412 672 1556 719 civilis
1581 689 1607 719 a
1631 672 1748 720 civili

272 748 368 811 lege
386 748 518 796 unice
534 748 831 796 moderandus
847 786 856 804 ,
879 765 930 794 ac
949 748 1147 812 profanis
1172 748 1396 796 iudicibus
1416 765 1579 795 causae
1596 765 1748 795 omnes

273 824 552 888 coniugales,
580 843 695 890 quae
718 825 842 891 prius
861 842 887 871 a
904 824 1169 871 consistorio
1193 824 1576 888 expendebantur,
1605 823 1751 871 discu-

272 901 447 948 tiendae
473 919 525 949 ac
551 901 827 948 dirimendae
851 900 1066 948 dimissae
1090 911 1208 948 sunt.
1226 901 1289 948 Ac
1308 900 1338 946 ii
1358 900 1538 965 quidem
1571 899 1749 947 abunde

272 976 358 1024 hac
383 978 453 1024 usi
484 988 589 1025 sunt
616 987 845 1043 potestate.
879 976 1129 1023 Fridericus
1158 977 1214 1022 II.
1238 976 1474 1023 Borussiae
1507 994 1579 1023 rex
1613 977 1659 1022 in
1687 992 1751 1022 re-

273 1052 439 1117 scripto
457 1053 560 1100 dato
589 1071 660 1100 an.
686 1054 826 1098 1780.
850 1052 1045 1100 decrevit
1069 1052 1189 1099 haud
1214 1052 1375 1099 nimias
1391 1069 1491 1099 esse
1511 1051 1751 1098 difficulta—

272 1140 339 1175 tes
375 1129 664 1192 opponendas
694 1129 999 1192 coniugiorum
1030 1129 1351 1185 solutionibus,
1381 1146 1433 1177 eo
1456 1128 1576 1193 quod
1601 1128 1645 1174 id
1671 1145 1750 1192 po-

273 1203 365 1268 puli
394 1204 662 1251 incremento
691 1204 941 1252 obsisteret.
958 1204 1066 1251 Cum
1086 1205 1202 1252 enim
1222 1205 1431 1268 coniuges
1450 1222 1477 1251 a
1495 1221 1544 1252 se
1562 1203 1748 1251 invicem

271 1279 550 1335 dissentiant,
574 1280 635 1327 ita
657 1290 706 1326 ut
729 1297 871 1345 neque
891 1281 1136 1327 animorum
1164 1280 1359 1336 unionis,
1382 1297 1525 1344 neque
1550 1280 1749 1327 sincerae

271 1356 643 1403 reconciliationis
679 1374 782 1421 spes
811 1356 903 1403 ulla
927 1356 1166 1420 affulgeat,
1197 1373 1285 1403 non
1314 1356 1506 1420 amplius
1541 1355 1656 1402 filios
1689 1355 1750 1418 gi-

270 1441 432 1495 gnunt;
467 1432 552 1480 hoc
580 1450 708 1498 porro
743 1432 894 1498 populi
931 1443 1058 1480 nocet
1090 1442 1342 1495 augmento.
1373 1432 1533 1479 Contra
1571 1449 1674 1479 vero
1709 1430 1748 1478 si

272 1507 349 1554 fiat
381 1507 618 1555 divortium
638 1525 690 1555 ac
709 1508 868 1555 mulier
894 1507 1019 1555 alteri
1053 1508 1215 1563 nubat,
1246 1507 1519 1572 probabilior
1541 1508 1626 1554 erit
1648 1524 1750 1571 pro-

271 1583 434 1630 creatio
457 1585 573 1646 (21).
597 1583 738 1648 quue
771 1584 877 1639 rite;
918 1584 1171 1649 siquidem,
1205 1600 1306 1630 cum
1342 1584 1670 1631 matrimonium
1703 1583 1749 1629 in

271 1660 609 1724 protestantium
646 1670 888 1726 systemate
921 1671 1171 1709 contractus
1203 1660 1261 1707 sit
1293 1677 1413 1707 mere
1443 1659 1658 1707 naturalis
1691 1659 1748 1706 ad

270 1735 432 1783 liberos
469 1736 715 1799 gignendos
750 1736 1019 1803 reipublicae
1043 1755 1122 1785 seu
1147 1737 1363 1793 societati,
1393 1753 1480 1783 non
1505 1746 1673 1792 autem,
1701 1747 1750 1783 ut

270 1812 476 1860 catholici
511 1813 684 1870 docent,
714 1813 770 1860 ad
795 1813 1157 1878 multiplicandos
1195 1813 1439 1869 ecclesiae,
1479 1830 1531 1859 ac
1564 1812 1748 1877 proinde

270 1888 362 1935 Deo
382 1887 524 1945 filios,
546 1906 634 1935 non
659 1898 830 1954 poterat
853 1906 995 1936 novus
1020 1888 1094 1936 ille
1113 1889 1326 1952 Licurgus
1351 1888 1486 1934 alium
1512 1887 1597 1935 sibi
1621 1904 1750 1951 prae-

272 1963 406 2026 figere
440 1963 593 2020 finem,
634 1982 714 2012 nec
747 1965 894 2029 aptius
929 1964 1141 2011 adhibere
1176 1964 1534 2012 instrumentum.

365 2039 621 2087 Tribunalia
654 2040 803 2088 civilia
835 2040 881 2086 in
921 2040 1153 2087 Germania
1186 2057 1351 2087 morem
1386 2050 1624 2103 gesserunt
1660 2038 1747 2085 Fri-

271 2115 408 2164 derici
443 2116 688 2181 rescripto,
727 2116 838 2165 adeo
872 2115 988 2164 enim
1025 2133 1073 2164 se
1108 2115 1256 2163 facilia
1292 2115 1589 2180 praebuerunt
1612 2115 1659 2162 in
1685 2115 1748 2163 fe-

271 2312 508 2354 coniugiorum,
519 2322 602 2354 quac
616 2321 680 2345 non
700 2313 804 2347 solum
820 2323 839 2346 a
854 2313 1071 2346 tribunalibus
1085 2312 1249 2352 civilibus,
1267 2311 1322 2344 sed
1337 2311 1378 2343 ab
1393 2310 1472 2352 ipsis
1486 2308 1642 2342 ministris
1654 2316 1747 2341 evan-

271 2365 383 2405 gelicis
397 2365 518 2407 passim
538 2365 631 2398 fiunt.
649 2367 687 2397 In
707 2366 801 2398 cuius
825 2366 869 2398 rei
891 2366 1167 2398 confirmationem
1179 2365 1340 2407 proferam
1354 2372 1437 2405 quae
1447 2363 1597 2404 leguntur
1616 2361 1648 2393 in
1673 2362 1750 2393 Uni-

272 2426 351 2450 vers
367 2423 397 2451 5.
409 2419 495 2451 Aout
510 2423 600 2451 1855.
618 2420 687 2451 «On
700 2419 739 2451 lit
753 2418 834 2451 dans
846 2419 879 2451 la
888 2420 1125 2460 Bretaqne.Le
1139 2417 1261 2460 synode
1275 2418 1453 2459 protestant
1466 2415 1507 2448 de
1519 2413 1751 2455 Transylvanie

271 2470 348 2503 s'est
371 2471 464 2503 reuni
491 2471 510 2503 a
530 2472 794 2512 Clausembourg.
815 2471 941 2504 Sait-on
963 2471 1071 2512 quelle
1086 2480 1106 2503 a
1119 2471 1169 2503 ete
1193 2479 1252 2503 son
1275 2469 1465 2511 occupatiori
1487 2467 1688 2509 principale?
1703 2468 1750 2499 La

272 2521 466 2556 dissolution
493 2523 534 2556 de
555 2523 640 2556 deux
667 2525 741 2555 cent
760 2523 910 2555 soixante
933 2523 1107 2563 mariages!
1131 2522 1158 2554 11
1177 2531 1195 2554 a
1216 2521 1380 2563 prononce
1400 2520 1487 2552 deux
1510 2520 1584 2551 cent
1607 2518 1753 2551 soixante

273 2574 421 2609 divorces
433 2601 442 2617 ‚
465 2585 548 2619 pour
564 2585 608 2608 un
623 2584 701 2617 pays
715 2575 818 2617 grand
839 2584 965 2608 comme
976 2576 1009 2608 la
1021 2575 1194 2616 Bretagne,
1211 2573 1292 2606 dont
1306 2573 1337 2605 la
1351 2571 1501 2613 majorite
1515 2571 1572 2603 des
1586 2570 1751 2603 habitants

271 2628 344 2659 sont
361 2637 402 2660 ou
426 2638 516 2669 grees
539 2637 581 2660 ou
609 2628 844 2669 catholiquoe.»
857 2628 975 2669 Reipsa
994 2635 1035 2660 ex
1057 2626 1284 2668 supputatione
1305 2624 1466 2667 springeri
1486 2624 1696 2655 numerantur
1719 2622 1751 2654 iu

270 2679 503 2720 Transylvania
525 2685 672 2721 322,ooo.
697 2679 868 2720 catholici,
897 2682 1043 2720 554‚ooo.
1059 2677 1279 2721 graeci-uniti,
1302 2676 1386 2709 idest
1408 2679 1556 2717 876‚000.
1573 2674 1725 2708 catholici
1738 2698 1748 2713 ,

273 2735 421 2773 689,000.
435 2733 651 2775 schismatici,
675 2737 824 2774 222,000.
839 2732 1022 2773 lutherani,
1038 2740 1077 2764 ac
1090 2733 1238 2772 334,ooo.
1254 2729 1453 2763 calvinistae.

370 2784 435 2826 (21)
456 2785 506 2818 Cf.
524 2785 686 2828 Taparelli
706 2788 830 2827 Saqyio
850 2786 1010 2819 teorettco
1025 2784 1062 2818 dt
1076 2784 1199 2817 diruto
1213 2782 1501 2817 naturale.norna
1518 2780 1749 2815 1855.t0m.11.

270 2837 353 2874 Diss.
369 2838 439 2869 vn.
456 2846 527 2878 cap.
544 2839 600 2870 111.
617 2837 720 2870 Delta
735 2838 863 2871 societ&
876 2837 1076 2871 domestica.
