1918 3186
314 187 403 218 CAP.
423 187 453 218 1.
472 185 563 217 ΛΒΤ.
580 184 626 217 11.
642 184 695 216 DE
711 183 912 215 vamum
931 184 1105 217 SAGRAH.
1122 184 1174 217 EX
1191 184 1338 218 noem.
1353 184 1498 217 scum..
1593 173 1650 218 25

180 266 461 313 sacramentis
483 263 598 329 fidei.
625 262 718 309 Iam
751 278 854 309 vero
889 262 952 308 sic
984 263 1082 327 ipse
1114 263 1270 311 definit
1301 268 1653 312 sacramentum>

187 343 561 390 «Sacramentum
595 348 663 386 est
693 336 882 385 visibilis
916 337 1057 386 forma
1090 339 1325 388 invisibilis
1348 340 1516 403 gratiae
1533 341 1579 388 in
1602 344 1656 388 eo

182 418 441 472 collocatae,
463 432 598 480 quam
614 413 782 462 scilicet
797 413 967 461 confert
984 414 1132 478 ipsum
1150 423 1488 464 sacramentum.
1501 417 1656 465 Sacra-

182 504 398 549 mentum,
427 491 597 556 pergit,
635 507 723 537 non
757 488 901 537 solum
935 489 1178 552 significat,
1218 491 1297 539 sed
1330 492 1467 541 etiam
1496 493 1658 558 confert

184 569 310 625 illud,
338 567 666 630 cuiussignum
688 575 757 612 est
776 565 847 612 vel
872 565 1136 628 significatio
1157 568 1306 628 (74).»
1330 568 1466 631 Igitur
1486 585 1541 618 ex
1556 567 1657 617 ,Hu—

182 661 295 708 gone
325 643 382 691 de
414 653 572 691 natura
606 651 982 690 sacramentorum
1017 658 1156 688 novae
1189 641 1298 705 legis
1322 654 1391 691 est
1414 644 1657 708 producere

182 720 392 784 gratiam,
432 730 475 766 et
507 718 687 783 quidem
722 717 946 782 propriam
979 717 1332 782 uniuscuiusque
1365 719 1652 776 sacramenti-3

181 812 283 843 cum
304 812 407 843 vero
429 795 544 842 inter
567 804 737 858 septem
761 804 1037 841 sacramenta
1060 804 1287 840 recenseat
1309 794 1653 859 matrimonium,

181 890 285 936 ergo
319 883 362 920 et
394 872 721 919 matrimonium
756 887 882 918 suam
915 870 1085 924 confert
1116 870 1320 933 gratiam,
1348 870 1404 917 ad
1428 871 1657 935 qua'mflsss

181 950 478 1014 gnificandam
510 960 554 997 et
585 948 895 998 conferendam
920 948 1167 995 institutum
1191 958 1273 994 est.
1296 948 1657 996 Verumnonvin-

182 1028 387 1092 digamus
422 1026 753 1074 ratiocinatione
777 1025 833 1072 ad
857 1025 942 1073 hoc
964 1025 1277 1081 evincendum,
1315 1034 1415 1071 cum
1449 1042 1658 1090 expresse

182 1102 229 1150 id
264 1104 421 1152 doceat
452 1103 581 1166 Hugo
615 1102 831 1150 scribens:
850 1101 981 1149 «Hoc
1004 1111 1072 1148 est
1095 1111 1418 1149 sacramentum
1447 1111 1657 1164 magnum

181 1179 229 1225 in
263 1179 439 1227 Christo
462 1190 505 1226 et
527 1177 715 1226 ecclesia
737 1179 887 1240 (75).»
910 1176 1055 1240 Agens
1087 1176 1143 1224 de
1176 1176 1466 1224 matrimoniis
1499 1176 1658 1224 infide-

186 1254 294 1302 lium
328 1255 471 1303 docet.
501 1255 600 1302 «Ea
633 1253 813 1319 quidem
839 1270 938 1301 esse
960 1270 1087 1309 vera,
1126 1252 1325 1306 sednon
1364 1252 1653 1316 sanctificare,

183 1349 258 1378 nec
290 1333 481 1396 qratiam
515 1331 740 1395 conferre»
761 1331 825 1377 uti
859 1330 1063 1393 coniugia
1095 1329 1458 1384 christianorum;
1496 1327 1658 1382 deinde

184 1407 360 1455 subdit:
399 1429 420 1451 «
441 1408 609 1455 Dicitur
639 1407 813 1460 veritas¹
833 1416 1219 1458 sacramentorum,
1240 1405 1381 1459 virtus
1400 1443 1410 1462 ,
1439 1415 1492 1452 etr
1511 1406 1664 1469 qratia

183 1484 454 1548 spiritualis,
487 1501 603 1549 quae
637 1484 683 1530 in
715 1484 827 1548 ipsis
860 1494 903 1531 et
936 1502 1015 1549 per
1046 1485 1147 1549 ipsa
1175 1493 1452 1532 sacramenta
1486 1483 1660 1548 perfici-

185 1572 277 1619 tur,
298 1578 432 1626 quam
457 1561 683 1608 veritatem
707 1561 907 1625 accipere
932 1578 1019 1608 non
1044 1571 1259 1625 possunt,
1275 1554 1658 1626 ¹quisssacramenta

182 1637 261 1684 Dei
295 1637 475 1701 indigne
509 1637 760 1702 percipiunt
792 1638 946 1700 (76):»
976 1647 1025 1684 ut
1056 1637 1150 1686 alia,
1177 1637 1446 1703 quamplura
1481 1647 1654 1702 praete-

185 1731 304 1761 ream
327 1715 443 1776 (77).
468 1713 597 1761 Nulla
628 1714 792 1761 idcirco
825 1713 882 1761 de
916 1703 1292 1778 menteflugonis
1323 1714 1540 1781 Victorini*
1565 1720 1657 1760 tum

187 1789 301 1838 circa
323 1790 571 1848 veritatem
587 1790 849 1838 sacramenti
872 1791 1169 1849 matrimonii,
1186 1801 1278 1838 tum
1308 1791 1424 1838 circa
1449 1790 1651 1853 gratiam,

188 1882 300 1928 quae
331 1885 410 1932 per
442 1868 591 1932 ipsum
624 1867 869 1925 confertur,
906 1867 1130 1925 dubitatio·
1164 1885 1284 1915 esse
1298 1877 1467 1932 potest.

283 1941 397 1990 Huic
427 1944 623 2008 proxime
656 1954 799 1991 aetate
832 1944 1022 1992 accessit
1044 1943 1196 2001 Petrus
1221 1941 1507 1990 Pictaviensis
1536 1941 1658 2003 (vita

188 2017 305 2063 enim
337 2017 513 2067 functus
545 2030 614 2067 est
646 2038 719 2067 an.
758 2022 933 2084 1175),
960 2022 1058 2086 qui
1052 2031 1115 2068 et
1147 2021 1245 2084 ipse
1265 2018 1496 2066 definivit
1510 2027 1658 2065 sacra-

188 2103 384 2140 mentum
404 2111 542 2142 novae
559 2095 684 2159 legis:
713 2097 988 2145 «Invisibilis
1013 2098 1181 2160 gratiae
1203 2097 1248 2142 in
1272 2111 1324 2142 eo
1349 2088 1533 2143 collatae
1558 2095 1660 2142 visi-

189 2169 290 2217 bilis
315 2170 502 2218 forma.»
526 2171 619 2219 Hoc
646 2174 768 2236 ponit
802 2174 1038 2221 discrimen
1063 2175 1176 2221 inter
1200 2182 1477 2228 sacramenta
1498 2173 1658 2220 veteris

187 2245 296 2309 legis
314 2257 357 2294 et
375 2264 513 2295 novae
530 2247 659 2311 legis,
675 2248 794 2313 quod
811 2249 887 2296 illa
904 2249 1159 2313 fiqurarent,
1174 2250 1259 2343 ista
1268 2250 1458 2313 efficiant
1474 2249 1657 2312 gratiam

231 2418 233 2420 ’
282 2420 349 2461 (74)
369 2422 477 2453 Tract.
499 2423 554 2453 lv
570 2423 620 2454 De
640 2430 730 2454 sacr.
753 2423 791 2454 in
808 2430 885 2462 qen.
901 2431 930 2454 c.
946 2424 972 2454 1.
988 2416 1063 2495 opp.
1077 2422 1129 2455 ed
1139 2424 1220 2455 Ven.
1240 2414 1329 2457 14388.
1345 2423 1423 2453 tom.
1442 2422 1500 2453 111.
1514 2420 1572 2452 fol.
1585 2422 1657 2452 204.

188 2474 293 2515 terqo.

282 2525 350 2566 (75)
371 2527 421 2558 De
437 2534 586 2559 sacram.
599 2525 705 2567 fidei,
721 2535 791 2568 par.
807 2527 863 2559 xl.
880 2535 950 2569 cap.
967 2528 1010 2560 11.
1027 2527 1083 2560 sol.
1103 2529 1173 2560 2092

284 2578 350 2619 (76)
372 2578 455 2611 lbid.
472 2587 544 2620 cap.
558 2579 645 2611 xm.
660 2578 717 2612 sol.
734 2583 804 2612 208.

283 2631 348 2675 (77)
365 2631 424 2664 sic
443 2632 527 2673 part.
541 2633 631 2664 VIII
646 2634 697 2664 De
716 2640 806 2665 sacr.
826 2632 910 2665 hanc
930 2633 1028 2679 etiam
1053 2608 1270 2665 differentiam
1278 2631 1433 2673 assignat
1452 2632 1560 2677 Ilugo
1576 2631 1659 2664 inter

188 2681 372 2724 uti-insilue,
396 2684 514 2717 veteris
528 2693 567 2717 ac
581 2685 779 2726 novaelegis
794 2685 1034 2718 sacramenta.
1046 2684 1139 2723 Quod
1154 2684 1233 2725 quia
1245 2684 1358 2730 nostra
1369 2685 1570 2729 sacramenta
1579 2684 1656 2717 sunt

187 2734 278 2775 signa
291 2736 326 2767 et
338 2743 464 2769 causae
479 2736 649 2779 (gratiae);
660 2737 718 2770 illa
730 2738 807 2770 sunt
825 2738 917 2779 signa
934 2738 1071 2770 tantum.
1087 2737 1171 2774 Quia
1190 2737 1258 2770 illa
1268 2727 1462 2791 promittunt
1481 2726 1574 2783 quod
1590 2745 1656 2769 non

187 2788 373 2828 continent,
393 2788 454 2822 ista
474 2790 581 2821 autem
602 2789 680 2821 dant
700 2789 789 2830 quod
811 2789 1007 2822 contInent.»
