1912 3180
354 192 445 223 cir.
470 191 532 224 111.
556 192 608 223 mi
640 192 814 224 unam.
845 191 993 224 eivms
1020 191 1140 223 LEGE.
1169 190 1351 225 mmm.
1507 175 1596 221 315

125 279 245 316 certo
278 286 459 317 noscere
494 269 669 333 poterit.
709 268 925 315 Nimirum
967 267 1225 316 adolescunt
1260 268 1304 314 in
1338 266 1596 316 scandalum

126 357 170 393 ct
205 345 446 410 perniciem
481 344 703 393 societatis
727 345 846 405 (16).

222 421 396 468 Directe
429 431 576 467 autem
610 419 766 467 eadem
791 418 861 465 lex
886 419 1056 468 inducit
1079 421 1126 467 in
1151 438 1322 468 morum
1355 420 1600 485 corruptio-

127 514 227 545 nem
268 514 321 543 ac
362 497 645 552 foeditatem,
691 506 911 560 quatenus
952 497 1262 545 contrahentes
1295 497 1523 545 constituit
1555 497 1600 543 in

125 584 242 621 statu
278 574 551 638 permanenti
588 571 755 637 publici
791 571 1131 620 concubinatus.
1170 572 1393 621 Obductio
1414 590 1519 620 vero
1542 572 1601 620 le-

125 650 239 714 galis
272 650 435 706 vestis,
475 667 554 697 seu
588 649 843 705 exterioris,
882 658 932 696 ut
964 647 1027 695 ita
1058 648 1230 705 dicam,
1268 649 1514 699 indumenti
1549 666 1602 697 ac

126 727 274 791 pallii,
314 726 416 774 talis
452 743 539 773 non
573 737 641 774 est
658 763 668 782 ,
696 736 754 773 ut·
768 724 945 773 illorum
970 734 1087 788 tegat
1110 724 1399 787 ignominiam
1427 743 1480 773 ac
1510 735 1600 772 tur-

125 804 389 868 pitudinem.
427 802 572 850 Velint
606 802 745 850 nolint
788 801 1150 866 pseudo-politici
1174 839 1184 857 ‚
1222 801 1334 849 tales
1381 802 1603 849 habentur

125 880 182 927 ab
217 880 428 945 opinione
470 879 650 944 publica
673 917 683 936 ,
722 895 774 926 ac
817 877 985 926 tamdiu
1027 877 1310 925 habebuntur
1330 916 1340 934 ‚
1386 878 1602 942 quamdiu

124 973 286 1003 sensus
320 955 502 1003 moralis
536 955 752 1018 viguerit,
780 971 832 1003 ac
864 953 1121 1017 religiosum
1150 953 1415 1001 elementum
1441 953 1602 1018 persti-

126 1034 240 1081 terit.
276 1032 490 1080 Probrum
527 1031 572 1078 in
607 1049 757 1079 eorum
792 1030 1010 1078 frontibus
1041 1030 1278 1079 indelebile
1312 1031 1475 1094 iugiter
1507 1047 1603 1077 ma-

126 1109 263 1157 nebit.
302 1108 398 1156 Nisi
437 1108 706 1155 contendant
739 1107 983 1155 adversarii
1024 1107 1366 1156 concubinatum
1401 1125 1481 1156 seu
1515 1107 1605 1155 for-

130 1185 345 1233 nicariam
393 1184 748 1233 coniunctionem
796 1184 1076 1232 innocentem
1115 1201 1167 1232 ac
1217 1185 1454 1232 innocuam
1501 1201 1603 1232 esse

129 1262 406 1317 habendam,
450 1272 584 1326 atque
618 1279 645 1308 a
671 1261 876 1308 vitiorum
909 1277 1047 1308 censu
1081 1261 1346 1317 delendam,
1381 1261 1602 1308 fateantur

130 1355 314 1386 necesse
340 1348 409 1385 est
437 1337 508 1385 vel
532 1337 678 1393 inviti,
707 1337 847 1401 legem
872 1337 1017 1393 illam,
1046 1355 1162 1402 quae
1185 1338 1457 1386 christianos
1481 1338 1603 1385 cives

126 1415 171 1461 in
206 1414 541 1462 fornicationem
576 1413 802 1478 publicam
837 1414 1030 1471 inducit,
1059 1414 1143 1462 hoc
1167 1414 1267 1479 ipso
1301 1414 1513 1462 inducere
1537 1415 1600 1461 in-

124 1502 190 1539 ter
205 1491 324 1539 cives
343 1490 555 1538 moralem
574 1491 916 1554 corruptionem.
947 1491 1045 1547 Quo
1067 1508 1172 1539 vero
1195 1491 1340 1555 magis
1366 1502 1605 1554 augeretur

124 1583 336 1614 numerus
369 1583 543 1623 eorum,
572 1566 650 1631 qui
675 1566 821 1614 alieno
846 1567 1081 1623 scandalo,
1119 1577 1196 1615 aut
1227 1567 1430 1632 exemplo
1465 1567 1600 1615 illecti

123 1642 344 1690 eiusmodi
368 1642 549 1707 nuptias
574 1642 758 1699 inirent,
781 1659 834 1690 eo
852 1643 992 1691 maior
1014 1643 1098 1691 erit
1120 1643 1472 1708 delinquentium
1492 1643 1601 1691 mul-

123 1719 289 1776 titudo,
328 1736 380 1767 ac
414 1719 600 1784 proinde
634 1737 806 1767 morum
840 1720 1120 1785 publicorum
1154 1720 1414 1785 depravatio
1436 1758 1447 1777 ,
1483 1737 1601 1785 quae

124 1796 182 1843 ab
215 1813 267 1844 ea
300 1795 397 1859 lege
431 1796 644 1859 originem
679 1796 886 1844 traheret.

222 1873 356 1919 Porro
392 1872 502 1935 legis
538 1889 590 1919 ac
624 1872 892 1935 legislatoris
915 1890 1080 1922 munus
1105 1892 1185 1922 seu
1209 1874 1404 1922 officium
1430 1885 1499 1921 est
1520 1873 1600 1921 bo—

126 1965 209 1995 nos
244 1965 389 1996 mores
420 1965 676 2012 promovere
694 1986 704 2005 ‚
734 1948 904 2006 fovere,
943 1967 994 1997 ac
1029 1950 1074 1997 in
1110 1950 1269 1998 melius
1297 1950 1458 2014 iugiter
1489 1949 1597 1996 diri-

219 2124 286 2166 (16)
307 2127 354 2158 De
367 2126 561 2159 eiuscemodi
576 2127 698 2168 nuptiis
709 2152 719 2168 ,
737 2127 913 2168 liberisque
935 2128 1010 2160 inde
1032 2129 1206 2169 progenitis
1220 2136 1296 2161 vere
1310 2129 1428 2162 cecinit
1444 2127 1598 2161 Horatius

123 2179 180 2211 lib.
196 2181 254 2212 111.
269 2179 323 2212 od.
338 2180 394 2211 Vi.

378 2246 393 2259 κ
413 2233 585 2265 Foecunda
598 2233 711 2273 culpae
727 2233 858 2265 saecula
884 2234 1014 2275 nuptias

419 2286 561 2318 Primum
578 2285 806 2326 inquinavere,
828 2287 860 2318 et
878 2295 994 2327 genus,
1017 2289 1048 2319 et
1069 2286 1202 2320 domos:
1231 2287 1235 2290 ”

500 2340 569 2370 Hoc
593 2337 681 2371 fonte
702 2338 849 2371 derivata
866 2339 976 2372 clades

580 2393 618 2423 ln
641 2391 778 2433 patriam
793 2390 1014 2433 populumque
1034 2392 1129 2425 fluxit
1132 2417 1194 2425 .....

418 2447 487 2477 Non
503 2445 555 2477 his
568 2445 720 2477 iuventus
735 2447 808 2477 orta
825 2445 1009 2486 parentibus

417 2497 531 2530 infecit
548 2505 670 2538 aequor
691 2498 847 2538 sanguine
869 2498 1012 2539 Punico,

500 2551 727 2591 Pyrrhumque
740 2552 773 2584 et
787 2551 948 2592 ingentem
965 2551 1083 2585 cecidit

578 2604 794 2645 Antiochum,
818 2605 1097 2647 Hannibalemque
1118 2605 1224 2638 dirum
1229 2632 1291 2638 .....

417 2659 580 2690 Damnosa
595 2656 675 2698 quid
694 2666 758 2690 non
772 2658 937 2690 imminuit
950 2658 1041 2690 dies?

420 2711 515 2742 Aetas
528 2711 714 2751 parentum,
728 2710 819 2751 peior
834 2710 921 2750 avis,
936 2710 1014 2742 tulit

496 2764 560 2794 Nos
584 2763 771 2803 nequiores,
797 2771 873 2795 mox
899 2763 1032 2795 daturos

575 2815 763 2856 Progeniem
784 2815 1006 2849 vitiosiorem.»
