<?xml version="1.0" encoding="UTF-8"?>
<!DOCTYPE html PUBLIC "-//W3C//DTD XHTML 1.0 Transitional//EN"
    "http://www.w3.org/TR/xhtml1/DTD/xhtml1-transitional.dtd">
<html xmlns="http://www.w3.org/1999/xhtml" xml:lang="en" lang="en">
 <head>
  <title>
</title>
<meta http-equiv="Content-Type" content="text/html;charset=utf-8" />
  <meta name='ocr-system' content='tesseract 3.04.00' />
  <meta name='ocr-capabilities' content='ocr_page ocr_carea ocr_par ocr_line ocrx_word'/>
</head>
<body>
  <div class='ocr_page' id='page_1' title='image "a603380701perruoft_0091.png"; bbox 0 0 1918 3186; ppageno 0'>
   <div class='ocr_carea' id='block_1_1' title="bbox 376 215 1615 266">
    <p class='ocr_par' dir='ltr' id='par_1_1' title="bbox 376 215 1615 266">
     <span class='ocr_line' id='line_1_1' title="bbox 376 215 1615 266; baseline -0.002 -5"><span class='ocrx_word' id='word_1_1' title='bbox 376 230 464 261; x_wconf 80' lang='lat' dir='ltr'><strong>CAP.</strong></span> <span class='ocrx_word' id='word_1_2' title='bbox 494 230 540 261; x_wconf 80' lang='grc' dir='ltr'>ΙΙ.</span> <span class='ocrx_word' id='word_1_3' title='bbox 569 228 620 260; x_wconf 75' lang='grc' dir='ltr'>ΒΕ</span> <span class='ocrx_word' id='word_1_4' title='bbox 644 227 852 260; x_wconf 77' lang='lat' dir='ltr'>mlNISTRO.</span> <span class='ocrx_word' id='word_1_5' title='bbox 884 230 975 260; x_wconf 73' lang='grc' dir='ltr'><strong>ΛΒΤ.</strong></span> <span class='ocrx_word' id='word_1_6' title='bbox 1006 230 1034 260; x_wconf 84' lang='grc' dir='ltr'>Ι.</span> <span class='ocrx_word' id='word_1_7' title='bbox 1065 228 1235 266; x_wconf 76' lang='lat' dir='ltr'><strong>QUAEST.</strong></span> <span class='ocrx_word' id='word_1_8' title='bbox 1264 228 1401 260; x_wconf 82' lang='lat' dir='ltr'><strong>ORIGO.</strong></span> <span class='ocrx_word' id='word_1_9' title='bbox 1558 215 1615 258; x_wconf 74' lang='grc'>69</span> 
     </span>
    </p>
   </div>
   <div class='ocr_carea' id='block_1_2' title="bbox 144 304 1624 2174">
    <p class='ocr_par' dir='ltr' id='par_1_2' title="bbox 144 304 1624 1506">
     <span class='ocr_line' id='line_1_2' title="bbox 148 304 1621 372; baseline -0.001 -19"><span class='ocrx_word' id='word_1_10' title='bbox 148 306 298 354; x_wconf 80' lang='lat' dir='ltr'>minus</span> <span class='ocrx_word' id='word_1_11' title='bbox 326 306 526 354; x_wconf 89' lang='lat' dir='ltr'>eiusdem</span> <span class='ocrx_word' id='word_1_12' title='bbox 551 305 712 370; x_wconf 88' lang='lat' dir='ltr'>placito</span> <span class='ocrx_word' id='word_1_13' title='bbox 735 304 905 361; x_wconf 85' lang='lat' dir='ltr'>favent,</span> <span class='ocrx_word' id='word_1_14' title='bbox 934 323 1048 370; x_wconf 91' lang='lat' dir='ltr'>quae</span> <span class='ocrx_word' id='word_1_15' title='bbox 1072 306 1118 352; x_wconf 89' lang='lat' dir='ltr'>in</span> <span class='ocrx_word' id='word_1_16' title='bbox 1142 305 1362 372; x_wconf 83' lang='lat' dir='ltr'>capitibus</span> <span class='ocrx_word' id='word_1_17' title='bbox 1387 306 1621 371; x_wconf 87' lang='lat' dir='ltr'>insequen-</span> 
     </span>
     <span class='ocr_line' id='line_1_3' title="bbox 150 380 1619 447; baseline -0.001 -17"><span class='ocrx_word' id='word_1_18' title='bbox 150 383 269 431; x_wconf 80' lang='lat' dir='ltr'>tibus</span> <span class='ocrx_word' id='word_1_19' title='bbox 293 383 530 438; x_wconf 88' lang='lat' dir='ltr'>habentur,</span> <span class='ocrx_word' id='word_1_20' title='bbox 560 399 673 447; x_wconf 91' lang='lat' dir='ltr'>quae</span> <span class='ocrx_word' id='word_1_21' title='bbox 696 381 752 428; x_wconf 91' lang='lat' dir='ltr'>de</span> <span class='ocrx_word' id='word_1_22' title='bbox 775 380 862 428; x_wconf 90' lang='lat' dir='ltr'>alio</span> <span class='ocrx_word' id='word_1_23' title='bbox 885 382 1065 429; x_wconf 91' lang='lat' dir='ltr'>omnino</span> <span class='ocrx_word' id='word_1_24' title='bbox 1089 392 1192 430; x_wconf 89' lang='lat' dir='ltr'>sunt</span> <span class='ocrx_word' id='word_1_25' title='bbox 1213 392 1485 446; x_wconf 80' lang='lat' dir='ltr'>argumento.</span> <span class='ocrx_word' id='word_1_26' title='bbox 1509 383 1619 429; x_wconf 86' lang='lat' dir='ltr'>Nam</span> 
     </span>
     <span class='ocr_line' id='line_1_4' title="bbox 149 458 1620 525; baseline -0.001 -19"><span class='ocrx_word' id='word_1_27' title='bbox 149 461 196 506; x_wconf 91' lang='lat' dir='ltr'>in</span> <span class='ocrx_word' id='word_1_28' title='bbox 231 478 327 525; x_wconf 91' lang='lat' dir='ltr'>cap.</span> <span class='ocrx_word' id='word_1_29' title='bbox 355 460 462 506; x_wconf 89' lang='lat' dir='ltr'>XLI.</span> <span class='ocrx_word' id='word_1_30' title='bbox 496 458 727 523; x_wconf 79' lang='lat' dir='ltr'>praebetur</span> <span class='ocrx_word' id='word_1_31' title='bbox 756 458 985 504; x_wconf 83' lang='lat' dir='ltr'>instructio</span> <span class='ocrx_word' id='word_1_32' title='bbox 1019 459 1198 506; x_wconf 90' lang='lat' dir='ltr'>moralis</span> <span class='ocrx_word' id='word_1_33' title='bbox 1233 459 1495 523; x_wconf 80' lang='lat' dir='ltr'>coniugibus</span> <span class='ocrx_word' id='word_1_34' title='bbox 1519 479 1541 516; x_wconf 92' lang='lat'>;.</span> <span class='ocrx_word' id='word_1_35' title='bbox 1574 460 1620 506; x_wconf 92' lang='lat' dir='ltr'>in</span> 
     </span>
     <span class='ocr_line' id='line_1_5' title="bbox 150 532 1622 600; baseline -0.001 -18"><span class='ocrx_word' id='word_1_36' title='bbox 150 552 247 600; x_wconf 86' lang='lat' dir='ltr'>cap.</span> <span class='ocrx_word' id='word_1_37' title='bbox 268 535 396 581; x_wconf 88' lang='lat' dir='ltr'>XLII.</span> <span class='ocrx_word' id='word_1_38' title='bbox 427 534 570 596; x_wconf 79' lang='lat' dir='ltr'>agitur</span> <span class='ocrx_word' id='word_1_39' title='bbox 592 533 647 579; x_wconf 93' lang='lat' dir='ltr'>de</span> <span class='ocrx_word' id='word_1_40' title='bbox 671 532 865 595; x_wconf 78' lang='lat' dir='ltr'>coniugii</span> <span class='ocrx_word' id='word_1_41' title='bbox 900 533 1051 590; x_wconf 88' lang='lat' dir='ltr'>bonis,</span> <span class='ocrx_word' id='word_1_42' title='bbox 1093 534 1204 591; x_wconf 90' lang='lat' dir='ltr'>fide,</span> <span class='ocrx_word' id='word_1_43' title='bbox 1244 534 1366 599; x_wconf 91' lang='lat' dir='ltr'>prole</span> <span class='ocrx_word' id='word_1_44' title='bbox 1403 545 1446 582; x_wconf 87' lang='lat' dir='ltr'>et</span> <span class='ocrx_word' id='word_1_45' title='bbox 1473 552 1622 582; x_wconf 87' lang='lat' dir='ltr'>sacra-</span> 
     </span>
     <span class='ocr_line' id='line_1_6' title="bbox 149 608 1617 672; baseline -0.001 -15"><span class='ocrx_word' id='word_1_46' title='bbox 149 621 317 666; x_wconf 88' lang='lat' dir='ltr'>mento;</span> <span class='ocrx_word' id='word_1_47' title='bbox 346 610 392 655; x_wconf 89' lang='lat' dir='ltr'>in</span> <span class='ocrx_word' id='word_1_48' title='bbox 422 609 573 654; x_wconf 90' lang='lat' dir='ltr'><strong>XLIII.</strong></span> <span class='ocrx_word' id='word_1_49' title='bbox 605 608 875 672; x_wconf 82' lang='lat' dir='ltr'>expromitur</span> <span class='ocrx_word' id='word_1_50' title='bbox 908 608 1181 655; x_wconf 88' lang='lat' dir='ltr'>desiderium</span> <span class='ocrx_word' id='word_1_51' title='bbox 1216 609 1271 656; x_wconf 92' lang='lat' dir='ltr'>de</span> <span class='ocrx_word' id='word_1_52' title='bbox 1306 609 1536 657; x_wconf 80' lang='lat' dir='ltr'>abolendis</span> <span class='ocrx_word' id='word_1_53' title='bbox 1572 610 1617 656; x_wconf 91' lang='lat' dir='ltr'>in</span> 
     </span>
     <span class='ocr_line' id='line_1_7' title="bbox 148 675 1619 751; baseline 0.001 -19"><span class='ocrx_word' id='word_1_54' title='bbox 148 675 371 751; x_wconf 82' lang='lat' dir='ltr'>posterum</span> <span class='ocrx_word' id='word_1_55' title='bbox 411 684 704 731; x_wconf 86' lang='lat' dir='ltr'>matrimoniis</span> <span class='ocrx_word' id='word_1_56' title='bbox 748 684 1062 751; x_wconf 74' lang='lat' dir='ltr'>clandestinis,</span> <span class='ocrx_word' id='word_1_57' title='bbox 1100 702 1214 749; x_wconf 91' lang='lat' dir='ltr'>quae</span> <span class='ocrx_word' id='word_1_58' title='bbox 1247 685 1350 732; x_wconf 90' lang='lat' dir='ltr'>licet</span> <span class='ocrx_word' id='word_1_59' title='bbox 1383 686 1619 733; x_wconf 91' lang='lat' dir='ltr'>concilium</span> 
     </span>
     <span class='ocr_line' id='line_1_8' title="bbox 147 760 1615 826; baseline 0.001 -20"><span class='ocrx_word' id='word_1_60' title='bbox 147 761 405 826; x_wconf 87' lang='lat' dir='ltr'>prohibeat,</span> <span class='ocrx_word' id='word_1_61' title='bbox 433 770 625 807; x_wconf 90' lang='lat' dir='ltr'>attamen</span> <span class='ocrx_word' id='word_1_62' title='bbox 645 760 682 806; x_wconf 92' lang='lat' dir='ltr'>si</span> <span class='ocrx_word' id='word_1_63' title='bbox 703 760 810 806; x_wconf 86' lang='lat' dir='ltr'>fiant</span> <span class='ocrx_word' id='word_1_64' title='bbox 826 798 836 814; x_wconf 90' lang='lat'>,</span> <span class='ocrx_word' id='word_1_65' title='bbox 859 769 954 806; x_wconf 87' lang='lat' dir='ltr'>rata</span> <span class='ocrx_word' id='word_1_66' title='bbox 971 777 1023 806; x_wconf 92' lang='lat' dir='ltr'>ea</span> <span class='ocrx_word' id='word_1_67' title='bbox 1041 760 1264 822; x_wconf 79' lang='lat' dir='ltr'>agnoscit3</span> <span class='ocrx_word' id='word_1_68' title='bbox 1294 761 1340 806; x_wconf 93' lang='lat' dir='ltr'>in</span> <span class='ocrx_word' id='word_1_69' title='bbox 1358 778 1455 826; x_wconf 90' lang='lat' dir='ltr'>cap.</span> <span class='ocrx_word' id='word_1_70' title='bbox 1471 762 1615 808; x_wconf 85' lang='lat' dir='ltr'><strong>XLIV:</strong></span> 
     </span>
     <span class='ocr_line' id='line_1_9' title="bbox 147 834 1622 900; baseline 0.001 -18"><span class='ocrx_word' id='word_1_71' title='bbox 147 835 343 883; x_wconf 88' lang='lat' dir='ltr'>decernit</span> <span class='ocrx_word' id='word_1_72' title='bbox 377 835 575 900; x_wconf 83' lang='lat' dir='ltr'>synodus</span> <span class='ocrx_word' id='word_1_73' title='bbox 610 835 963 882; x_wconf 91' lang='lat' dir='ltr'>coniunctionem</span> <span class='ocrx_word' id='word_1_74' title='bbox 998 852 1076 900; x_wconf 91' lang='lat' dir='ltr'>per</span> <span class='ocrx_word' id='word_1_75' title='bbox 1109 834 1380 883; x_wconf 88' lang='lat' dir='ltr'>sacerdotem</span> <span class='ocrx_word' id='word_1_76' title='bbox 1410 853 1509 883; x_wconf 90' lang='lat' dir='ltr'>cum</span> <span class='ocrx_word' id='word_1_77' title='bbox 1543 836 1622 884; x_wconf 88' lang='lat' dir='ltr'>be-</span> 
     </span>
     <span class='ocr_line' id='line_1_10' title="bbox 149 911 1621 978; baseline 0.001 -20"><span class='ocrx_word' id='word_1_78' title='bbox 149 912 399 959; x_wconf 88' lang='lat' dir='ltr'>nedictione</span> <span class='ocrx_word' id='word_1_79' title='bbox 423 929 473 959; x_wconf 87' lang='lat' dir='ltr'>ac</span> <span class='ocrx_word' id='word_1_80' title='bbox 497 911 702 977; x_wconf 89' lang='lat' dir='ltr'>precibus</span> <span class='ocrx_word' id='word_1_81' title='bbox 731 913 850 957; x_wconf 74' lang='lat' dir='ltr'>intra</span> <span class='ocrx_word' id='word_1_82' title='bbox 881 913 1112 957; x_wconf 73' lang='lat' dir='ltr'>missarum</span> <span class='ocrx_word' id='word_1_83' title='bbox 1144 911 1350 958; x_wconf 79' lang='lat' dir='ltr'>solemnia</span> <span class='ocrx_word' id='word_1_84' title='bbox 1382 912 1428 958; x_wconf 92' lang='lat' dir='ltr'>in</span> <span class='ocrx_word' id='word_1_85' title='bbox 1458 912 1621 978; x_wconf 91' lang='lat' dir='ltr'>templo</span> 
     </span>
     <span class='ocr_line' id='line_1_11' title="bbox 148 987 1616 1053; baseline -0.001 -17"><span class='ocrx_word' id='word_1_86' title='bbox 148 988 390 1036; x_wconf 89' lang='lat' dir='ltr'>secundum</span> <span class='ocrx_word' id='word_1_87' title='bbox 426 989 632 1053; x_wconf 88' lang='lat' dir='ltr'>antiquos</span> <span class='ocrx_word' id='word_1_88' title='bbox 667 1005 859 1035; x_wconf 87' lang='lat' dir='ltr'>canones</span> <span class='ocrx_word' id='word_1_89' title='bbox 886 998 929 1034; x_wconf 91' lang='lat' dir='ltr'>et</span> <span class='ocrx_word' id='word_1_90' title='bbox 954 987 1302 1034; x_wconf 90' lang='lat' dir='ltr'>ecclesiasticum</span> <span class='ocrx_word' id='word_1_91' title='bbox 1336 988 1468 1035; x_wconf 80' lang='lat' dir='ltr'>ritum</span> <span class='ocrx_word' id='word_1_92' title='bbox 1503 988 1616 1035; x_wconf 88' lang='lat' dir='ltr'>fieri.</span> 
     </span>
     <span class='ocr_line' id='line_1_12' title="bbox 146 1063 1622 1128; baseline 0 -17"><span class='ocrx_word' id='word_1_93' title='bbox 146 1065 270 1111; x_wconf 88' lang='lat' dir='ltr'>Vetat</span> <span class='ocrx_word' id='word_1_94' title='bbox 311 1074 455 1111; x_wconf 88' lang='lat' dir='ltr'>autem</span> <span class='ocrx_word' id='word_1_95' title='bbox 502 1065 549 1110; x_wconf 88' lang='lat' dir='ltr'>in</span> <span class='ocrx_word' id='word_1_96' title='bbox 592 1081 689 1128; x_wconf 90' lang='lat' dir='ltr'>cap.</span> <span class='ocrx_word' id='word_1_97' title='bbox 721 1063 842 1109; x_wconf 92' lang='lat' dir='ltr'><strong>XLV.</strong></span> <span class='ocrx_word' id='word_1_98' title='bbox 883 1081 938 1110; x_wconf 91' lang='lat' dir='ltr'>ne</span> <span class='ocrx_word' id='word_1_99' title='bbox 971 1063 1293 1126; x_wconf 80' lang='lat' dir='ltr'>coniungantur</span> <span class='ocrx_word' id='word_1_100' title='bbox 1324 1064 1544 1128; x_wconf 81' lang='lat' dir='ltr'>peregrini</span> <span class='ocrx_word' id='word_1_101' title='bbox 1579 1074 1622 1111; x_wconf 88' lang='lat' dir='ltr'>et</span> 
     </span>
     <span class='ocr_line' id='line_1_13' title="bbox 148 1138 1618 1202; baseline 0.001 -17"><span class='ocrx_word' id='word_1_102' title='bbox 148 1140 310 1202; x_wconf 81' lang='lat' dir='ltr'>ignoti,</span> <span class='ocrx_word' id='word_1_103' title='bbox 351 1140 438 1187; x_wconf 89' lang='lat' dir='ltr'>nisi</span> <span class='ocrx_word' id='word_1_104' title='bbox 474 1139 684 1202; x_wconf 80' lang='lat' dir='ltr'>legitimis</span> <span class='ocrx_word' id='word_1_105' title='bbox 730 1138 994 1185; x_wconf 89' lang='lat' dir='ltr'>testimoniis</span> <span class='ocrx_word' id='word_1_106' title='bbox 1028 1148 1196 1186; x_wconf 89' lang='lat' dir='ltr'>constet</span> <span class='ocrx_word' id='word_1_107' title='bbox 1228 1138 1283 1185; x_wconf 90' lang='lat' dir='ltr'>de</span> <span class='ocrx_word' id='word_1_108' title='bbox 1316 1148 1434 1186; x_wconf 88' lang='lat' dir='ltr'>statu</span> <span class='ocrx_word' id='word_1_109' title='bbox 1466 1156 1618 1186; x_wconf 88' lang='lat' dir='ltr'>eorum</span> 
     </span>
     <span class='ocr_line' id='line_1_14' title="bbox 148 1214 1622 1281; baseline -0.001 -19"><span class='ocrx_word' id='word_1_110' title='bbox 148 1216 312 1273; x_wconf 86' lang='lat' dir='ltr'>libero;</span> <span class='ocrx_word' id='word_1_111' title='bbox 341 1217 388 1262; x_wconf 86' lang='lat' dir='ltr'>in</span> <span class='ocrx_word' id='word_1_112' title='bbox 411 1234 509 1281; x_wconf 87' lang='lat' dir='ltr'>cap.</span> <span class='ocrx_word' id='word_1_113' title='bbox 531 1216 673 1262; x_wconf 86' lang='lat' dir='ltr'><strong>XLVI.</strong></span> <span class='ocrx_word' id='word_1_114' title='bbox 696 1215 890 1280; x_wconf 89' lang='lat' dir='ltr'>loquitur</span> <span class='ocrx_word' id='word_1_115' title='bbox 924 1215 980 1261; x_wconf 91' lang='lat' dir='ltr'>de</span> <span class='ocrx_word' id='word_1_116' title='bbox 1014 1214 1328 1279; x_wconf 89' lang='lat' dir='ltr'>impedimento</span> <span class='ocrx_word' id='word_1_117' title='bbox 1355 1215 1622 1278; x_wconf 79' lang='lat' dir='ltr'>consangui—</span> 
     </span>
     <span class='ocr_line' id='line_1_15' title="bbox 147 1289 1624 1354; baseline -0.001 -16"><span class='ocrx_word' id='word_1_118' title='bbox 147 1292 324 1339; x_wconf 88' lang='lat' dir='ltr'>neitatis</span> <span class='ocrx_word' id='word_1_119' title='bbox 348 1302 390 1339; x_wconf 92' lang='lat' dir='ltr'>et</span> <span class='ocrx_word' id='word_1_120' title='bbox 413 1291 664 1347; x_wconf 84' lang='lat' dir='ltr'>affinitatis,</span> <span class='ocrx_word' id='word_1_121' title='bbox 692 1290 869 1337; x_wconf 91' lang='lat' dir='ltr'>demum</span> <span class='ocrx_word' id='word_1_122' title='bbox 888 1291 934 1336; x_wconf 92' lang='lat' dir='ltr'>in</span> <span class='ocrx_word' id='word_1_123' title='bbox 953 1307 1049 1354; x_wconf 90' lang='lat' dir='ltr'>cap.</span> <span class='ocrx_word' id='word_1_124' title='bbox 1070 1290 1233 1335; x_wconf 91' lang='lat' dir='ltr'><strong>XLVII.</strong></span> <span class='ocrx_word' id='word_1_125' title='bbox 1258 1289 1437 1353; x_wconf 84' lang='lat' dir='ltr'>abrogat</span> <span class='ocrx_word' id='word_1_126' title='bbox 1453 1289 1624 1337; x_wconf 88' lang='lat' dir='ltr'>ludicra</span> 
     </span>
     <span class='ocr_line' id='line_1_16' title="bbox 144 1366 1622 1433; baseline -0.001 -18"><span class='ocrx_word' id='word_1_127' title='bbox 144 1369 365 1433; x_wconf 91' lang='lat' dir='ltr'>quaedam</span> <span class='ocrx_word' id='word_1_128' title='bbox 397 1369 492 1415; x_wconf 88' lang='lat' dir='ltr'>fieri</span> <span class='ocrx_word' id='word_1_129' title='bbox 522 1367 651 1415; x_wconf 87' lang='lat' dir='ltr'>solita</span> <span class='ocrx_word' id='word_1_130' title='bbox 680 1377 779 1432; x_wconf 89' lang='lat' dir='ltr'>post</span> <span class='ocrx_word' id='word_1_131' title='bbox 814 1367 1166 1414; x_wconf 88' lang='lat' dir='ltr'>coniunctionem</span> <span class='ocrx_word' id='word_1_132' title='bbox 1207 1366 1523 1413; x_wconf 89' lang='lat' dir='ltr'>sacerdotalem</span> <span class='ocrx_word' id='word_1_133' title='bbox 1545 1366 1622 1413; x_wconf 48' lang='lat' dir='ltr'>*ab</span> 
     </span>
     <span class='ocr_line' id='line_1_17' title="bbox 146 1443 1317 1506; baseline 0.001 -16"><span class='ocrx_word' id='word_1_134' title='bbox 146 1444 424 1492; x_wconf 87' lang='lat' dir='ltr'>adstantibus</span> <span class='ocrx_word' id='word_1_135' title='bbox 448 1446 491 1506; x_wconf 86' lang='lat'>(3</span> <span class='ocrx_word' id='word_1_136' title='bbox 501 1445 564 1505; x_wconf 77' lang='lat'>4).</span> <span class='ocrx_word' id='word_1_137' title='bbox 914 1450 917 1453; x_wconf 81' lang='grc'><strong><em>’</em></strong></span> <span class='ocrx_word' id='word_1_138' title='bbox 1097 1443 1099 1445; x_wconf 65' lang='grc'><strong>’</strong></span> <span class='ocrx_word' id='word_1_139' title='bbox 1314 1488 1317 1491; x_wconf 92' lang='grc'><em>,</em></span> 
     </span>
    </p>

    <p class='ocr_par' dir='ltr' id='par_1_3' title="bbox 148 1517 1624 2174">
     <span class='ocr_line' id='line_1_18' title="bbox 243 1517 1617 1583; baseline -0.001 -17"><span class='ocrx_word' id='word_1_140' title='bbox 243 1520 353 1567; x_wconf 88' lang='lat' dir='ltr'>Cum</span> <span class='ocrx_word' id='word_1_141' title='bbox 389 1529 532 1566; x_wconf 89' lang='lat' dir='ltr'>autem</span> <span class='ocrx_word' id='word_1_142' title='bbox 573 1519 693 1566; x_wconf 90' lang='lat' dir='ltr'>solae</span> <span class='ocrx_word' id='word_1_143' title='bbox 725 1519 815 1566; x_wconf 89' lang='lat' dir='ltr'>sint</span> <span class='ocrx_word' id='word_1_144' title='bbox 848 1535 960 1583; x_wconf 89' lang='lat' dir='ltr'>quas</span> <span class='ocrx_word' id='word_1_145' title='bbox 994 1517 1284 1582; x_wconf 85' lang='lat' dir='ltr'>expendimus</span> <span class='ocrx_word' id='word_1_146' title='bbox 1320 1517 1617 1573; x_wconf 83' lang='lat' dir='ltr'>auctoritates,</span> 
     </span>
     <span class='ocr_line' id='line_1_19' title="bbox 148 1586 1624 1660; baseline -0.002 -18"><span class='ocrx_word' id='word_1_147' title='bbox 148 1595 311 1660; x_wconf 90' lang='lat' dir='ltr'>quibus</span> <span class='ocrx_word' id='word_1_148' title='bbox 336 1586 482 1642; x_wconf 86' lang='lat' dir='ltr'>Canus</span> <span class='ocrx_word' id='word_1_149' title='bbox 507 1595 710 1641; x_wconf 87' lang='lat' dir='ltr'>innititur</span> <span class='ocrx_word' id='word_1_150' title='bbox 734 1605 781 1641; x_wconf 92' lang='lat' dir='ltr'>ut</span> <span class='ocrx_word' id='word_1_151' title='bbox 808 1594 1076 1641; x_wconf 86' lang='lat' dir='ltr'>demonstret</span> <span class='ocrx_word' id='word_1_152' title='bbox 1104 1594 1215 1640; x_wconf 90' lang='lat' dir='ltr'>alios</span> <span class='ocrx_word' id='word_1_153' title='bbox 1251 1593 1494 1640; x_wconf 90' lang='lat' dir='ltr'>sententiae</span> <span class='ocrx_word' id='word_1_154' title='bbox 1517 1610 1624 1640; x_wconf 88' lang='lat' dir='ltr'>suae</span> 
     </span>
     <span class='ocr_line' id='line_1_20' title="bbox 149 1662 1622 1737; baseline -0.003 -19"><span class='ocrx_word' id='word_1_155' title='bbox 149 1662 420 1736; x_wconf 86' lang='lat' dir='ltr'>praeivisse,</span> <span class='ocrx_word' id='word_1_156' title='bbox 449 1689 592 1737; x_wconf 91' lang='lat' dir='ltr'>neque</span> <span class='ocrx_word' id='word_1_157' title='bbox 611 1672 735 1736; x_wconf 91' lang='lat' dir='ltr'>ipsae</span> <span class='ocrx_word' id='word_1_158' title='bbox 759 1688 850 1717; x_wconf 91' lang='lat' dir='ltr'>rem</span> <span class='ocrx_word' id='word_1_159' title='bbox 873 1670 1135 1725; x_wconf 85' lang='lat' dir='ltr'>conficiant,</span> <span class='ocrx_word' id='word_1_160' title='bbox 1170 1669 1278 1734; x_wconf 88' lang='lat' dir='ltr'>quin</span> <span class='ocrx_word' id='word_1_161' title='bbox 1311 1669 1443 1716; x_wconf 91' lang='lat' dir='ltr'>etiam</span> <span class='ocrx_word' id='word_1_162' title='bbox 1478 1668 1622 1715; x_wconf 90' lang='lat' dir='ltr'>eidem</span> 
     </span>
     <span class='ocr_line' id='line_1_21' title="bbox 148 1745 1623 1813; baseline -0.003 -19"><span class='ocrx_word' id='word_1_163' title='bbox 148 1748 394 1795; x_wconf 81' lang='lat' dir='ltr'>contrariae</span> <span class='ocrx_word' id='word_1_164' title='bbox 429 1748 541 1804; x_wconf 87' lang='lat' dir='ltr'>sint,</span> <span class='ocrx_word' id='word_1_165' title='bbox 575 1758 724 1813; x_wconf 87' lang='lat' dir='ltr'>aperte</span> <span class='ocrx_word' id='word_1_166' title='bbox 753 1746 1038 1811; x_wconf 88' lang='lat' dir='ltr'>consequitur</span> <span class='ocrx_word' id='word_1_167' title='bbox 1067 1747 1213 1811; x_wconf 91' lang='lat' dir='ltr'>ipsum</span> <span class='ocrx_word' id='word_1_168' title='bbox 1249 1762 1400 1792; x_wconf 84' lang='lat' dir='ltr'>revera</span> <span class='ocrx_word' id='word_1_169' title='bbox 1433 1745 1623 1809; x_wconf 92' lang='lat' dir='ltr'>primum</span> 
     </span>
     <span class='ocr_line' id='line_1_22' title="bbox 154 1821 1621 1888; baseline -0.002 -19"><span class='ocrx_word' id='word_1_170' title='bbox 154 1824 339 1871; x_wconf 88' lang='lat' dir='ltr'>omnino</span> <span class='ocrx_word' id='word_1_171' title='bbox 361 1824 501 1872; x_wconf 84' lang='lat' dir='ltr'>fuisse</span> <span class='ocrx_word' id='word_1_172' title='bbox 524 1825 570 1870; x_wconf 91' lang='lat' dir='ltr'>in</span> <span class='ocrx_word' id='word_1_173' title='bbox 595 1824 783 1871; x_wconf 86' lang='lat' dir='ltr'>ecclesia</span> <span class='ocrx_word' id='word_1_174' title='bbox 805 1824 885 1870; x_wconf 90' lang='lat' dir='ltr'>Dei</span> <span class='ocrx_word' id='word_1_175' title='bbox 905 1862 914 1880; x_wconf 93' lang='lat'>,</span> <span class='ocrx_word' id='word_1_176' title='bbox 943 1824 1018 1888; x_wconf 92' lang='lat' dir='ltr'>qui</span> <span class='ocrx_word' id='word_1_177' title='bbox 1045 1840 1201 1870; x_wconf 88' lang='lat' dir='ltr'>novam</span> <span class='ocrx_word' id='word_1_178' title='bbox 1231 1822 1347 1868; x_wconf 90' lang='lat' dir='ltr'>hanc</span> <span class='ocrx_word' id='word_1_179' title='bbox 1376 1821 1621 1868; x_wconf 84' lang='lat' dir='ltr'>doctrinam</span> 
     </span>
     <span class='ocr_line' id='line_1_23' title="bbox 152 1898 1621 1953; baseline -0.001 -9"><span class='ocrx_word' id='word_1_180' title='bbox 152 1899 363 1947; x_wconf 85' lang='lat' dir='ltr'>invexerit</span> <span class='ocrx_word' id='word_1_181' title='bbox 384 1901 440 1948; x_wconf 91' lang='lat' dir='ltr'>de</span> <span class='ocrx_word' id='word_1_182' title='bbox 463 1901 690 1948; x_wconf 89' lang='lat' dir='ltr'>sacerdote</span> <span class='ocrx_word' id='word_1_183' title='bbox 723 1901 986 1948; x_wconf 84' lang='lat' dir='ltr'>sacramenti</span> <span class='ocrx_word' id='word_1_184' title='bbox 1016 1899 1283 1946; x_wconf 89' lang='lat' dir='ltr'>matrimonii</span> <span class='ocrx_word' id='word_1_185' title='bbox 1308 1898 1510 1944; x_wconf 89' lang='lat' dir='ltr'>ministro</span> <span class='ocrx_word' id='word_1_186' title='bbox 1526 1935 1535 1953; x_wconf 86' lang='lat'>,</span> <span class='ocrx_word' id='word_1_187' title='bbox 1570 1913 1621 1943; x_wconf 87' lang='lat' dir='ltr'>ac</span> 
     </span>
     <span class='ocr_line' id='line_1_24' title="bbox 154 1966 1624 2038; baseline -0.002 -18"><span class='ocrx_word' id='word_1_188' title='bbox 154 1966 385 2038; x_wconf 82' lang='lat' dir='ltr'>propterea</span> <span class='ocrx_word' id='word_1_189' title='bbox 414 1976 469 2024; x_wconf 95' lang='lat' dir='ltr'>de</span> <span class='ocrx_word' id='word_1_190' title='bbox 503 1977 702 2024; x_wconf 88' lang='lat' dir='ltr'>inaudita</span> <span class='ocrx_word' id='word_1_191' title='bbox 737 1977 948 2024; x_wconf 88' lang='lat' dir='ltr'>hactenus</span> <span class='ocrx_word' id='word_1_192' title='bbox 969 1976 1073 2024; x_wconf 87' lang='lat' dir='ltr'>reali</span> <span class='ocrx_word' id='word_1_193' title='bbox 1093 1975 1376 2022; x_wconf 90' lang='lat' dir='ltr'>distinctione</span> <span class='ocrx_word' id='word_1_194' title='bbox 1414 1973 1527 2019; x_wconf 89' lang='lat' dir='ltr'>inter</span> <span class='ocrx_word' id='word_1_195' title='bbox 1560 1972 1624 2018; x_wconf 93' lang='lat' dir='ltr'>ci-</span> 
     </span>
     <span class='ocr_line' id='line_1_25' title="bbox 154 2048 1621 2112; baseline -0.001 -16"><span class='ocrx_word' id='word_1_196' title='bbox 154 2050 284 2097; x_wconf 90' lang='lat' dir='ltr'>vilem</span> <span class='ocrx_word' id='word_1_197' title='bbox 320 2053 585 2099; x_wconf 88' lang='lat' dir='ltr'>matrimonii</span> <span class='ocrx_word' id='word_1_198' title='bbox 620 2063 889 2101; x_wconf 88' lang='lat' dir='ltr'>contractum</span> <span class='ocrx_word' id='word_1_199' title='bbox 923 2063 964 2100; x_wconf 85' lang='lat' dir='ltr'>et</span> <span class='ocrx_word' id='word_1_200' title='bbox 993 2060 1312 2100; x_wconf 87' lang='lat' dir='ltr'>sacramentum</span> <span class='ocrx_word' id='word_1_201' title='bbox 1343 2050 1387 2095; x_wconf 87' lang='lat' dir='ltr'>in</span> <span class='ocrx_word' id='word_1_202' title='bbox 1417 2048 1621 2112; x_wconf 82' lang='lat' dir='ltr'>coniugio</span> 
     </span>
     <span class='ocr_line' id='line_1_26' title="bbox 154 2126 411 2174; baseline 0.004 -2"><span class='ocrx_word' id='word_1_203' title='bbox 154 2126 411 2174; x_wconf 88' lang='lat' dir='ltr'>christiano.</span> 
     </span>
    </p>
   </div>
   <div class='ocr_carea' id='block_1_3' title="bbox 716 2234 1062 2271">
    <p class='ocr_par' dir='ltr' id='par_1_4' title="bbox 716 2234 1062 2271">
     <span class='ocr_line' id='line_1_27' title="bbox 716 2234 1062 2271; baseline -0.003 0"><span class='ocrx_word' id='word_1_204' title='bbox 716 2235 989 2271; x_wconf 85' lang='lat' dir='ltr'><strong>ARTICULUS</strong></span> <span class='ocrx_word' id='word_1_205' title='bbox 1016 2234 1062 2270; x_wconf 90' lang='lat'>11.</span> 
     </span>
    </p>
   </div>
   <div class='ocr_carea' id='block_1_4' title="bbox 643 2330 1139 2379">
    <p class='ocr_par' dir='ltr' id='par_1_5' title="bbox 643 2330 1139 2379">
     <span class='ocr_line' id='line_1_28' title="bbox 643 2330 1139 2379; baseline -0.002 -11"><span class='ocrx_word' id='word_1_206' title='bbox 643 2330 880 2378; x_wconf 85' lang='lat' dir='ltr'>Quaestionis</span> <span class='ocrx_word' id='word_1_207' title='bbox 905 2339 1139 2379; x_wconf 84' lang='lat' dir='ltr'>progressus.</span> 
     </span>
    </p>
   </div>
   <div class='ocr_carea' id='block_1_5' title="bbox 153 2429 1623 2799">
    <p class='ocr_par' dir='ltr' id='par_1_6' title="bbox 153 2429 1623 2799">
     <span class='ocr_line' id='line_1_29' title="bbox 246 2429 1623 2494; baseline -0.001 -18"><span class='ocrx_word' id='word_1_208' title='bbox 246 2429 324 2477; x_wconf 87' lang='lat' dir='ltr'>Vix</span> <span class='ocrx_word' id='word_1_209' title='bbox 368 2430 579 2477; x_wconf 88' lang='lat' dir='ltr'>Melchior</span> <span class='ocrx_word' id='word_1_210' title='bbox 618 2431 763 2478; x_wconf 87' lang='lat' dir='ltr'>Canus</span> <span class='ocrx_word' id='word_1_211' title='bbox 808 2448 964 2478; x_wconf 88' lang='lat' dir='ltr'>novam</span> <span class='ocrx_word' id='word_1_212' title='bbox 1001 2448 1126 2478; x_wconf 88' lang='lat' dir='ltr'>suam</span> <span class='ocrx_word' id='word_1_213' title='bbox 1162 2429 1423 2477; x_wconf 88' lang='lat' dir='ltr'>sententiam</span> <span class='ocrx_word' id='word_1_214' title='bbox 1464 2445 1623 2494; x_wconf 91' lang='lat' dir='ltr'>propo—</span> 
     </span>
     <span class='ocr_line' id='line_1_30' title="bbox 153 2505 1615 2572; baseline -0.002 -19"><span class='ocrx_word' id='word_1_215' title='bbox 153 2516 298 2554; x_wconf 87' lang='lat' dir='ltr'>suerat</span> <span class='ocrx_word' id='word_1_216' title='bbox 335 2506 390 2553; x_wconf 91' lang='lat' dir='ltr'>de</span> <span class='ocrx_word' id='word_1_217' title='bbox 434 2506 659 2554; x_wconf 88' lang='lat' dir='ltr'>sacerdote</span> <span class='ocrx_word' id='word_1_218' title='bbox 703 2508 951 2572; x_wconf 87' lang='lat' dir='ltr'>nuptiarum</span> <span class='ocrx_word' id='word_1_219' title='bbox 997 2506 1338 2554; x_wconf 88' lang='lat' dir='ltr'>christianarum</span> <span class='ocrx_word' id='word_1_220' title='bbox 1383 2505 1585 2555; x_wconf 88' lang='lat' dir='ltr'>ministro</span> <span class='ocrx_word' id='word_1_221' title='bbox 1605 2542 1615 2561; x_wconf 91' lang='lat'>‚</span> 
     </span>
     <span class='ocr_line' id='line_1_31' title="bbox 155 2581 1619 2646; baseline -0.001 -19"><span class='ocrx_word' id='word_1_222' title='bbox 155 2581 297 2646; x_wconf 91' lang='lat' dir='ltr'>deque</span> <span class='ocrx_word' id='word_1_223' title='bbox 331 2582 616 2630; x_wconf 88' lang='lat' dir='ltr'>distinctione</span> <span class='ocrx_word' id='word_1_224' title='bbox 644 2583 758 2630; x_wconf 90' lang='lat' dir='ltr'>inter</span> <span class='ocrx_word' id='word_1_225' title='bbox 791 2593 1059 2631; x_wconf 88' lang='lat' dir='ltr'>contractum</span> <span class='ocrx_word' id='word_1_226' title='bbox 1083 2593 1125 2629; x_wconf 90' lang='lat' dir='ltr'>et</span> <span class='ocrx_word' id='word_1_227' title='bbox 1149 2590 1492 2637; x_wconf 84' lang='lat' dir='ltr'>sacramentum,</span> <span class='ocrx_word' id='word_1_228' title='bbox 1520 2597 1619 2627; x_wconf 90' lang='lat' dir='ltr'>cum</span> 
     </span>
     <span class='ocr_line' id='line_1_32' title="bbox 156 2656 1622 2723; baseline 0.001 -22"><span class='ocrx_word' id='word_1_229' title='bbox 156 2657 414 2715; x_wconf 88' lang='lat' dir='ltr'>nonnullos,</span> <span class='ocrx_word' id='word_1_230' title='bbox 436 2659 498 2705; x_wconf 88' lang='lat' dir='ltr'>uti</span> <span class='ocrx_word' id='word_1_231' title='bbox 519 2659 591 2716; x_wconf 87' lang='lat' dir='ltr'>fit,</span> <span class='ocrx_word' id='word_1_232' title='bbox 615 2658 734 2706; x_wconf 93' lang='lat' dir='ltr'>illico</span> <span class='ocrx_word' id='word_1_233' title='bbox 758 2660 826 2706; x_wconf 92' lang='lat' dir='ltr'>sui</span> <span class='ocrx_word' id='word_1_234' title='bbox 852 2659 1000 2723; x_wconf 89' lang='lat' dir='ltr'>placiti</span> <span class='ocrx_word' id='word_1_235' title='bbox 1025 2657 1364 2722; x_wconf 88' lang='lat' dir='ltr'>adstipulatores</span> <span class='ocrx_word' id='word_1_236' title='bbox 1394 2656 1622 2703; x_wconf 91' lang='lat' dir='ltr'>nancisce-</span> 
     </span>
     <span class='ocr_line' id='line_1_33' title="bbox 157 2729 1620 2799; baseline 0.001 -23"><span class='ocrx_word' id='word_1_237' title='bbox 157 2742 299 2789; x_wconf 83' lang='lat' dir='ltr'>retur,</span> <span class='ocrx_word' id='word_1_238' title='bbox 338 2733 560 2799; x_wconf 90' lang='lat' dir='ltr'>plerisque</span> <span class='ocrx_word' id='word_1_239' title='bbox 594 2745 739 2781; x_wconf 85' lang='lat' dir='ltr'>tamen</span> <span class='ocrx_word' id='word_1_240' title='bbox 773 2734 917 2780; x_wconf 88' lang='lat' dir='ltr'>eidem</span> <span class='ocrx_word' id='word_1_241' title='bbox 960 2731 1375 2780; x_wconf 87' lang='lat' dir='ltr'>contradicentibus.</span> <span class='ocrx_word' id='word_1_242' title='bbox 1408 2733 1518 2780; x_wconf 90' lang='lat' dir='ltr'>Nam</span> <span class='ocrx_word' id='word_1_243' title='bbox 1552 2729 1620 2779; x_wconf 87' lang='lat' dir='ltr'>vel</span> 
     </span>
    </p>
   </div>
   <div class='ocr_carea' id='block_1_6' title="bbox 250 2837 1219 2878">
    <p class='ocr_par' dir='ltr' id='par_1_7' title="bbox 250 2837 1219 2878">
     <span class='ocr_line' id='line_1_34' title="bbox 250 2837 1219 2878; baseline 0.001 -9"><span class='ocrx_word' id='word_1_244' title='bbox 250 2837 315 2877; x_wconf 72' lang='lat'>(34)</span> <span class='ocrx_word' id='word_1_245' title='bbox 336 2838 386 2870; x_wconf 79' lang='lat' dir='ltr'>Cf.</span> <span class='ocrx_word' id='word_1_246' title='bbox 403 2840 489 2871; x_wconf 75' lang='lat' dir='ltr'>Acta</span> <span class='ocrx_word' id='word_1_247' title='bbox 504 2839 626 2872; x_wconf 73' lang='lat' dir='ltr'>concil.</span> <span class='ocrx_word' id='word_1_248' title='bbox 647 2839 804 2871; x_wconf 72' lang='lat' dir='ltr'>nerduini</span> <span class='ocrx_word' id='word_1_249' title='bbox 821 2840 898 2871; x_wconf 89' lang='lat' dir='ltr'>tom.</span> <span class='ocrx_word' id='word_1_250' title='bbox 917 2841 969 2871; x_wconf 85' lang='grc' dir='ltr'>ΙΧ.</span> <span class='ocrx_word' id='word_1_251' title='bbox 982 2839 1043 2871; x_wconf 88' lang='lat' dir='ltr'>col.</span> <span class='ocrx_word' id='word_1_252' title='bbox 1061 2843 1140 2872; x_wconf 79' lang='lat'><strong>2010</strong></span> <span class='ocrx_word' id='word_1_253' title='bbox 1152 2847 1219 2878; x_wconf 84' lang='lat' dir='ltr'>seq.</span> 
     </span>
    </p>
   </div>
  </div>
 </body>
</html>
