1918 3186
273 239 365 271 CAP.
391 239 420 271 1.
449 237 540 270 ΛΒΤ.
565 238 594 269 Ι.
619 237 670 268 ΒΕ
705 237 906 270 ventura
926 238 1100 269 smum.
1124 237 1177 269 RK
1196 238 1312 269 Ecct..
1335 236 1480 269 noem.
1587 222 1611 266 3

143 330 242 366 ctae
267 328 371 365 sunt
403 317 447 363 in
477 315 664 364 concilio
690 325 734 361 et
761 316 1028 380 approbatae
1055 315 1192 364 veluti
1217 332 1365 363 veram
1389 315 1617 363 continen—

146 407 213 442 tes
248 395 379 442 fidem
398 430 409 449 ,
445 410 579 458 quam
614 391 779 457 pariter
819 392 994 440 tenebat
1027 392 1400 458 profitebaturque
1434 403 1619 456 utraque

145 470 335 518 ecclesia
363 470 449 531 (3).
483 468 599 531 Ergo
632 467 869 533 utriusque
907 468 1122 516 ecclesiae
1162 467 1390 517 orientalis
1428 479 1472 516 et
1503 468 1619 516 occi-

146 545 340 594 dentalis
374 562 597 593 consensu
634 555 857 609 tamquam
893 544 995 590 fidei
1031 545 1191 608 dogma
1225 562 1315 592 sec.
1336 545 1454 592 XIII.
1486 544 1621 592 habe—

147 622 278 670 batur
309 621 638 669 matrimonium
672 638 772 668 esse
799 638 903 668 vere
928 632 972 668 et
999 621 1174 686 proprie
1208 639 1345 669 unum
1371 637 1426 669 ex
1451 631 1619 686 septem

144 698 435 747 sacramentis
470 715 495 744 a
529 697 707 745 Christo
741 696 964 745 Salvatore
997 707 1149 744 nostro
1182 697 1447 745 institutum.

242 775 337 822 Non
380 774 529 821 minus
574 773 844 821 luculentum
891 773 1085 839 suppetit
1129 773 1440 821 documentum
1486 774 1620 821 huius

149 852 251 899 fidei
306 868 423 899 saec.
468 851 565 897 XII.
611 852 720 897 Nam
767 850 927 897 Lucius
975 851 1053 896 111.
1107 850 1182 916 qui
1230 850 1464 898 ecclesiam
1513 851 1622 899 rexit

145 945 219 976 an.
261 929 401 974 1181.
435 927 481 974 in
516 926 706 975 concilio
738 926 932 973 Veronae
958 924 1186 974 ¹celebrato
1212 946 1236 970 α
1259 926 1522 982 Universos,
1556 927 1623 973 in-

146 1004 269 1068 quit,
297 1003 375 1069 qui
401 1003 457 1050 de
481 1004 755 1051 sacramento
771 1000 968 1067 corporis
985 1013 1029 1049 et
1046 1003 1276 1065 sanguinis
1295 1003 1348 1048 D.
1368 1004 1419 1050 N.
1438 1004 1471 1049 l.
1495 1002 1623 1050 Chri-

145 1080 230 1135 sti,
267 1080 336 1127 vel
365 1080 423 1126 de
454 1079 739 1143 baptismate,
787 1095 865 1125 seu
906 1078 962 1126 de
996 1090 1274 1144 peccatorum
1318 1079 1616 1135 confessione,

148 1157 444 1210 matrimonio,
487 1155 559 1202 vel
594 1155 778 1220 reliquis
825 1155 1139 1203 ecclesiasticis
1175 1156 1461 1203 sacramentis
1496 1156 1626 1203 aliter

149 1232 331 1289 sentire,
359 1245 434 1279 aut
457 1233 615 1279 docere
638 1249 726 1279 non
750 1242 971 1289 metuunt,
994 1250 1128 1297 quam
1147 1244 1429 1280 sacrosancta
1448 1249 1626 1280 romana

144 1309 336 1357 ecclesia
359 1310 583 1375 praedicat
608 1319 652 1355 et
675 1308 880 1356 observat
895 1348 904 1365 ,
929 1347 935 1355 .
958 1348 965 1355 .
991 1305 1193 1356 ‚vinculo
1219 1310 1417 1374 perpetui
1442 1309 1625 1357 anathe-

149 1386 278 1433 matis
312 1386 577 1433 innodamus
615 1387 748 1447 (4).»

244 1463 309 1509 Ex
343 1462 429 1510 hac
460 1463 629 1528 epocha
662 1461 846 1509 ulterius
887 1473 1171 1526 assurgentes
1205 1460 1277 1510 ad*
1298 1463 1518 1511 anteriora
1553 1481 1626 1511 se-

145 1538 248 1586 cula
282 1538 441 1585 seriem
476 1538 719 1604 reperimus
756 1539 801 1585 in
829 1538 1017 1586 ecelesia
1048 1539 1181 1586 latina
1211 1539 1418 1587 ordinum
1453 1539 1509 1587 ad
1548 1538 1624 1587 be-

150 1615 419 1663 nedicendas
453 1615 655 1681 nuptias,
686 1626 730 1663 et
764 1616 809 1662 in
842 1615 1032 1663 ecclesia
1070 1630 1227 1678 graeca
1263 1615 1622 1680 euchologiorum

149 1692 280 1738 ritum
314 1690 519 1739 eumdem
554 1692 872 1740 exhibentium.

244 1768 387 1833 Atque
431 1779 479 1815 ut
512 1768 568 1815 ab
600 1768 789 1817 ecclesia
827 1767 962 1816 latina
1015 1784 1094 1816 seu
1135 1769 1397 1817 occidentali
1450 1769 1624 1817 initium

150 1862 402 1901 sumamus,
437 1846 677 1892 Martenius
712 1845 966 1911 quindecim
998 1845 1161 1910 profert
1199 1846 1369 1893 ordines
1408 1845 1627 1909 antiquis-

120 1924 123 1927 ’
153 1920 288 1968 simos
318 1939 428 1969 mss.
463 1921 520 1968 ad
549 1921 749 1969 diversas
784 1932 1034 1987 spectantes
1062 1921 1296 1978 ecclesias,
1328 1939 1442 1986 quae
1481 1939 1628 1986 perve-

154 1995 279 2043 niunt
295 2014 437 2062 usque
460 1998 514 2045 ad
540 1999 932 2045 Sacramenlarium
954 1998 1228 2062 gelasianum
1247 1997 1501 2045 an.scilicet
1515 1999 1620 2045 496.

254 2166 297 2204 (3)
322 2165 448 2204 Legitur
461 2166 545 2196 enim
561 2166 638 2197 ibid.
652 2180 666 2193 ιι
678 2166 863 2207 subscripta
877 2167 950 2198 tidei
961 2167 1095 2198 veritate
1107 2167 1221 2206 (prout
1231 2165 1325 2205 piane
1339 2165 1420 2197 tecta
1429 2167 1479 2197 est
1491 2165 1628 2198 fideliter

146 2217 324 2258 exposita)
351 2226 485 2257 veram,
516 2219 682 2258 sanctam,
714 2219 905 2251 catholicam
933 2221 966 2251 et
986 2219 1201 2250 orthodoxam
1227 2217 1323 2250 fidem
1347 2219 1571 2259 cognoscimus
1598 2223 1628 2250 et

155 2272 376 2311 acceptamus,
401 2273 432 2302 et
454 2279 526 2310 ore,
550 2279 587 2302 ac
613 2270 713 2303 corde
733 2271 942 2311 confitemur,
966 2272 1053 2312 quod
1079 2281 1153 2304 vere
1174 2272 1260 2304 tenet
1279 2280 1318 2304 ac
1338 2271 1476 2304 fideliter
1488 2273 1583 2304 docet
1597 2275 1629 2304 et

154 2322 317 2363 praedicat
330 2325 441 2355 sancta
456 2332 589 2355 romana
603 2324 771 2356 ecclesia.»

255 2375 300 2417 (4)
323 2378 359 2408 ln
373 2376 521 2416 decreto,
537 2376 624 2417 quod
642 2377 756 2417 incipit
770 2376 822 2410 Ad
837 2377 1062 2417 abolendum,
1078 2380 1112 2410 et
1123 2377 1258 2410 refertur
1271 2379 1362 2410 extr.
1380 2377 1423 2409 de
1435 2377 1627 2409 haereticis.

158 2431 200 2460 De
212 2437 277 2469 quo
291 2428 430 2460 concilio
445 2428 487 2460 cf.
498 2428 655 2470 Ampliss.
668 2428 801 2461 collect.
814 2429 937 2462 concil.
947 2431 1094 2462 venetam
1109 2433 1199 2462 1778.
1210 2431 1397 2462 tom.xxil.
1407 2430 1627 2462 mistim-494.

155 2483 223 2513 Hoc
246 2481 375 2514 decreto
402 2481 476 2514 ferit
496 2482 615 2514 Lucius
636 2482 694 2514 111.
721 2482 804 2514 inter
832 2484 955 2515 ceteros
976 2483 1074 2515 etiam
1101 2492 1274 2525 pauperes
1297 2482 1546 2524 luydunemes,
1574 2491 1629 2515 seu

155 2535 338 2575 vuidonem,
361 2536 417 2576 qui
442 2535 517 2568 licet
545 2535 636 2568 varia
660 2535 785 2568 ratione
807 2537 984 2568 erraverint
1001 2537 1088 2570 circa
1106 2538 1324 2576 sacramenta,
1341 2538 1482 2568 attamen
1499 2537 1623 2568 certum

154 2589 203 2619 est
229 2596 269 2619 ex
293 2596 405 2620 eornm
437 2587 639 2620 documentis
669 2589 913 2620 matrimonium
945 2590 1030 2621 inter
1059 2592 1259 2622 sacramenta
1292 2589 1472 2620 retinuisse.
1504 2590 1629 2620 Etenim

155 2642 281 2680 praeter
307 2650 405 2682 quam
430 2641 518 2682 quod
549 2644 662 2673 auctor
688 2642 847 2682 poematis
867 2644 915 2674 La
938 2642 1042 2674 nobla
1063 2645 1192 2683 Leyzon
1213 2642 1418 2674 commendat
1441 2641 1629 2674 fidelitatem

158 2693 189 2723 in
212 2694 373 2734 coniugio,
389 2693 477 2733 quod
490 2694 630 2734 appellat
651 2694 797 2726 nobilem
820 2697 1038 2727 contractum
1056 2694 1198 2726 scribens
1214 2702 1245 2725 v.
1258 2699 1308 2726 88.
1329 2693 1459 2726 Gardes
1464 2693 1562 2733 serm
1581 2694 1628 2726 les

157 2746 380 2786 matrimoni,
398 2755 421 2778 a
442 2746 524 2787 quel
547 2746 647 2778 noble
670 2749 843 2786 convenl;
868 2747 1024 2788 Epistola
1043 2745 1146 2786 suieli
1173 2746 1269 2779 docet
1298 2747 1539 2779 matrimonium
1561 2756 1630 2779 esse

159 2798 326 2837 quartum
352 2801 607 2831 sacramencum
634 2798 687 2838 Cf.
708 2801 829 2840 Herzog
854 2802 911 2832 Les
934 2800 1083 2832 Vaudais
1104 2800 1152 2832 (Iu
1178 2808 1295 2841 neoyen
1311 2800 1384 2841 dyc.
1402 2802 1478 2832 Ver.
1497 2809 1534 2831 ex
1553 2800 1628 2839 ling.

156 2849 339 2886 germanica
364 2849 396 2881 in
417 2850 566 2882 Annales
588 2850 805 2891 calholiques
824 2851 866 2884 de
890 2851 1030 2883 Gem'me.
1046 2853 1132 2883 Mars
1151 2857 1236 2885 1855.
1256 2861 1326 2892 pag.
1342 2858 1402 2885 ⁴285
1416 2861 1482 2892 seq.
