1918 3186
378 213 467 244 cAr.
491 213 520 243 1.
543 213 595 243 m:
630 211 802 244 nram.
833 212 980 245 clvms
1014 211 1190 245 mrum.
1215 212 1307 244 Aur.
1331 213 1360 244 1.
1525 195 1613 242 207

151 301 282 355 prout
316 290 428 336 inter
462 289 663 336 infideles
704 288 916 336 celebrari
952 289 1075 338 solet'
1095 307 1242 338 coram
1287 288 1620 353 magistratibus

150 366 357 414 civilibus
374 403 384 422 ‚
413 376 489 412 aut
511 365 669 413 saltem
693 365 750 413 ad
773 382 972 413 normam
1007 366 1202 414 civilium
1236 365 1383 430 legum
1401 403 1411 423 ‚
1443 366 1482 413 si
1506 383 1621 430 quae

152 444 245 491 sint
261 441 549 490 constitutae:
570 441 789 490 eiusmodi
813 442 932 488 enim
956 442 1164 506 coniugia
1187 459 1240 489 ex
1263 442 1519 490 Innocentio
1537 442 1615 488 111.

151 519 256 567 licet
287 528 386 566 rata
419 534 508 564 non
542 518 655 573 sint,
695 529 800 565 sunt
833 529 978 565 tamen
1013 536 1131 565 vera.
1156 520 1307 583 Neque
1328 518 1462 566 etiam
1485 535 1623 583 quae-

150 595 238 642 stio
271 594 463 657 agitatur
484 593 540 640 de
562 594 853 642 matrimoniis
871 632 881 651 ,
910 611 1027 659 quae
1049 611 1076 641 a
1099 593 1307 642 fidelibus
1337 595 1451 659 ipsis
1474 611 1621 642 coram

149 669 269 718 civili
291 670 551 733 magistratu
567 708 577 727 ‚
599 681 676 718 aut
698 670 787 718 alia
810 670 979 718 ratione
1000 669 1320 718 contrahuntur
1341 671 1397 718 iis
1420 671 1467 717 in
1491 670 1617 728 locis,

149 745 227 792 ubi
262 746 550 793 tridentinum
584 746 808 793 decretum
831 764 918 794 non
943 756 1012 794 est
1033 744 1334 811 publicatum:
1369 747 1531 794 etenim
1565 747 1622 794 iis

150 821 196 868 in
230 821 341 869 locis
375 821 596 869 eiusmodi
630 822 837 885 coniugia
870 832 914 869 et
943 839 1048 869 vera
1081 832 1185 869 sunt
1217 832 1260 869 et
1291 831 1416 876 rata,
1454 838 1535 869 seu
1568 838 1624 870 eo

151 897 267 961 ipso,
295 898 415 962 quod
439 898 530 946 sint
551 898 735 961 legitimi
760 909 1028 955 contractus⁷
1044 898 1149 946 sunt
1170 897 1302 945 etiam
1325 908 1618 945 sacramenta.

153 973 367 1029 Quaestio
389 974 526 1037 igitur
554 984 624 1022 est
645 974 701 1021 de
723 975 1015 1022 matrimoniis
1044 973 1252 1022 civilibus
1276 973 1321 1020 in
1345 973 1455 1021 locis
1475 971 1619 1030 initis,

151 1050 198 1096 in
222 1049 387 1114 quibus
412 1061 513 1114 post
536 1050 762 1097 tridentini
792 1051 956 1098 decreti
990 1050 1332 1115 publicationem
1350 1087 1361 1106 ,
1399 1049 1624 1098 matrimo-

151 1125 275 1172 nium
308 1126 407 1173 sine
441 1126 623 1190 parochi
653 1127 904 1191 praesentia
936 1125 1225 1183 celebratum,
1249 1143 1342 1174 non
1365 1126 1510 1174 solum
1534 1143 1622 1174 non

150 1211 219 1249 est
265 1213 591 1249 sacramentum
619 1240 629 1259 ‚
679 1202 758 1250 sed
802 1221 945 1267 neque
985 1213 1235 1250 contractus
1264 1241 1274 1260 ,
1323 1202 1624 1251 abstrahendo

149 1277 284 1325 etiam
301 1295 329 1324 a
349 1278 610 1342 quaestione
642 1279 850 1326 sacerdos
873 1296 950 1335 ne,
978 1296 1035 1325 an
1068 1295 1171 1326 vero
1204 1278 1512 1326 contrahentes
1546 1279 1625 1325 mi-

150 1355 280 1402 nistri
313 1355 404 1402 sint
436 1356 718 1403 sacramenti.
747 1356 813 1402 De
835 1355 908 1402 his
934 1354 1143 1403 civilibus
1170 1355 1626 1404 connubiis2affirma-

153 1448 254 1478 mus
272 1469 283 1488 ,
322 1449 374 1478 ea
407 1432 651 1496 spectanda
683 1449 784 1480 esse
807 1443 850 1479 et
873 1431 1078 1479 habenda
1095 1470 1105 1488 ‚
1134 1444 1265 1496 prout
1297 1444 1428 1489 sunt,
1456 1442 1550 1480 tum
1578 1433 1624 1479 in

153 1523 222 1564 se,
252 1518 345 1554 tum
378 1508 424 1554 in
459 1508 571 1555 facie
604 1508 834 1564 ecclesiae,
863 1518 1089 1572 tamquam
1124 1518 1266 1572 turpes
1299 1508 1620 1556 concubinatus.

248 1583 373 1630 Hanc
404 1601 509 1632 vero
542 1584 776 1632 formulam
810 1583 868 1631 ad
901 1583 1090 1632 litteram
1124 1584 1400 1633 desumimus
1427 1586 1482 1632 ex
1504 1584 1625 1633 Allo-

151 1660 344 1717 cutione,
375 1678 511 1725 quam
539 1661 643 1708 Pius
662 1661 735 1707 IX.
752 1660 910 1708 habuit
935 1661 992 1708 ad
1016 1672 1164 1725 patres
1187 1660 1437 1709 cardinales
1451 1661 1525 1709 die
1543 1662 1621 1708 27.

152 1736 272 1800 Sept.
303 1753 375 1783 an.
400 1738 542 1783 1852.
566 1738 612 1783 in
636 1754 726 1801 qua
755 1737 980 1784 disserens
1009 1737 1066 1783 de
1098 1737 1194 1800 lege
1219 1738 1264 1783 in
1293 1737 1483 1785 comitiis
1514 1738 1626 1785 Neo-

152 1813 430 1874 granatensis
464 1812 737 1877 reipublicae
760 1814 987 1878 proposita
1010 1814 1128 1860 circa
1150 1814 1429 1861 matrimonia
1452 1813 1620 1870 civilia,

155 1889 463 1951 pronunciavit
489 1909 511 1934 «
533 1889 762 1936 Neminem
784 1907 838 1937 ex
860 1890 1092 1938 cathelicis
1126 1889 1353 1952 ignorare,
1390 1900 1469 1936 aut
1500 1890 1626 1952 igno·-

154 1981 253 2011 rare
292 1981 450 2028 posse,
481 1966 811 2013 matrimonium
845 1983 946 2014 esse
978 1983 1079 2014 vere
1112 1976 1156 2013 et
1188 1965 1367 2030 proprie
1399 1982 1537 2012 unum
1570 1982 1625 2012 ex

156 2045 328 2104 septem
374 2041 655 2104 evangelicae
686 2041 798 2104 legis
841 2041 1129 2089 sacramentis
1169 2058 1196 2088 a
1229 2040 1407 2088 Christo
1438 2040 1628 2088 Domino

154 2117 427 2173 institutum,
457 2134 508 2164 ac
533 2128 766 2182 propterea
788 2120 900 2164 inter
922 2118 1067 2181 fideles
1090 2118 1410 2164 matrimonium
1428 2116 1529 2163 dari
1542 2134 1626 2163 non

147 2198 298 2254 posse,
338 2193 445 2256 quin
478 2210 561 2238 uno
594 2192 816 2256 eodemque
844 2203 1023 2257 tempore
1046 2194 1104 2239 sit
1126 2202 1463 2246 sacramentum,
1492 2202 1627 2257 atque

152 2259 319 2315 idcirco
334 2306 344 2325 ,
377 2267 622 2333 quamlibet
642 2268 776 2316 aliam
802 2269 916 2316 inter
941 2268 1209 2316 christianos
1233 2267 1316 2316 viri
1336 2279 1379 2316 et
1395 2267 1593 2316 mulieris
1611 2306 1623 2326 ‚

152 2354 329 2407 praeter
353 2355 678 2391 sacramentum
695 2383 704 2400 ‚
732 2345 1101 2399 coniunctionem,
1141 2344 1461 2408 cuiuscumque
1493 2344 1628 2391 etiam

151 2418 294 2467 civilis
327 2418 439 2482 legis
473 2419 517 2467 vi·
551 2419 734 2476 initam,
774 2418 886 2465 nihil
929 2418 1050 2466 aliud
1095 2435 1196 2466 esse
1238 2418 1326 2465 nisi
1368 2428 1532 2482 turpem
1576 2435 1626 2465 ac

153 2495 374 2541 exitialem
386 2495 714 2542 concubinatum
728 2483 784 2542 ab
795 2494 987 2542 ecclesia
999 2505 1225 2558 tantopere
1233 2493 1491 2541 damnatum
1505 2495 1568 2555 (1)
1581 2513 1622 2538 .»

251 2663 298 2704 (1)
319 2665 390 2697 Hoc
405 2666 515 2705 ipsum
529 2668 594 2698 iam
614 2665 698 2698 vidit
719 2666 770 2697 vir
791 2665 990 2697 acatholicus
1005 2665 1205 2705 Augustinus
1217 2665 1334 2704 Leyser
1353 2663 1498 2696 scribens
1510 2663 1544 2696 in
1556 2665 1625 2697 Me-

94 2744 98 2749 .
153 2715 317 2748 dicatum.
332 2716 380 2748 ad
394 2717 562 2751 Pandect.
579 2720 658 2751 tom.
674 2721 729 2750 IX.
745 2718 884 2758 Specim.
900 2722 971 2750 583.
989 2717 1020 2758 §.
1039 2722 1067 2749 1.
1090 2730 1105 2746 «
1117 2716 1288 2757 popularis
1306 2717 1368 2749 istc
1385 2716 1626 2749 iurisconsulto-

153 2776 225 2800 rum
238 2777 327 2800 error
342 2769 498 2810 originem
512 2771 588 2803 inde
600 2772 717 2810 traxit,
730 2771 818 2811 quod
831 2770 880 2802 ini
892 2770 1112 2802 definitionem
1128 2769 1324 2802 matrimonii
1344 2779 1400 2803 seu
1415 2769 1625 2811 nuptiarum,

152 2829 235 2859 quae
251 2820 284 2852 in
299 2821 368 2853 iure
387 2830 521 2854 romano
548 2822 722 2867 reperitur,
742 2822 829 2863 quod
846 2822 970 2854 scilicet
985 2822 1050 2854 sint
1065 2822 1128 2853 viri
1142 2823 1174 2855 et
1189 2822 1335 2855 mulieris
1349 2821 1533 2856 coniunctio
1545 2820 1626 2854 indi·
