1918 3186
391 224 481 255 cu.
505 223 564 255 Vl.
588 224 640 255 m:
664 223 796 255 mser.
823 224 969 256 conrii.
991 226 1039 256 ετ
1065 223 1180 256 suin.
1210 224 1302 255 ΑΜ.
1324 216 1362 256 ις
1518 209 1609 255 ’1Ἶ9

137 305 183 350 in
217 318 350 351 carne
383 320 490 350 una.
536 302 689 367 ltaque
723 302 811 348 iam
847 320 935 350 non
969 313 1074 350 sunt
1107 302 1212 359 duo,
1250 301 1329 349 sed
1363 318 1452 349 una
1485 318 1606 349 caro.

136 381 265 437 Quod
290 397 394 444 ergo
415 380 536 427 Deus
571 379 826 435 coniunxit,
865 378 998 426 homo
1033 396 1121 427 non
1155 388 1356 443 separet;
1381 398 1403 423 ι)
1432 389 1476 426 et
1497 378 1614 442 Apo-

133 457 275 505 stolus
308 457 338 503 l.
366 474 406 504 c.
440 473 483 503 v.
513 456 571 502 30
611 472 739 520 seqq.
779 454 961 502 scribit:
1009 457 1232 520 «Propter
1271 455 1356 503 hoc
1395 454 1616 520 relinquet

133 534 266 581 homo
288 543 458 598 patrem
487 541 530 578 et
551 541 735 578 matrem
770 549 922 588 suam,
958 542 1001 578 et
1024 531 1284 579 adhaerebit
1316 532 1442 579 uxori
1476 548 1609 589 suae,

131 621 174 656 et
201 618 329 657 erunt
351 608 440 656 duo
464 608 511 654 in
531 626 669 656 carne
694 627 797 656 una.
820 609 1153 656 Sacramentum
1177 609 1262 656 hoc
1285 626 1495 672 magnum
1518 618 1609 656 est:

131 703 214 750 ego
237 695 383 732 autem
407 685 508 733 dico
536 685 582 731 in
601 685 779 733 Christo
802 696 844 733 et
867 686 913 732 in
937 685 1174 734 ecclesia.»
1193 686 1242 731 In
1260 695 1447 750 utroque
1465 695 1612 733 autem

131 772 253 810 textu
278 779 424 809 sermo
447 771 516 809 est
539 761 596 808 de
620 762 786 809 unione
814 761 1037 826 coniugali
1071 761 1315 825 primorum
1350 771 1608 826 parentum;

133 855 236 886 cum
272 838 406 902 igitur
440 838 550 885 haec
588 839 721 894 unio,
760 839 831 886 cui
874 839 1116 886 intrinseca
1157 848 1225 885 est
1266 837 1613 902 repraesentatio

130 915 312 963 unionis
340 915 506 963 Christi
531 932 633 962 cum
656 915 846 964 ecclesia
879 915 1084 978 (futurae
1118 914 1301 979 quidem
1334 914 1482 978 quoad
1518 931 1614 979 pro-

131 1002 382 1056 toparentes
401 1030 411 1047 ,
452 992 540 1038 iam
576 1002 780 1056 peractae
813 1002 959 1039 autem
993 991 1141 1056 quoad
1176 993 1313 1052 nos),
1340 990 1455 1038 sacta
1478 990 1611 1038 fuerit

133 1067 311 1131 signum
347 1068 505 1115 efficax
535 1069 703 1131 gratiae
725 1086 805 1116 seu
829 1078 1154 1116 sacramentum
1179 1067 1294 1115 inter
1316 1067 1610 1121 christianos,

130 1145 386 1192 necessario
427 1145 715 1209 consequitur
748 1162 835 1192 non
869 1144 992 1192 aliud
1026 1162 1129 1192 esse·
1158 1154 1452 1200 contractum,
1490 1143 1613 1191 aliud

130 1237 235 1268 vero
274 1231 603 1268 sacramentum
638 1221 684 1267 in
718 1221 1063 1269 christianorum
1109 1220 1358 1284 coniugiis,
1397 1219 1478 1267 sed
1511 1237 1614 1268 esse

133 1297 283 1362 ipsum
316 1308 588 1346 contractum
624 1298 765 1361 gratia
798 1308 975 1345 auctum
1016 1308 1059 1344 et
1091 1297 1340 1361 praeditum
1370 1314 1452 1361 per
1474 1295 1614 1345 Chri—

135 1383 282 1429 stum;
323 1390 404 1421 seu
439 1374 558 1438 quod
593 1374 711 1421 idem
747 1384 838 1429 est,
877 1373 1166 1437 consequitur
1194 1373 1241 1418 in
1270 1372 1614 1420 christianorum

134 1448 356 1512 coniugali
405 1449 610 1506 foedere,
657 1449 1004 1514 inseparabilem
1048 1466 1230 1513 prorsus
1266 1466 1366 1497 esse
1401 1449 1615 1496 rationem

135 1536 386 1573 contractus
419 1536 463 1573 et
496 1526 788 1582 sacramenti,
827 1543 907 1572 seu
941 1543 1079 1572 unum
1120 1526 1331 1590 idemque
1364 1542 1468 1573 esse
1500 1542 1616 1572 con-

132 1611 320 1648 tractum
354 1611 397 1648 et
430 1611 772 1648 sacramentum.

229 1679 438 1742 insuper:
472 1678 583 1725 illud
620 1678 769 1743 ipsum
803 1678 1131 1726 matrimonium
1166 1679 1330 1727 factum
1365 1689 1434 1727 est
1466 1695 1610 1726 sacra-

130 1766 325 1802 mentum
350 1772 377 1802 a
401 1754 595 1812 Christo,
619 1755 739 1820 quod
757 1755 875 1802 Deus
900 1756 1129 1803 constituit
1145 1756 1199 1803 ab
1219 1757 1362 1802 initio.
1392 1757 1483 1803 lam
1512 1772 1616 1803 vero

131 1830 243 1878 illud
266 1831 597 1880 matrimonium
623 1848 710 1879 non
734 1831 855 1879 aliud
889 1833 972 1879 suit
999 1832 1088 1879 nisi
1123 1831 1223 1897 ipsa
1256 1842 1616 1897 protoparentum

132 1907 350 1956 maritalis
379 1909 632 1956 coniunctio
656 1909 851 1956 referens
874 1909 1065 1956 suturam
1090 1908 1256 1956 Christi
1292 1926 1392 1956 cum
1427 1906 1617 1955 ecclesia

136 1985 532 2042 coniunctionem3
574 2003 680 2049 ergo
721 1986 766 2032 in
807 1985 892 2034 hac
925 1985 1115 2034 maritali
1152 1985 1464 2032 coniunctione
1509 1983 1619 2031 ratio

136 2060 342 2108 consistit
364 2063 630 2109 sacramenti
649 2079 675 2109 a
694 2061 872 2110 Christo
889 2062 1102 2119 instituti;
1125 2072 1258 2126 atque
1281 2061 1446 2108 idcirco
1465 2060 1618 2108 eadem

134 2147 204 2185 est
225 2137 459 2202 utriusque
474 2176 484 2195 ,
512 2130 763 2186 contractus
789 2155 948 2203 nempe
982 2137 1232 2201 coniugalis
1255 2149 1298 2185 et
1322 2137 1613 2191 sacramenti,

139 2215 270 2261 ratio.

231 2292 461 2338 Praeterea
490 2291 599 2338 illud
630 2292 778 2355 ipsum
804 2309 883 2355 per
906 2291 1132 2338 Christum
1157 2290 1319 2337 factum
1345 2299 1412 2337 est
1436 2289 1613 2352 signum

136 2366 295 2431 efficaae
338 2367 535 2430 gratiae,
575 2385 654 2414 seu
690 2367 869 2432 proprie
914 2376 1240 2413 sacramentum
1284 2382 1424 2413 novae
1464 2364 1576 2428 legis
1606 2403 1614 2421 ,

137 2443 257 2507 quod
293 2455 395 2491 ante
429 2444 525 2491 eius
560 2444 799 2492 adventum
834 2453 929 2490 erat
963 2442 1152 2508 simplex
1196 2442 1374 2505 signum
1418 2442 1618 2506 fiqurati-

135 2536 267 2575 vum,
295 2520 360 2566 uti
387 2519 568 2567 scholae
593 2519 854 2585 loquuntur,
883 2518 1064 2566 unionis
1099 2517 1265 2564 Christi
1298 2533 1398 2563 cum
1433 2516 1621 2564 ecclesia

143 2611 252 2652 sua;
281 2607 414 2661 atque
437 2595 523 2644 hac
547 2596 603 2644 de
627 2613 765 2644 causa
790 2595 959 2660 passim
984 2612 1011 2641 a
1035 2593 1235 2658 patribus
1260 2592 1403 2640 latiori
1427 2593 1620 2658 quodam

139 2688 276 2718 sensu
300 2672 417 2720 dicta
441 2684 547 2721 sunt
570 2682 844 2720 sacramenta
866 2681 1062 2719 veterum
1087 2669 1310 2717 connubia
1327 2707 1337 2725 ,
1366 2686 1454 2717 non
1477 2669 1620 2717 solum

140 2746 455 2806 hebraeorum,
492 2766 645 2796 verum
681 2748 812 2795 etiam
846 2758 889 2795 et
923 2747 1121 2811 ipsorum
1156 2746 1432 2795 ethnicorum
1457 2785 1467 2803 ,
1512 2763 1622 2811 qua-

140 2835 293 2879 tenus,
322 2835 370 2871 ut
400 2825 621 2879 diximus,
662 2823 897 2871 inhaerens
933 2833 999 2872 est
1033 2822 1118 2870 hoc
1153 2822 1329 2885 signum
1364 2822 1452 2888 ipsi
1488 2823 1623 2870 mari-

1499 2899 1524 2926 *
