1918 3186
292 143 349 190 18
544 158 625 190 Lm.
655 159 683 189 1.
713 157 825 189 sscr.
854 157 884 186 1.
914 155 966 187 ns
999 155 1173 191 unuln.
1203 154 1484 188 sicniusNTo.

287 234 344 284 ad
367 234 722 289 matrimonium,
751 234 796 278 in
822 248 910 296 qua
934 231 1114 280 docetur
1147 231 1344 296 nuptiale
1378 248 1465 279 non
1500 231 1640 278 fuisse
1662 248 1761 298 my-

285 311 467 360 sterium
503 311 620 372 (54),
638 329 661 354 »
698 324 813 372 quae
846 324 1006 372 nempe
1039 325 1126 355 non
1161 307 1292 355 suerit
1324 307 1519 370 legitimo
1552 307 1759 371 coniugio

283 387 446 436 iuncta.
475 386 547 434 Sic
578 385 709 432 etiam
744 383 911 448 passim
945 384 1100 432 eadem
1133 383 1268 431 hahet
1298 401 1337 431 s.
1366 383 1664 447 Augustinus,
1691 384 1757 433 uti

283 479 383 510 cum
417 461 593 511 scribit:
638 461 759 515 «Per
792 459 876 515 hoc
910 477 1013 523 ergo
1046 460 1261 508 Dominus
1301 460 1512 509 invitatus
1546 460 1666 507 venit
1697 460 1754 508 ad

283 538 486 602 nuptias,
512 546 562 584 ut
583 535 827 599 coniugalis
860 536 1042 590 castitas
1076 545 1323 586 servaretur
1338 574 1348 592 ,
1378 545 1421 583 et
1449 535 1755 583 ostenderetur

280 623 592 663 sacramentum
605 614 857 678 nuptiarum
883 615 1000 675 (55).
1018 632 1041 657 »
1068 613 1124 659 Et
1146 612 1318 664 iterum:
1351 613 1440 659 «ln
1463 612 1657 677 nuptiis,
1684 613 1753 659 in-

280 690 400 754 quit,
437 689 555 741 bona
588 689 805 754 nuptialia
838 689 1079 752 diligantur
1120 688 1293 752 proles,
1332 688 1470 746 fides,
1507 706 1754 739 sacramen-

281 775 369 813 tum
405 767 523 827 (56);
547 786 570 811 »
608 775 651 814 et
690 764 823 822 alibi,
861 776 911 813 ut
943 774 1230 828 contraponat
1272 782 1546 829 paganorum
1580 766 1751 831 nuptiis

279 841 459 905 nuptias
481 840 767 898 christianae,
789 839 964 889 scribit:
991 841 1069 887 «In
1087 839 1430 889 christianarum
1454 842 1624 905 nuptiis
1647 841 1751 906 plus

276 916 394 967 valet
425 919 633 969 sanctitas
665 917 945 971 sacramenti,
974 933 1108 981 quam
1143 916 1418 964 foecunditas
1442 917 1555 970 uteri
1584 919 1702 979 (57).
1723 938 1746 963 »

275 993 339 1043 Ac
369 994 527 1045 ceteris
560 994 778 1045 eiusmodi
812 992 1157 1061 praetermissis,
1186 993 1274 1040 duo
1297 1004 1403 1043 sunt
1429 992 1682 1043 testimonia
1703 994 1751 1041 in

276 1069 441 1133 quibus
474 1069 571 1119 eius
605 1086 730 1121 mens
764 1069 821 1117 de
853 1068 1116 1117 sacramenti
1161 1067 1295 1115 huius
1338 1067 1521 1117 veritate
1560 1069 1752 1117 maxime

276 1145 451 1209 patefit,
480 1162 532 1195 ac
561 1162 719 1196 sensus
754 1146 799 1193 in
834 1162 923 1210 quo
955 1145 1054 1209 ipse
1087 1144 1352 1193 sacramenti
1385 1162 1538 1199 vocem
1562 1157 1751 1210 usurpat

276 1237 413 1285 agens
435 1221 493 1271 de
514 1221 720 1285 coniugio
743 1221 999 1275 christiano.
1041 1220 1233 1269 Primum
1257 1230 1349 1277 est,
1379 1221 1455 1269 ubi
1479 1222 1748 1274 matrimonii

275 1307 599 1346 sacramentum
632 1296 801 1349 confert
833 1314 933 1350 cum
963 1306 1239 1345 sacramento
1270 1295 1484 1361 baptismi
1517 1297 1745 1346 scribens:

279 1391 302 1420 α
319 1371 537 1428 Quoniam
561 1389 672 1423 sane
703 1389 790 1422 non
825 1382 993 1421 tantum
1027 1371 1303 1419 foecunditas
1319 1409 1329 1428 ,
1358 1372 1486 1419 cuius
1510 1372 1681 1428 fructus
1705 1373 1751 1421 in

272 1447 397 1512 prole
418 1458 511 1504 est;
538 1465 618 1498 nec
641 1457 811 1498 tantum
848 1447 1086 1512 pudicitia,
1115 1447 1242 1495 cuius
1264 1447 1492 1496 vinculum
1515 1460 1584 1496 est
1606 1448 1746 1505 fides3

271 1540 425 1572 verum
449 1524 582 1573 etiam
605 1523 821 1588 quoddam
841 1533 1154 1575 sacramentum
1181 1524 1433 1587 nuptiarum
1465 1524 1749 1571 commenda-

274 1611 343 1648 tur
374 1600 572 1665 fidelibus
605 1601 853 1664 coniugatis
878 1639 886 1647 .
912 1639 920 1648 .
944 1638 951 1646 .
981 1600 1124 1648 Huius
1160 1599 1454 1664 proculdubio
1490 1601 1751 1655 sacramenti

271 1693 343 1724 res
377 1687 468 1734 est,
505 1688 554 1724 ut
587 1695 683 1725 mas
717 1688 760 1725 et
793 1677 985 1727 foemina
1017 1675 1239 1725 connubio
1273 1675 1492 1740 copulati,
1530 1675 1745 1740 quamdiu

268 1753 438 1809 vivunt,
461 1753 809 1816 inseparabiliter
830 1763 1125 1817 perseverent.
1149 1790 1157 1797 .
1182 1790 1190 1798 .
1214 1752 1279 1805 lta
1297 1762 1447 1804 manet
1469 1751 1582 1800 inter
1605 1751 1753 1800 viven-

269 1839 334 1876 tes
357 1829 571 1894 quiddam
595 1829 850 1893 coniugale,
872 1830 991 1894 quod
1016 1846 1096 1877 nec
1121 1828 1367 1893 separatio,
1391 1845 1474 1876 nec
1491 1845 1592 1876 cum
1610 1827 1746 1876 altero

268 1904 488 1969 copulatio
520 1906 663 1970 possit
685 1906 880 1954 auferre:
909 1916 1058 1954 manet
1080 1915 1227 1957 autem
1250 1904 1307 1952 ad
1331 1921 1490 1953 noxam
1513 1904 1738 1961 criminis,

270 1998 355 2028 non
389 1981 446 2028 ad
478 1982 704 2031 vinculum
749 1982 966 2039 foederis,
1006 1982 1123 2030 sicut
1161 1991 1389 2046 apostatae
1432 1981 1582 2030 anima
1617 1980 1739 2033 velut

267 2057 324 2104 de
355 2057 559 2121 coniugio
591 2058 757 2106 Christi
791 2059 1026 2115 recedens,
1065 2058 1198 2107 etiam
1233 2057 1320 2104 fide
1354 2057 1550 2121 perdita,
1591 2074 1741 2109 sacra·

267 2144 460 2181 mentum
504 2134 606 2182 fidei
651 2152 737 2182 non
782 2135 967 2192 amittit,
1011 2135 1131 2200 quod
1174 2134 1349 2184 lavacro
1393 2133 1738 2197 regenerationis

268 2209 437 2274 accepit
463 2211 579 2272 (58).
601 2230 624 2256 »
651 2210 843 2259 Alterum
877 2222 946 2259 est
979 2211 1088 2259 illud
1124 2211 1169 2260 in
1204 2227 1294 2275 quo
1327 2210 1583 2272 coniugium
1618 2225 1737 2257 com-

267 2296 394 2348 parat
425 2303 525 2333 cum
559 2298 832 2335 sacramento
865 2287 1173 2336 ordinationis.
1202 2286 1375 2336 Etenim
1407 2295 1644 2349 postquam
1667 2285 1737 2332 di-

265 2362 426 2418 xisset,
452 2372 502 2410 ut
523 2362 768 2419 retulimus,
795 2365 999 2411 «Bonum
1024 2363 1277 2427 nuptiarum
1302 2380 1382 2427 per
1403 2378 1557 2411 omnes
1579 2372 1732 2424 gentes

358 2502 423 2542 (⁵4)
445 2503 544 2543 Epist.
561 2504 715 2535 evan.
726 2502 774 2535 ad
787 2504 966 2535 Rusticum
977 2502 1182 2535 narbonens.
1197 2503 1297 2543 episc.
1312 2502 1345 2534 in
1360 2510 1442 2543 resp.
1456 2501 1498 2534 ad
1512 2501 1658 2542 inquisit,
1672 2503 1728 2534 lv.

263 2555 312 2586 ed.
331 2554 480 2587 Ballerin.
497 2556 575 2588 tom.
593 2557 619 2587 Ι.
635 2555 697 2588 col.
717 2558 806 2588 1422.

360 2607 426 2646 (55)
450 2609 562 2640 Tract.
577 2610 631 2640 lx.
649 2609 682 2640 in
701 2610 749 2641 10.
764 2617 799 2640 n.
817 2613 846 2641 2.

360 2660 425 2700 (56)
446 2660 516 2691 Lib.
535 2662 559 2692 1.
580 2662 629 2693 De
644 2663 743 2702 nupt.
765 2663 798 2693 et
817 2662 1009 2702 concupisc.
1027 2670 1055 2693 c.
1073 2662 1156 2693 xvl.
1172 2669 1204 2693 n.
1223 2665 1271 2694 19.

357 2712 423 2753 (57)
444 2711 514 2744 Lib.
537 2715 585 2744 De
601 2713 685 2746 bono
700 2714 876 2755 coniuyali
897 2723 925 2745 c.
942 2715 1057 2746 leli.
1079 2723 1111 2746 n.
1135 2719 1183 2747 21.

358 2765 424 2805 (58)
445 2764 516 2797 Lib.
534 2766 559 2797 1.
581 2767 629 2797 De
650 2768 747 2807 nupt.
763 2776 791 2799 e.
809 2771 848 2800 X.
863 2776 895 2799 n.
917 2772 963 2800 11.
