1912 3180
241 211 329 256 436
494 226 573 256 un.
603 224 632 255 ι.
661 223 775 255 secr.
805 223 976 255 Arrenii.
1005 224 1057 256 m:
1092 225 1265 258 mrum.
1294 225 1435 258 c1v1m.

238 301 348 349 licae
371 303 427 347 an
452 299 605 347 deceat
638 316 689 346 ac
722 299 930 364 expediat
962 300 1155 348 tribuere
1187 301 1369 350 effectus
1403 301 1558 350 civiles
1592 319 1699 352 con-

238 376 440 439 iugibus,
479 374 558 439 qui
593 374 759 438 degunt
792 375 838 422 in
871 375 1183 424 concubinatu.

331 451 444 498 Ante
477 451 713 498 concilium
749 451 1034 499 tridentinum
1069 451 1274 515 coniugia
1306 451 1580 501 clandestina
1611 471 1699 501 non

237 525 632 583 contrahebantur,
670 537 720 573 ut
752 527 959 591 opinatur
991 528 1299 584 adversarius,
1332 528 1453 576 iuxta
1484 530 1604 594 leges
1634 530 1699 577 ci-

235 603 362 649 viles.
402 602 655 649 Absurdum
690 603 858 667 quippe
891 614 958 650 est
977 603 1140 650 ¹dicere
1172 603 1229 650 ad
1269 621 1469 651 normam
1502 605 1697 652 civilium

236 678 382 741 legum
416 677 682 725 celebratum
717 677 855 725 fuisse
889 677 1167 741 coniugium,
1208 678 1328 743 quod
1362 678 1700 727 contrahebatur

236 763 426 809 secreto,
467 767 518 800 ac
553 753 651 800 sine
681 752 786 800 ullis
819 752 1028 809 testibus;
1062 763 1104 800 et
1135 752 1219 800 hac
1242 753 1298 800 de
1320 771 1457 802 causa
1490 764 1552 802 tot
1591 756 1701 803 orie·

234 829 418 886 bantur,
447 840 497 876 ut
517 828 728 884 vidimus,
753 828 964 875 scandala
982 839 1029 875 *et
1052 828 1330 876 incommoda
1354 829 1517 894 quibus
1542 830 1695 888 fiebat,

234 916 284 952 ut
316 923 405 953 non
439 905 570 969 pauci
605 904 795 969 separati
820 922 847 950 a
868 921 972 952 vera
1001 904 1211 968 coniuge,
1245 922 1346 952 cum
1376 905 1464 953 alia
1491 907 1701 970 coniuge-

235 992 386 1029 rentur
408 982 452 1028 in
478 981 590 1028 facie
613 980 828 1028 ecclesiae
851 998 902 1028 ac
927 980 972 1026 in
998 987 1209 1045 perpetuo
1232 981 1451 1029 adulterio
1475 982 1694 1040 viverent,

234 1067 283 1104 ut
300 1056 475 1105 silentio
498 1065 766 1120 praeteream
790 1056 995 1121 nuspiam
1023 1056 1114 1103 fere
1143 1067 1247 1104 tunc
1266 1057 1475 1121 temporis
1498 1057 1618 1121 leges
1641 1058 1701 1105 ci-

234 1133 346 1180 viles
370 1132 426 1179 de
450 1132 613 1197 quibus
642 1132 805 1195 agitur,
839 1132 1058 1195 viguisse,
1092 1150 1144 1180 ac
1173 1133 1385 1181 rationem
1409 1134 1698 1183 contrahendi

175 1215 177 1218 ⁴
235 1209 445 1272 coniugia
485 1207 766 1256 clandestina
810 1208 1001 1255 maxime
1040 1208 1182 1256 fuisse
1225 1209 1431 1257 idoneam
1474 1210 1530 1257 ad
1578 1210 1700 1274 leges

236 1285 389 1332 civiles
423 1284 685 1332 eludendas.

332 1362 520 1426 Insuper
559 1361 745 1408 assumit
784 1361 1066 1409 adversarius
1106 1373 1155 1409 ut
1191 1373 1379 1420 certum,
1424 1362 1543 1427 quod
1578 1363 1699 1410 iuxta

235 1437 497 1485 catholicam
537 1437 782 1485 doctrinam
821 1448 889 1484 est
922 1455 1104 1502 prorsus
1145 1437 1328 1486 falsum:
1369 1439 1538 1486 scilicet
1571 1443 1702 1486 assu-

235 1514 564 1576 mitconiugiis
596 1514 686 1561 illis
717 1514 1006 1562 clandestinis
1038 1514 1236 1562 defuisse
1267 1515 1530 1562 sacramenti
1555 1515 1701 1578 digni-

236 1601 391 1647 tatem;
420 1601 464 1637 at
495 1608 619 1648 vero,
657 1590 721 1637 uti
751 1590 1052 1646 ostendimus,
1080 1590 1268 1637 ecclesia
1298 1590 1375 1637 illa
1403 1590 1559 1638 habuit
1588 1600 1700 1638 tam-

235 1683 369 1730 quam
402 1681 507 1713 vera
549 1676 840 1712 sacramenta.
880 1664 951 1712 Sic
986 1665 1117 1712 etiam
1152 1665 1313 1712 salsum
1347 1676 1415 1712 est
1448 1666 1568 1730 quod
1602 1666 1701 1730 ipse

236 1759 411 1788 rursum
447 1741 662 1797 affirmat,
701 1741 933 1789 ecclesiam
969 1758 1022 1788 ea
1055 1759 1143 1788 non
1178 1741 1392 1788 habuisse
1430 1752 1478 1789 ut
1517 1741 1695 1798 illicita,

235 1817 470 1864 inhonesta
489 1834 540 1863 ac
559 1816 725 1881 turpia;
764 1816 987 1881 siquidem
1021 1815 1257 1863 conci-lium
1286 1816 1573 1864 tridentinum
1596 1834 1702 1864 con-

235 1892 417 1939 trarium
450 1893 580 1958 plane
613 1901 822 1949 testatur,
860 1892 964 1939 dum
994 1892 1227 1958 ‘profitetur
1265 1892 1498 1940 ecclesiam
1530 1893 1612 1939 Dei
1646 1911 1702 1940 ex

233 1969 482 2015 iustissimis
527 1971 668 2017 causis
703 1969 783 2016 illa
823 1986 986 2033 semper
1025 1968 1273 2015 detestatam
1311 1986 1398 2015 esse
1437 1978 1562 2033 atque
1598 1986 1703 2033 pro-

237 2045 438 2092 hibuisse.
715 2043 717 2045 ’
919 2048 922 2049 ’

329 2121 557 2169 Absonum
593 2139 723 2187 porro
756 2133 892 2170 estet
919 2139 1150 2169 erroneum
1186 2121 1304 2186 quod
1335 2122 1498 2170 adiecit
1530 2132 1696 2178 orator,

172 2257 175 2261 Ι
234 2215 367 2262 posse
395 2198 527 2245 etiam
560 2209 661 2263 post
692 2198 927 2246 concilium
962 2198 1249 2245 tridentinum
1272 2197 1466 2261 legitime
1489 2197 1698 2245 celebrari

233 2273 514 2321 matrimonia
537 2312 546 2330 ,
592 2274 629 2321 si
673 2274 878 2339 princeps
921 2273 1166 2321 catholicus
1210 2272 1317 2320 velit
1355 2273 1400 2319 in
1442 2289 1576 2335 regno
1617 2290 1699 2319 suo

233 2348 398 2396 formae
421 2367 448 2396 a
471 2348 659 2396 concilio
684 2349 974 2413 praestitutae
998 2348 1131 2395 aliam
1158 2348 1419 2411 subrogare,
1449 2348 1486 2394 si
1511 2346 1628 2394 idem
1653 2348 1701 2394 fi—

234 2424 306 2471 nis
331 2425 580 2472 obtineatur
609 2424 882 2488 impediendi
912 2424 1196 2472 matrimonia
1219 2423 1517 2470 clandestina:
1545 2423 1698 2487 ecquis

232 2500 350 2547 enim
385 2502 593 2565 princeps
630 2501 725 2548 sive
759 2500 1003 2547 catholicus
1028 2500 1123 2548 sive
1145 2499 1417 2547 acatholicus
1442 2509 1585 2563 potest
1613 2498 1698 2545 sibi

232 2593 437 2639 arrogare
481 2586 743 2641 potestatem
778 2594 914 2641 supra
948 2576 1187 2623 concilium
1222 2575 1551 2624 oecumenicum
1570 2613 1580 2631 ,
1620 2592 1699 2622 seu

231 2668 367 2715 supra
401 2652 635 2700 ecclesiam
669 2652 994 2709 universalem,
1030 2652 1316 2718 proponendo
1346 2651 1480 2698 aliam
1511 2651 1696 2698 formam

231 2725 287 2771 ab
319 2743 371 2772 ea
406 2727 627 2775 diversam
661 2746 795 2793 quam
829 2728 1020 2776 ecclesia
1060 2726 1327 2776 constituit?
1361 2726 1446 2782 Qui
1487 2726 1571 2774 hoc
1614 2727 1698 2772 im-

228 2802 425 2865 prudens
460 2803 667 2861 blaterat,
691 2804 834 2868 palam
860 2822 908 2852 se
933 2805 1137 2867 ignorare
1159 2802 1372 2868 'patefacit
1395 2803 1510 2850 hanc
1540 2802 1697 2849 doctri-

1900 2733 1909 2772 -'‘·
1898 2166 1912 2714 -*—m—-—-a——--—a—--—
1908 2125 1912 2135 -
1910 2097 1912 2109 -
