1918 3186
370 168 475 226 'clia
506 196 551 227 11.
580 195 632 227 nr
657 194 866 227 tumsrno.
899 196 989 227 Aur.
1020 197 1049 227 1.
1081 196 1249 234 Quinsr.
1280 196 1418 228 omeo.
1573 185 1631 229 67

159 273 251 319 sere
285 272 434 319 secula
467 271 696 320 exclusive⁴
721 272 863 334 viguit
897 274 942 319 in
976 273 1192 331 ecclesia,
1237 275 1337 338 ipso
1372 274 1492 322 Cano
1527 285 1635 324 teste

160 347 246 394 hoc
264 347 363 412 ipso
379 347 458 394 lib.
475 348 591 394 VIII.
613 364 712 411 cap.
731 347 800 393 lV.
818 357 862 394 et
878 348 925 393 V.
944 366 1031 396 non
1051 350 1195 413 potuit
1212 367 1299 398 non
1317 367 1419 398 esse
1436 350 1636 399 doctrina

160 423 376 472 ecclesiae
398 423 560 488 ipsius.
584 422 712 479 Quod
738 422 775 470 si
802 423 1057 472 scholastici
1092 426 1150 473 ad
1185 444 1325 474 unum
1358 444 1512 475 omnes
1536 445 1636 475 con-

161 500 399 548 stituerunt
423 499 664 547 essentiam
687 500 959 547 <sacramenti
990 502 1260 550 matrimonii
1284 503 1331 550 in
1355 514 1507 552 mutuo
1530 522 1637 552 con-

161 574 427 623 trahentium
462 591 686 622 consensu
703 613 713 631 ,
752 575 947 639 profecto
981 593 1069 623 non
1103 577 1215 627 alios
1248 578 1453 627 eiusdem
1487 597 1636 628 sacra-

158 649 293 698 menti
329 649 558 697 ministros
606 668 740 715 quam
784 650 1094 699 contrahentes
1117 690 1127 709 ,
1166 670 1246 700 nec
1279 653 1414 701 aliam
1448 654 1634 704 formam

155 735 333 789 praeter
348 725 484 773 verba
502 726 667 791 quibus
686 726 949 791 exprimitur
965 744 1228 783 consensus,
1241 736 1454 792 quaerere
1466 730 1535 778 fas
1547 741 1629 779 est.

253 802 465 866 Superest
492 813 541 849 ut
567 802 872 867 expendamus
902 812 1048 849 utrum
1079 802 1234 850 saltem
1262 804 1498 852 concilium
1534 823 1636 870 pro-

158 877 348 926 vinciale
390 878 671 934 coloniense,
710 878 832 944 quod
871 878 1141 926 celebratum
1178 889 1246 927 est
1275 897 1350 927 an.
1382 882 1522 927 1536.
1553 882 1636 929 sub

157 953 494 1019 archiepiscopo
510 955 781 1011 Hermanno,
806 964 960 1018 postea
987 955 1218 1003 lutherano
1239 966 1462 1020 apostata,
1491 974 1636 1005 reces-

159 1030 266 1077 serit
282 1048 309 1077 a
326 1031 575 1086 communi,
599 1030 841 1077 immovero
864 1030 1064 1077 unanimi
1087 1030 1391 1094 theologorum
1408 1031 1630 1088 doctrina,

158 1117 206 1152 ut
236 1106 462 1154 contendit
495 1106 660 1154 Canus.
684 1106 766 1154 Hic
798 1107 918 1153 enim
948 1106 1102 1154 scribit
1127 1106 1300 1155 loc.cit.
1321 1109 1500 1156 «Patres
1531 1109 1634 1156 item

154 1181 336 1229 concilii
371 1181 643 1229 coloniensis
676 1192 826 1246 aperte
861 1182 1140 1239 inficiantur,
1181 1182 1507 1231 clandestinum
1541 1202 1636 1231 ma-

157 1257 415 1305 trimonium
450 1275 552 1306 esse
587 1258 767 1322 proprie
796 1268 1146 1305 sacramentum:
1185 1269 1319 1324 atque
1354 1259 1488 1307 iidem
1524 1277 1635 1325 quo-

158 1351 247 1399 que
271 1350 359 1381 non
384 1333 571 1382 obscure
613 1344 843 1390 asserunt,
881 1333 1002 1381 aliud
1035 1352 1135 1382 esse
1169 1335 1373 1392 verbum,
1411 1353 1500 1400 quo
1531 1353 1638 1383 con-

159 1410 348 1458 trahitur
395 1411 727 1458 matrimonium
757 1448 768 1466 ,
811 1409 973 1466 aliud,
1024 1410 1145 1475 quod
1184 1411 1322 1458 efficit
1364 1411 1633 1459 matrimonii

158 1497 508 1535 sacramentum:
548 1504 629 1534 nec
663 1487 771 1534 satis
806 1504 906 1534 esse
941 1486 998 1534 ad
1033 1498 1355 1535 sacramentum
1388 1505 1442 1535 ea
1474 1487 1630 1544 verba,

159 1562 323 1628 quibus
358 1573 538 1612 mutuus
572 1580 822 1611 consensus
856 1564 1143 1629 exprimitur,
1181 1564 1260 1612 sed
1295 1563 1417 1612 aliud
1450 1564 1634 1612 verbum

158 1639 495 1704 requirendum,
527 1639 671 1704 quod,
693 1650 741 1687 ut
765 1640 811 1686 in
829 1640 985 1688 ceteris
1014 1640 1302 1688 sacramentis
1331 1640 1546 1688 accedens
1577 1641 1632 1687 ad

154 1714 422 1763 elementum
457 1715 588 1764 faciat
621 1726 969 1772 sacramentum;
1000 1717 1119 1782 quod
1142 1717 1295 1782 utique
1318 1717 1501 1764 verbum
1528 1717 1631 1763 fide1

157 1801 246 1847 est,
281 1809 369 1838 non
404 1801 603 1839 naturae.
628 1791 825 1848 Quorum
859 1793 1122 1841 sententiam
1157 1793 1203 1839 in
1237 1792 1321 1840 hoe
1353 1793 1536 1840 difficile
1566 1803 1635 1840 est

161 1865 274 1913 sactu
308 1884 395 1915 non
430 1868 666 1933 probare.»

256 1942 374 1990 Haec
412 1944 594 2008 quidem
627 1944 803 2001 Canus;
847 1955 916 1992 ast
958 1945 1072 1992 nihil
1107 1945 1192 1992 tale
1227 1944 1360 1992 habet
1393 1943 1629 1991 concilium

160 2015 437 2074 coloniense,
467 2021 587 2084 quod
621 2031 718 2069 octo
753 2022 897 2086 capita
920 2021 977 2069 de
999 2021 1281 2068 matrimonio
1310 2019 1626 2084 complectitur.

160 2092 227 2138 Ad
262 2093 359 2140 eius
393 2095 568 2142 concilii
615 2097 951 2160 intelligentiam
991 2097 1265 2162 praemittam
1307 2113 1488 2143 necesse
1527 2106 1627 2151 est,

156 2169 279 2233 quod
315 2170 480 2234 passim
507 2170 755 2227 insinuavi,
783 2190 941 2237 nempe
963 2182 1285 2220 sacramentum
1319 2172 1452 2219 etiam
1486 2172 1634 2219 valide

160 2246 404 2293 confectum
423 2247 607 2309 gratiam
627 2265 714 2295 non
733 2248 930 2295 conferre
949 2259 1124 2313 propter
1139 2248 1327 2303 obicem,
1352 2247 1469 2294 hunc
1487 2258 1631 2295 autem

160 2323 288 2386 poni,
328 2323 366 2370 si
401 2323 571 2388 absque
603 2323 911 2371 benedictione
944 2324 1186 2372 sacerdotis
1220 2324 1500 2389 suscipiatur.
1536 2324 1633 2379 Qua

160 2399 542 2446 animadversione
584 2400 829 2464 praemissa
850 2439 860 2456 ,
910 2400 1038 2448 facile
1070 2410 1138 2448 est
1169 2401 1402 2448 ostendere
1437 2399 1551 2446 nihil
1586 2400 1630 2445 in

159 2474 346 2522 concilio
377 2474 620 2522 coloniensi
665 2475 818 2522 haberi
854 2475 972 2541 quod
1006 2475 1126 2523 Cano
1168 2476 1324 2523 faveat.
1366 2475 1538 2521 Etenim
1586 2475 1629 2521 in

158 2566 255 2614 cap.
280 2550 364 2597 XL.
387 2551 507 2615 quod
535 2551 666 2598 unice
689 2551 745 2598 ad
772 2569 863 2598 rem
891 2561 1165 2616 praesentem
1191 2550 1315 2605 facit,
1344 2550 1453 2597 haec
1478 2550 1630 2612 legun-

161 2635 253 2672 tur:
296 2647 318 2671 «
341 2627 468 2683 Quod
503 2639 847 2684 sacramentum,
873 2629 910 2675 si
931 2629 1032 2693 quis
1049 2667 1058 2684 ,
1081 2629 1195 2675 sicut
1213 2627 1360 2683 decet,
1383 2627 1624 2692 acceperit,

161 2701 378 2750 accedente
411 2703 673 2751 sacerdotali
710 2706 982 2769 precatione,
1020 2704 1187 2750 confert
1220 2703 1382 2750 donum
1418 2703 1623 2769 Spiritus,

163 2793 250 2839 quo
282 2777 350 2823 vir
382 2777 538 2839 diligat
570 2796 747 2826 uxorem
778 2796 925 2826 amore
947 2788 1092 2832 casto,
1115 2778 1228 2825 sicut
1245 2778 1447 2826 Christus
1470 2779 1625 2825 dilexit

1502 2857 1527 2881 κ
